2774 5056
392 306 449 369 DE
470 306 694 368 sacnnucn
715 306 1058 371 ouunnnmonu.
1264 312 1328 371 m

128 465 267 529 charistia
293 466 479 544 perceptione
505 465 762 536 communicarent,
794 485 853 541 quo
880 467 916 527 sd
950 486 1001 528 eos
1028 467 1204 527 sanctissimi
1237 466 1328 544 hujus

127 562 258 623 sacrificii
279 561 387 622 fructus
408 563 522 622 uberior
538 563 718 641 proreuiret;
747 576 804 623 nec
824 564 970 633 tameu,si
991 562 1022 623 id
1041 581 1102 623 nnn
1127 581 1244 641 semper
1262 564 1327 632 aar,

127 669 277 740 propterea
289 659 400 719 Missas
414 659 488 728 illas,
502 660 651 734 inquibus
665 659 745 720 solus
759 660 892 721 sacerdos
906 659 1147 721 sacramentaliter
1161 660 1325 721 commuui-

127 766 227 825 catut
249 756 373 834 privatas
393 766 423 816 et
443 756 556 816 illicitas
576 756 701 827 damnat,
716 757 769 816 sod
786 759 896 836 probat,
917 769 1003 833 atque
1022 757 1094 817 adeo
1120 757 1327 829 commendate

128 852 269 928 siquidem
285 853 342 912 illae
355 872 470 928 quoque
486 853 587 912 Missas
601 872 668 913 vere
681 874 850 915 communes
864 856 976 915 censeri
997 853 1110 922 debent,
1126 855 1229 930 partim
1245 853 1326 928 quod

128 951 156 1012 iu
164 951 208 1011 eis
217 951 343 1029 populus
351 951 535 1029 spiritualiter
546 952 749 1035 communicet.
759 954 861 1031 partim
871 952 937 1013 verb
948 951 1024 1027 quod
1034 971 1051 1010 a
1062 951 1176 1029 publico
1185 951 1327 1011 Ecclesia

129 1047 260 1109 ministro
282 1067 341 1109 non
366 1069 418 1127 pro
440 1067 472 1107 se
497 1059 615 1117 tautum,
634 1048 686 1108 sed
708 1069 760 1127 pro
782 1052 915 1110 omnibus
937 1050 1079 1118 fidelibus,
1094 1049 1145 1123 qui
1165 1048 1200 1108 ad
1221 1066 1328 1126 corpus

131 1145 239 1205 Christi
250 1146 402 1224 pertinent,
416 1145 640 1205 celebrentur.”¹
680 1156 700 1185 ‘⁴
711 1147 744 1206 si
758 1148 823 1221 quis
836 1147 949 1217 dixerit,
962 1148 1071 1207 Missas
1084 1146 1115 1205 iu
1129 1146 1232 1220 quibus
1246 1145 1328 1207 solus

132 1241 263 1303 sacerdos
284 1243 525 1302 sacramentaliter
543 1243 736 1303 communicat
757 1244 870 1304 illicitas
890 1263 966 1314 esse,
987 1243 1111 1317 ideoque
1132 1243 1327 1321 abrogandasr

130 1340 377 1401 mathemcsit.”¹
453 1322 462 1337 ’

635 1534 819 1578 ΡΒΟΡΟΕῙΤῙΟ.

167 1670 322 1734 Macaria
335 1670 535 1752 quibursolus
549 1673 684 1734 sacerdos
700 1675 900 1736 communicat
912 1675 1002 1736 licita
1017 1682 1099 1736 aunt.

168 1771 321 1833 Probatur
335 1770 361 1831 Ι.
378 1790 414 1832 ea
427 1776 538 1831 natura
552 1772 694 1852 sacrificii
707 1773 908 1834 suebariatiar’.

169 1872 219 1930 99.
241 1868 345 1928 Omnis
359 1869 492 1928 sacrfficii
506 1880 604 1927 natura
618 1869 648 1927 in
662 1888 697 1928 eo
710 1870 764 1927 sita
778 1885 822 1928 est
835 1880 866 1929 ut
879 1870 944 1929 Deo
955 1870 1089 1930 offeratur
1101 1872 1214 1931 victima
1228 1892 1236 1930 ι
1259 1872 1329 1932 oil'e·

132 1966 217 2025 rantis
232 1966 412 2044 privilegium
426 1975 471 2024 est
483 1967 546 2042 ejus
560 1966 622 2024 deri
636 1968 860 2044 particepsque
870 1967 935 2044 jure
944 1967 1074 2026 fruuntur
1089 1967 1137 2026 alii
1152 1967 1187 2026 ad
1203 1969 1325 2028 victimae

133 2082 230 2124 carnes
244 2063 456 2123 manducandas
469 2063 599 2122 admissi.
641 2063 835 2124 Eucharistici
849 2075 945 2123 autem
958 2065 1092 2124 sacrificii
1107 2077 1206 2123 natura
1220 2066 1249 2124 in
1265 2085 1327 2125 cor-

60 2219 63 2221 ,
134 2176 201 2237 pure
212 2169 242 2219 et
251 2160 393 2237 sanguiue
402 2158 512 2218 Christi
524 2159 625 2219 oblatis
635 2159 789 2237 positaest.
812 2159 896 2219 Nihil
903 2179 971 2238 ergo
982 2161 1075 2220 obstat
1083 2161 1152 2234 quin
1163 2161 1330 2229 celebretur,

132 2255 269 2317 llestnmr
282 2257 378 2316 adsint
391 2257 441 2330 qui
455 2257 518 2333 ejus
540 2256 611 2315 fiant
630 2256 801 2334 participes:
824 2258 986 2335 proecipuus
1008 2258 1086 2316 enim
1107 2257 1173 2316 finis
1195 2258 1329 2316 sacrificii

132 2352 282 2421 obtinetur,
294 2362 326 2412 ut
337 2352 402 2412 Deo
414 2371 544 2412 summus
556 2354 692 2412 tribuatur
702 2353 805 2421 cultus,
817 2352 1038 2412 etsecundarius
1049 2353 1134 2412 etiam
1146 2363 1178 2412 ut
1190 2353 1328 2430 placetur,

134 2453 247 2513 vistim
259 2452 353 2513 oblata
366 2453 402 2511 ob
417 2452 568 2511 hominum
583 2455 723 2529 peccata.⁸

171 2548 326 2611 Probatur
339 2548 383 2609 II.
399 2567 435 2609 aa
449 2549 599 2609 constanti
613 2547 755 2609 Ecclesia
768 2565 838 2608 usu.

174 2651 240 2707 rec.
265 2647 388 2724 Semper
400 2645 491 2705 luisse
504 2644 741 2731 consuetudinem
752 2645 923 2705 sacrificium
935 2645 1095 2705 celebrandi
1108 2643 1249 2720 quotidie,
1263 2645 1331 2706 licet

134 2742 293 2826 raptatus
307 2763 365 2804 non
378 2743 472 2804 lerant
485 2744 535 2818 qui
548 2745 780 2804 communionem
791 2744 980 2822 susciperent,
990 2753 1102 2804 constat
1112 2763 1149 2804 ex
1161 2744 1328 2805 indubitatis

134 2843 326 2911 monumentis
336 2841 520 2916 antiquitatis.
563 2840 791 2918 chrysostomus
803 2840 986 2919 reprehendit
994 2860 1044 2901 eos
1054 2842 1103 2915 qui
1117 2842 1208 2901 semel
1220 2852 1330 2903 tantum

133 2941 164 3003 in
189 2955 267 3002 suno
292 2939 559 3000 communicabantr
590 2948 610 2976 ‘⁶
623 2939 787 3007 Quomodo,
814 2939 939 3014 inquies,
960 2939 1015 2998 ista
1041 2941 1229 3017 perpetimur,
1262 2958 1328 3000 cum

135 3039 225 3099 umal
245 3047 355 3097 tantum
380 3055 432 3113 per
456 3054 561 3094 annum
583 3055 617 3094 ea
641 3045 818 3095 sacramenta
837 3035 1009 3095 sumamus?
1051 3035 1119 3095 Hoc
1147 3055 1252 3113 nempe
1275 3048 1331 3104 est,

136 3136 210 3210 ouon
225 3136 359 3197 universa
377 3134 539 3213 perturbat:
563 3135 630 3208 quia
649 3154 708 3194 nou
722 3134 860 3193 munditia
875 3134 972 3203 animi,
987 3153 1087 3194 verum
1100 3134 1247 3193 intervallo
1263 3145 1333 3195 tem·

136 3236 212 3314 poris
226 3233 355 3312 longiore
366 3243 496 3292 constare
510 3234 643 3291 meritum
659 3243 751 3309 putas,
766 3251 968 3306 summamque
987 3233 1129 3292 arbitraris
1144 3233 1330 3295 reverentiam

135 3331 348 3410 screligionem
373 3349 449 3398 esse,
472 3329 499 3389 si
522 3349 581 3389 nou
604 3330 710 3406 sapius
733 3328 877 3387 calestem
891 3327 977 3387 adeas
1000 3328 1178 3388 mensam.”⁴
1217 3329 1280 3389 Eos
1297 3348 1329 3388 se

137 3427 263 3489 fraudare
288 3427 429 3488 beneficio
454 3426 589 3486 divinitus
614 3426 709 3487 oblato
733 3425 880 3500 queritur:
905 3436 925 3464 “
938 3426 1055 3485 Frustra
1074 3435 1120 3483 est
1133 3424 1331 3499 quotidianum

140 3525 322 3587 muncrum.
363 3525 481 3585 Frustra
501 3523 647 3583 adstamus
668 3523 768 3583 altari:
790 3541 876 3582 nemo
890 3523 996 3597 estqui
1012 3521 1208 3600 participet.”⁵
1247 3521 1333 3582 Illum

140 3619 306 3683 Graccrum
325 3621 514 3700 plurimorum
535 3620 698 3698 neglectum
718 3619 851 3698 reprobat
865 3629 964 3678 auctor
983 3619 1116 3692 antiquus
1140 3619 1277 3679 librorum
1298 3619 1334 3679 de

144 3714 352 3779 Sacrameutis:
374 3718 439 3776 “Si
463 3716 646 3792 quotidianus
666 3726 711 3775 est
730 3716 825 3794 panis,
847 3734 898 3774 cur
918 3723 984 3792 post
1003 3733 1109 3774 aunum
1134 3715 1216 3774 illum
1231 3717 1334 3787 sumis,

147 3798 384 3888 quemadmodum
400 3816 495 3876 Graeci
509 3816 540 3876 in
552 3816 670 3874 Oriente
684 3815 776 3877 iacere
796 3824 1004 3876 consueverunt
1016 3811 1062 3872 l”⁸
1101 3813 1263 3876 Ferrandus
1278 3815 1336 3875 dia·

168 4032 213 4102 (1)
232 4032 300 4085 Seu.
310 4031 376 4083 xxii.
392 4047 447 4097 cap.
458 4031 492 4082 vi.

168 4115 467 4186 (2)1bidem0arr.riii.
1226 4132 1238 4165 ι

162 4201 214 4274 (ι)
233 4204 316 4255 «uus
326 4204 450 4256 aaran
463 4203 594 4257 casnm
606 4188 688 4258 noca
698 4206 718 4256 ιι
731 4205 760 4266 a,
771 4203 854 4255 ausu
871 4202 1007 4267 οιιιιιωρι
1024 4201 1052 4252 ra
1067 4201 1244 4252 munnam
1260 4201 1337 4253 aratur

114 4288 221 4353 wttrld,
232 4290 282 4341 and
293 4290 384 4341 retains
395 4289 476 4341 Gou’s
486 4293 540 4342 lova
550 4293 587 4343 ior
598 4292 640 4344 his
648 4290 775 4343 Charcln'’
799 4289 874 4340 'l'ract
885 4291 925 4339 81.
943 4287 1064 4340 Doctrina
1079 4286 1112 4357 of
1123 4286 1163 4340 tlre
1175 4284 1338 4339 Eucharistic

114 4361 258 4447 ⁸⁰0¹ssoe
274 4377 363 4440 aaa,
374 4394 399 4444 r·
411 4382 435 4428 ⁷·
464 4433 466 4436 .

157 4458 216 4530 (4)
236 4463 313 4515 Hom.
326 4480 349 4514 v.
361 4464 388 4515 in
400 4463 418 4515 i.
429 4463 496 4515 Tim.

134 4606 139 4612 ,
155 4545 219 4618 (5)
237 4550 315 4604 Hom.
325 4550 359 4603 iii.
370 4551 397 4601 iu
408 4567 448 4617 ep.
457 4551 564 4617 chph.
1353 4558 1356 4563 '

153 4629 220 4704 (8)
238 4633 268 4688 1..
279 4635 340 4688 ade
349 4634 403 4688 Sec.
415 4651 437 4687 c.
448 4635 481 4687 iv.
1318 4544 1376 4766 1
