2774 5056
506 325 564 385 DE
583 324 886 388 saumuro.

600 807 741 872 'CAPUT
755 810 785 872 1.

487 1000 542 1052 on
568 999 903 1052 sicanusuuo.

599 1185 783 1228 ΗΟΡΟΕῙΤΙΘ.

141 1323 336 1404 Coafimrotio
351 1331 393 1384 est
405 1343 510 1385 oerum
523 1344 558 1385 ae
567 1325 724 1404 proprium
741 1323 976 1386 Soumuentum.

136 1422 287 1482 Probatur
301 1422 327 1482 1.
343 1442 380 1484 cs
396 1422 570 1503 Scripturia

136 1525 166 1579 4.
199 1522 271 1581 Post
293 1521 408 1581 relatam
429 1522 631 1580 Samaritarum
650 1521 685 1580 ad
708 1521 795 1581 fidem
816 1521 1031 1581 conversionem
1057 1520 1152 1597 pergit
1172 1517 1287 1577 Lucas:

99 1627 119 1654 ‘⁸
130 1637 196 1678 cum
210 1629 302 1678 autem
317 1618 463 1677 audissent
474 1619 617 1696 Apostoli,
638 1621 688 1693 qui
707 1630 787 1679 eraut
806 1620 1010 1696 lerosolymis,
1030 1616 1109 1692 quod
1128 1617 1289 1694 recepisset

97 1715 226 1773 Samaria
244 1717 361 1774 verbum
383 1716 448 1785 Dei,
469 1717 608 1775 miseruut
633 1716 666 1775 sd
688 1736 739 1775 eos
759 1717 876 1776 Petrum
904 1727 933 1775 et
951 1715 1105 1774 loannem.
1147 1714 1287 1781 Quicum

96 1814 252 1881 venisseut,
266 1824 417 1873 oraverunt
430 1834 481 1892 pro
495 1814 577 1892 ipsis,
592 1824 623 1872 ut
642 1816 803 1892 acciperent
822 1814 959 1893 Spiritum
981 1814 1134 1872 Sanctum:
1156 1809 1286 1871 nondum

96 1910 174 1968 euim
188 1910 217 1968 in
239 1929 410 1984 quemquam
423 1911 536 1969 illorum
550 1922 674 1979 venerat,
688 1910 740 1968 sed
759 1911 894 1988 baptizati
908 1919 1015 1967 tantum
1029 1918 1108 1966 eraut
1121 1908 1152 1965 in
1166 1906 1285 1966 nomine

96 2007 216 2073 Domini
228 2008 309 2068 Jesu.
341 2009 425 2067 Tunc
436 2009 619 2086 imponebant
628 2027 728 2066 manus
737 2027 824 2085 super
833 2008 909 2076 illos,
923 2019 952 2066 et
961 2006 1135 2084 accipiebant
1146 2004 1287 2082 Spiritum

11 2177 16 2187 .
96 2105 279 2164 Sanctum.”²
318 2105 423 2179 Liquet
440 2105 517 2164 illam
531 2124 665 2163 manuum
680 2107 893 2183 impositionem
906 2106 994 2163 fuisse
1013 2103 1173 2181 Apostolici
1186 2102 1287 2160 minis·
1327 2178 1329 2185 Ι

96 2203 158 2261 terii
171 2220 285 2271 munus,
301 2202 376 2276 quod
392 2203 544 2280 Philippus
558 2221 693 2280 peragere
715 2221 773 2261 non
785 2202 912 2270 valebat3
934 2219 992 2276 quo
1006 2210 1100 2260 tamen
1115 2197 1285 2276 indigebant
1322 2194 1328 2203 '

96 2298 205 2366 fideles,
220 2309 251 2357 ut
264 2300 371 2375 Spiritu
386 2299 491 2358 Sancto
504 2300 710 2366 roborarentur,
725 2299 845 2375 ejusque
857 2306 1025 2375 augerentur
1034 2295 1128 2355 donis.
1170 2292 1285 2354 Nisidc

94 2415 212 2456 munere
226 2398 392 2475 Apostolico
406 2408 544 2475 ageretur,
559 2396 635 2455 nulla
655 2396 707 2454 tuit
721 2397 792 2454 ratio
805 2415 856 2454 cur
869 2396 1001 2473 Apostoli
1021 2395 1074 2454 iter
1093 2394 1286 2471 susciperent,

95 2495 207 2553 utillud
221 2496 341 2563 obirent,
356 2514 409 2553 neo
425 2506 576 2573 potuerunt
590 2507 665 2552 tanta
677 2513 742 2553 cum
759 2494 863 2552 fiducia
876 2513 977 2552 manus
991 2494 1138 2571 imponere
1150 2503 1178 2549 et
1192 2506 1285 2560 orara,

94 2592 182 2649 veluti
204 2593 327 2667 Spiritus
349 2593 446 2650 Sancti
470 2593 544 2650 dona
564 2611 599 2649 eo
619 2592 671 2648 ritu
694 2591 769 2649 certd
790 2591 974 2667 impetraturi.
1016 2589 1102 2658 Quod
1122 2600 1217 2647 autem
1232 2607 1286 2648 suo

95 2687 181 2745 veluti
196 2688 319 2754 arbitrio,
335 2689 412 2745 nulla
431 2700 545 2763 accepta
566 2707 583 2744 a
607 2687 723 2745 Christo
745 2688 870 2746 Domino
890 2699 1038 2766 potestate,
1053 2698 1081 2745 et
1096 2687 1240 2765 jussione,
1256 2685 1287 2747 id

95 2784 150 2842 sibi
164 2785 373 2860 proposuerint,
388 2795 419 2841 ut
431 2802 566 2841 manuum
581 2785 762 2862 impositione
777 2805 842 2843 curn
867 2804 951 2862 prece
975 2785 1126 2862 conjuncta
1145 2785 1287 2861 Spiritum

95 2878 231 2937 Sanctum
245 2879 376 2937 fidelibus
391 2879 581 2957 impetrarent,
595 2898 680 2937 nemo
695 2881 796 2956 poterit
810 2882 933 2958 cogitare
944 2882 1049 2954 absque
1063 2880 1142 2957 gravi
1156 2880 1287 2956 ipsorum

94 2975 206 3052 injuria.
248 2976 292 3035 De
307 2978 394 3054 gratia
408 2975 496 3034 divini
508 2976 584 3035 illius
598 2976 732 3053 Spiritus,
749 2996 804 3050 qua
814 2978 946 3037 homiues
960 2977 1106 3036 christiani
1122 2977 1243 3055 justitia·
1258 2984 1288 3035 et

94 3072 249 3130 sanctitatis
275 3074 429 3150 majoribus
451 3072 533 3131 donis
561 3084 707 3149 augentur,
732 3092 766 3130 eo
781 3073 837 3131 loci
851 3076 897 3152 agi
910 3084 1037 3142 constat3
1059 3093 1125 3133 uam
1147 3073 1282 3143 charitas,

93 3169 234 3246 imprimis
248 3172 278 3229 in
292 3170 423 3229 cordibus
437 3172 541 3228 nostris
556 3168 721 3228 diffunditur
734 3189 785 3246 per
799 3172 937 3248 Spiritum
952 3172 1098 3239 Sanctum,
1111 3171 1195 3248 cujus
1215 3181 1286 3230 tem·

93 3266 172 3345 plum
188 3267 386 3327 efficiunturin
403 3269 505 3342 quibus
520 3269 634 3326 habitat.
676 3269 778 3327 Renati
793 3269 908 3343 quidem
929 3281 1008 3328 erant
1031 3268 1130 3327 fideles
1154 3269 1197 3328 illi
1218 3271 1287 3347 bap-

93 3365 179 3424 tismo
199 3383 236 3424 ex
250 3385 322 3439 aqua
336 3376 364 3424 et
377 3365 484 3444 Spiritu
499 3365 614 3433 Sancto,
629 3364 681 3422 sed
702 3366 828 3424 nondum
843 3367 873 3424 in
887 3385 1057 3439 quemquam
1072 3367 1185 3428 illorum
1200 3383 1287 3424 vene·

92 3472 144 3531 rat,
159 3464 338 3540 presentiam
353 3481 433 3520 auam
449 3462 613 3520 muneribus
625 3463 808 3538 amplioribus
823 3475 851 3520 et
865 3462 947 3521 donis
962 3464 1201 3521 manifestatums.

132 3566 161 3619 5.
183 3561 331 3621 Habentur
351 3580 386 3620 eo
406 3561 462 3620 loci
476 3562 572 3620 omnia
586 3579 649 3634 quae
664 3559 698 3618 ad
713 3562 889 3619 Sacramenti
913 3562 1067 3619 essentiam
1080 3562 1285 3634 requiruntur;

93 3668 137 3717 est
150 3658 225 3717 enim
241 3660 310 3717 ritus
325 3669 469 3725 externus,
485 3676 618 3717 manuum
640 3658 749 3716 scilicet
769 3658 914 3736 impositio
939 3677 1004 3716 oum
1026 3658 1172 3716 oratione:
1196 3658 1288 3735 gratia

93 3753 215 3830 Spiritus
231 3752 328 3812 Sancti
340 3773 374 3811 eo
388 3755 546 3813 confertur:
569 3757 618 3827 qui
633 3754 751 3813 effectus
768 3756 831 3812 ritui
845 3755 887 3813 illi
902 3774 959 3813 non
981 3755 1072 3832 potuit
1083 3753 1146 3811 sola
1158 3753 1285 3831 Aposto-

92 3851 184 3910 lorum
210 3851 351 3909 voluntate
371 3851 496 3928 alligari;
528 3851 669 3928 alligatum
696 3853 891 3910 tamensuisse
914 3862 1033 3921 constat,
1062 3863 1121 3909 tum
1143 3869 1181 3909 ex
1210 3861 1287 3911 certa

92 3948 196 4007 fiducia
209 3967 265 4021 qua
278 3968 343 4007 eum
358 3961 527 4027 peregerunt
546 3950 687 4025 Apostoli,
701 3963 731 4008 ut
745 3950 882 4026 Spiritum
898 3951 1033 4008 Sanctum
1048 3948 1180 4008 fidelibus
1206 3969 1286 4010 com·

92 4046 278 4115 municarent,
295 4059 353 4106 turn
368 4067 404 4106 ea
419 4049 527 4114 itinere,
542 4066 577 4104 eo
592 4049 723 4115 consilio,
745 4059 890 4123 suscepto,
905 4049 1052 4125 Apostolis
1073 4048 1218 4117 omnibus,
1234 4050 1286 4124 qui

93 4143 306 4224 Hierosolymis
331 4156 397 4203 tunc
424 4145 494 4203 sorte
519 4144 642 4212 aderant,
658 4145 843 4203 auctoribus’¹
882 4146 970 4223 Igitur
992 4164 1037 4204 res
1065 4155 1124 4203 erat
1148 4147 1285 4206 omnibus

144 4341 156 4388 1
191 4338 240 4390 Act
250 4338 301 4389 viii.
312 4340 352 4387 14.

126 4340 172 4492 ((Ξξ
188 4424 281 4476 “Licet
292 4424 317 4475 id
328 4424 363 4474 eis
374 4423 400 4472 iu
412 4422 496 4472 itinere
507 4402 768 4505 susmpiepdooonsilii
779 4425 855 4475 fuisse
865 4426 952 4476 diserte
962 4441 1013 4475 non
1025 4425 1164 4486 affirmetur,
1181 4426 1288 4489 legimus

90 4519 180 4568 tamen,
191 4510 288 4560 eosdem
298 4516 354 4574 post
372 4508 503 4558 adventum
518 4509 702 4587 stat-immacu
720 4507 776 4559 Deo
787 4511 931 4570 adhibuisse,
942 4517 971 4560 ut
990 4511 1093 4576 Spiritus
1112 4510 1200 4562 Sancti
1221 4514 1288 4564 dona

90 4596 222 4664 impertiret
231 4595 395 4650 Samaritauis.
429 4592 496 4643 Tum
506 4594 707 4648 aduensitumin
717 4604 807 4649 coetum
814 4597 998 4648 christianorum
1009 4613 1061 4649 uon
1072 4601 1152 4651 solum
1165 4599 1289 4668 baptisma
