2812 5062
99 312 159 369 884
535 305 593 366 DE
615 304 866 365 POTES'I'ATE

98 486 170 528 nans
183 466 280 526 nullus
294 474 349 534 est,
370 464 503 543 abrogata
525 463 698 543 penitentie
719 464 840 541 publiea
860 462 1031 540 disciplina:
1053 480 1285 540 supervacaneum
1340 494 1342 499 ·

100 565 207 640 qnippe
222 575 266 621 est
279 562 404 621 rehxare
417 563 497 639 leges
511 580 575 634 qne
590 560 733 619 asseculis
747 561 877 637 pluribus
891 560 968 619 hand
982 561 1089 637 vigent.

139 659 230 738 Resp.
254 659 497 732 indulgentiarum
521 677 592 716 nsns
614 676 673 717 non
696 656 760 724 fnit,
783 659 825 715 nti
848 656 1037 725 ostendimus,
1062 674 1144 714 mera
1162 654 1289 714 relaxatio

100 776 253 824 canonum,
269 756 319 814 sed
342 757 474 814 remissio
495 755 606 813 Christi
628 756 744 814 nomine
766 754 839 813 facta
858 774 951 832 poeuae
972 753 1149 831 temporalis,
1163 754 1290 827 adquam

100 855 234 916 luendam
258 875 346 934 opera
370 855 581 933 poenitentiaea
605 856 700 912 sacds·
718 855 876 913 canonibus
890 855 1054 930 prescripta
1068 865 1146 912 sunt.
1188 852 1292 912 Eadem

100 955 178 1032 viget
190 972 268 1013 nnnc
289 955 370 1021 ratio,
386 973 476 1028 quum
501 953 598 1011 divina
615 953 728 1031 justitia
748 951 834 1011 nullm
855 962 1018 1028 temporum
1041 952 1153 1009 vicibus
1168 953 1291 1010 smicmr.

101 1051 154 1111 Nil
167 1052 253 1129 igitur
266 1055 384 1110 interest
397 1051 476 1127 leges
491 1049 699 1109 ecclesiasticas
715 1049 862 1127 abrogatas
871 1049 920 1109 din
935 1049 1034 1118 fuisse,
1045 1067 1136 1123 quum
1151 1048 1295 1126 indulgen·

100 1152 140 1209 tia
152 1152 274 1211 remittat
289 1169 402 1228 poenam
418 1151 541 1228 peccatis
555 1150 690 1209 debitam.

140 1253 189 1308 20.
215 1234 282 1328 obj.
296 1252 324 1308 6.
346 1249 589 1327 Indulgentiarum
602 1248 682 1325 origo
696 1267 713 1305 a
727 1247 952 1306 satisfactionum
964 1248 1141 1306 severiorum
1152 1266 1217 1322 quar
1230 1246 1295 1307 olim

101 1349 304 1426 penitentibus
332 1348 552 1425 injungebantur
578 1346 753 1405 relaxatione
780 1344 904 1422 petenda
930 1355 995 1403 est:
1020 1346 1213 1413 “Remissim
1236 1363 1295 1419 qua

101 1444 204 1503 talibus
228 1445 323 1512 fiebat,
347 1443 524 1521 indulgentia
538 1444 699 1502 vocabatur.
742 1442 799 1502 Ubi
820 1455 915 1501 autem
930 1443 1140 1502 sansfactioues
1155 1443 1190 1502 ad
1205 1442 1296 1503 Deum

100 1543 312 1608 transtulerunt,
328 1562 361 1600 ac
375 1543 624 1619 compensationes
646 1559 710 1599 esse
729 1539 873 1608 dixerunt,
888 1541 993 1615 quibus
1008 1559 1041 1599 se
1054 1542 1199 1600 redimant
1210 1542 1297 1600 honri·

101 1658 153 1698 nes
167 1660 185 1697 a
194 1639 304 1717 jndicio
319 1639 385 1707 Dei,
400 1638 487 1696 simul
501 1639 586 1696 etiam
601 1638 791 1715 indulgentias
815 1654 850 1695 eo
875 1648 1032 1707 buerunt,
1047 1649 1080 1696 nt
1092 1649 1193 1698 essent
1206 1639 1297 1716 expia·

100 1738 172 1794 toria
187 1735 321 1801 remedia,
336 1752 400 1806 quae
415 1753 467 1793 nos
482 1734 575 1811 poenis
592 1734 699 1793 meritis
713 1733 842 1793 liberat.''
884 1734 929 1795 lta
942 1734 1109 1794 Calvinus.¹

140 1830 229 1909 Resp.
253 1830 375 1890 Constat
389 1850 426 1890 ex
441 1831 593 1909 Cypriani,
603 1832 766 1909 Augustini,
781 1844 810 1891 et
823 1845 990 1892 ceterorum
1001 1846 1113 1910 patrum
1129 1832 1298 1893 testimoniis

100 1930 310 1989 satisfactiones
332 1930 394 1989 illas
417 1930 450 1989 ad
475 1931 571 1989 Deum
592 1949 707 2008 semper
731 1932 828 1990 referri
848 1932 1045 2001 consuevisse,
1059 1950 1125 2005 quae
1140 1932 1250 1991 idcirco
1262 1931 1299 1988 vi·

101 2028 198 2106 guisse
213 2041 369 2087 noscuntur
383 2027 554 2086 Tertulliani
567 2039 658 2095 etate,
673 2037 826 2100 aitteqnam
840 2029 1014 2105 poenitsntite
1027 2030 1165 2088 exercitia
1186 2027 1299 2087 canoni·

101 2126 155 2183 bns
169 2125 285 2183 definita
298 2125 410 2183 fuerint.
453 2125 691 2198 Antiquissimum
713 2126 799 2202 igitur
818 2145 927 2194 morem
949 2144 1013 2185 esse
1027 2125 1222 2204 indulgentias
1236 2144 1300 2184 con·

102 2222 221 2281 cedendi
236 2223 314 2281 fateri
330 2223 412 2280 debet
427 2223 575 2291 Calvinus,
590 2223 640 2296 qui
654 2241 703 2280 eas
717 2241 783 2281 cum
797 2225 972 2301 poeuitentiae
989 2225 1142 2302 disciplina
1156 2241 1300 2283 connexas

101 2322 241 2398 agnoscit.
285 2321 344 2379 Eas
360 2320 425 2378 verb
442 2321 545 2379 babere
560 2323 618 2379 vim
631 2320 783 2394 quamdam
802 2322 937 2399 expiandi
951 2340 989 2382 ex
1002 2340 1100 2380 earum
1115 2323 1256 2381 relatione
1269 2320 1302 2379 ad

102 2419 320 2488 satisfactiones,
331 2438 450 2493 quarum
464 2419 558 2476 locum
571 2420 716 2496 supplent,
731 2420 913 2480 manifestum
927 2430 982 2480 cst.

142 2521 191 2574 21.
217 2506 283 2594 obj.
299 2522 328 2576 7.
350 2517 538 2592 indulgentie
561 2516 629 2576 olim
651 2517 805 2575 extitemnt
824 2519 950 2586 venales,
967 2517 1042 2576 unde
1058 2519 1141 2577 locus
1157 2528 1201 2576 est
1214 2519 1302 2597 conji-

102 2613 197 2672 ciendi
212 2633 260 2670 eas
275 2633 311 2671 ex
327 2617 401 2691 turpi
417 2614 487 2671 lucri
502 2614 635 2690 cupidine
650 2616 834 2691 excogitatas.

145 2711 234 2788 Resp.
257 2712 430 2785 Aliquando,
446 2713 487 2769 uti
509 2713 745 2788 supradiximus,
761 2713 990 2771 concedebantur
1003 2713 1188 2791 indulgentia
1203 2716 1239 2772 iis
1254 2716 1301 2788 qui

103 2808 301 2884 eleemosynas
317 2809 346 2866 in
358 2810 398 2866 rei
414 2809 575 2866 christianas
589 2809 749 2866 subsidium
765 2823 867 2886 sponte
881 2810 1061 2878 conferrent,
1078 2811 1157 2883 quod
1173 2830 1230 2870 non
1245 2820 1302 2868 erat

103 2904 217 2961 venales
232 2923 280 2961 eas
302 2924 458 2980 exponere,
481 2907 531 2962 sed
547 2907 641 2982 gratiae
664 2917 692 2962 et
712 2907 845 2965 beneficii
866 2882 1001 2983 spiritalis
1022 2909 1125 2965 intuitu
1147 2908 1248 2965 fideles
1267 2905 1302 2964 ad

103 3020 191 3079 opera
204 3002 348 3060 charitatis
364 3004 486 3060 allicere.
530 3004 611 3060 Sicut
625 3005 654 3060 in
669 3005 830 3080 Evangelio
851 3025 953 3083 magna
969 3009 1173 3083 promittuntur
1187 3007 1302 3084 praemia

103 3102 305 3177 eleemosynas
319 3102 498 3167 facientibus,
510 3102 547 3158 ita
560 3103 652 3159 visum
668 3115 711 3159 est
727 3105 896 3179 praesulibus
912 3106 1051 3163 Ecclesiae
1069 3106 1218 3165 thesauros
1233 3106 1302 3183 spir·

104 3202 204 3261 itnales
220 3201 376 3268 effundere,
393 3215 423 3258 ut
440 3200 539 3258 fideles
561 3200 594 3258 ad
617 3201 815 3278 eleemosynas
837 3203 996 3280 largiendas
1010 3206 1213 3264 excitarentur.
1254 3206 1302 3263 Sic

104 3301 260 3359 concilium
275 3300 463 3357 Triburiense
489 3319 564 3357 anno
587 3304 645 3356 895
672 3300 802 3376 permisit
822 3302 856 3357 iis
872 3302 922 3374 qni
932 3303 1062 3379 jejunare
1087 3322 1146 3361 non
1163 3315 1299 3380 poterant,

100 3399 183 3475 juxta
205 3416 347 3455 canonum
363 3397 501 3472 vigorem,
517 3406 547 3453 ut
562 3396 809 3472 eleemosynarnm
824 3396 973 3475 largitione
991 3400 1104 3476 jejunia
1125 3402 1214 3458 veluti
1233 3401 1303 3460 redi·

104 3507 231 3561 merent;
254 3495 375 3570 exigens
392 3504 484 3550 tamen
500 3506 531 3550 ut
546 3494 752 3569 impedimento
767 3505 897 3552 cessante
914 3497 1097 3573 jejunarent:
1121 3507 1301 3574 “postquam

104 3590 139 3649 de
154 3593 253 3649 itinere
269 3591 386 3648 domum
402 3602 565 3658 revertatur,
587 3601 641 3648 ant·
660 3591 695 3647 de
717 3591 880 3650 infirmitate
895 3594 1036 3661 liberetur,
1052 3597 1204 3672 praedictas
1221 3598 1301 3655 ferias

105 3707 162 3746 non
177 3687 306 3752 redimat,
322 3687 371 3745 sed
388 3696 491 3744 statuto
506 3697 633 3763 tempore
649 3688 830 3763 poeniteat.”⁹
859 3691 954 3748 Abbas
969 3692 1081 3769 Regino
1093 3695 1123 3752 in
1136 3696 1302 3753 collectione

106 3785 300 3859 manuscripta
323 3784 536 3859 redemptiones
561 3786 623 3842 illas
651 3787 814 3844 recensuit:
836 3789 903 3846 “Si
925 3792 989 3861 quis
1004 3791 1075 3848 forte
1096 3811 1155 3849 non
1182 3794 1302 3868 potuerit

101 3884 241 3961 jejunare,
257 3881 428 3939 ethabuerit
445 3882 518 3938 unde
532 3884 623 3957 possit
637 3884 785 3951 redimere,
801 3890 825 3942 si
840 3886 919 3944 dives
934 3889 1027 3956 fuerit,
1040 3909 1092 3964 pro
1107 3904 1220 3967 septem
1236 3891 1299 3948 heb·

98 3981 275 4040 domadibus
297 3979 344 4036 det
364 3979 472 4037 solidos
493 3980 628 4056 viginti,”
645 3986 713 4038 etc.⁸
755 3983 916 4042 Occasione
936 3986 1074 4044 bellorum
1090 4008 1153 4061 quae
1169 4008 1301 4066 suscepe-

105 4090 170 4139 runt
183 4076 330 4134 christiani
356 4078 553 4152 crucesignati,
570 4078 751 4155 indulgentie
766 4082 866 4138 oblatae
881 4092 947 4140 sunt
960 4085 1132 4158 cuicumque
1153 4087 1203 4159 qui
1219 4095 1242 4124 ‘⁶
1252 4105 1301 4163 pro

107 4177 168 4236 sola
183 4173 344 4239 devotione,
358 4191 415 4231 non
431 4193 481 4250 pro
497 4174 624 4242 honoris,
640 4178 684 4234 vel
700 4180 830 4254 pecuniae
840 4179 1000 4257 adeptione,
1016 4182 1049 4240 ad
1060 4184 1236 4243 liberandam
1248 4185 1303 4242 Ec·

239 4352 281 4417 (l)
301 4350 361 4399 lust.
374 4350 389 4400 1.
402 4349 436 4400 ἱίἰ.
449 4368 470 4400 c.
483 4369 504 4403 v.
517 4369 544 4402 n.
561 4356 585 4404 ὃ.

241 4438 283 4502 (2)
307 4435 370 4485 Cen.
382 4436 422 4485 lvi.

241 4521 284 4588 (3)
305 4521 378 4587 Apud
391 4521 544 4572 Droneuium
555 4523 585 4573 de
597 4540 621 4574 re
631 4525 824 4576 sacramentaria
835 4527 850 4578 l.
858 4528 889 4578 vi
901 4546 942 4594 qn.
955 4531 996 4581 vii.
1007 4531 1037 4581 de
1050 4532 1221 4596 Indulgentiis.
