2812 5062
119 293 175 350 132
412 289 468 350 DE
490 288 627 388 sumo
648 286 825 349 JOANNIS
847 288 1012 350 CAPITE.

115 466 199 508 amen
221 448 285 508 dico
306 451 404 509 vobis:
437 447 495 507 nisi
518 448 754 507 manducaveritis
768 466 883 509 carnem
903 448 957 506 filii
976 447 1113 517 hominis,
1127 455 1160 506 ct
1178 445 1312 506 biberitis

116 547 180 624 ejus
193 548 362 625 sanguinem
375 564 434 606 nou
447 546 587 605 babebitis
603 546 689 604 vitam
703 547 734 605 in
749 547 839 605 vobis.
881 546 939 614 Qui
952 546 1030 604 enim
1051 542 1206 604 manducat
1220 562 1317 604 meam

116 662 240 712 camem‚
258 656 286 703 et
298 645 369 703 bibit
381 662 478 702 meum
494 644 674 720 sanguinem,
689 643 773 702 habet
786 644 872 701 vitam
894 652 1049 701 aeternam:
1071 652 1100 700 et
1112 660 1168 720 ego
1188 640 1315 701 musci·

114 741 179 799 tabo
193 760 258 799 eum
272 742 302 799 in
324 741 481 800 novissimo
502 739 570 798 die.’
612 739 704 798 Audis
718 759 784 798 oum
805 749 901 816 aperte
922 738 1134 816 predicantem,
1149 738 1233 813 quod
1253 737 1310 797 uisi

114 857 227 896 carnem
242 838 307 914 ejus
322 837 597 905 manducaverimus,
613 846 641 895 et
661 836 818 895 biberimus
833 837 896 914 ejus
918 836 1098 912 sanguinem,
1112 852 1173 894 non
1188 833 1315 893 habituri

113 936 203 994 simus
217 937 247 994 in
261 937 354 1004 nobis,
369 935 425 995 hoc
439 945 491 1003 est,
506 935 536 994 in
551 935 665 1012 propria
678 954 761 994 carne
778 935 863 993 vitam
877 935 1033 993 aternam?
1074 933 1198 992 AEterna
1211 946 1311 992 autem

112 1033 171 1091 vita
185 1034 250 1111 jure
264 1033 425 1092 censebitur
438 1051 504 1091 caro
518 1033 593 1101 vitae,
608 1033 665 1091 hoc
679 1042 732 1100 est,
748 1031 907 1108 Unigeniti
911 1030 946 1066 ”¹

151 1135 200 1190 31.
223 1133 254 1190 S.
270 1132 334 1190 Lao
349 1131 500 1190 Manuos:
537 1129 690 1189 “Dicente
714 1129 859 1189 Domino:
882 1128 971 1188 ‘Nisi
989 1129 1231 1188 manducaveritis
1254 1148 1315 1188 car-

111 1247 179 1287 uem
205 1228 273 1286 Filii
296 1228 433 1296 hominis,
447 1238 477 1286 et
501 1227 629 1285 biberitis
650 1229 714 1306 ejus
736 1227 915 1303 sanguinem,
938 1245 997 1285 uon
1018 1225 1160 1285 habebitis
1173 1225 1264 1286 vitam
1281 1226 1314 1285 iu

112 1325 215 1394 vobis,’
231 1328 273 1383 sic
287 1344 374 1384 sacrae
388 1344 506 1392 mense,
521 1324 631 1392 fratres,
646 1325 856 1383 communicare
871 1322 990 1391 debetis,
1006 1338 1036 1382 ut
1050 1324 1122 1383 nihil
1136 1342 1258 1402 prorsus
1273 1322 1311 1382 de

111 1422 227 1480 veritate
242 1423 370 1499 corporis
387 1431 416 1480 et
430 1422 578 1498 sanguinis
592 1421 702 1480 Christi
716 1420 915 1498 ambigatis.”¹¹

597 1619 806 1659 omnemonus.

149 1780 198 1834 32.
224 1775 291 1857 obj.
310 1782 337 1835 l.
361 1777 494 1836 Christus
516 1787 598 1836 sexto
613 1777 733 1837 Joannis
755 1777 847 1855 capite
868 1777 902 1836 de
924 1777 989 1837 cibo
1012 1755 1114 1837 animae
1135 1777 1206 1856 agit,
1222 1776 1259 1838 de
1279 1796 1312 1838 se

110 1873 221 1933 scilicet
235 1875 291 1933 fide
305 1875 501 1953 percipiendo.
536 1875 555 1934 J
557 1874 653 1933 udaeos
669 1894 772 1953 panem
787 1885 947 1948 quaereutes
962 1875 1082 1944 monuit,
1097 1885 1129 1933 ut
1142 1875 1242 1935 cibum
1261 1877 1310 1951 qui

109 1972 140 2029 in
154 1970 240 2031 vitam
256 1983 388 2032 eternam
411 1982 537 2031 maneret
551 1973 645 2049 potius
661 1983 836 2046 quererent:
860 1981 879 2008 “
891 1970 1059 2049 Operamini
1072 1991 1132 2031 nou
1147 1973 1246 2033 cibum
1260 1973 1310 2048 qni

109 2068 193 2223 perit,
209 2067 260 2126 sed
274 2070 323 2142 qui
339 2078 486 2146 permanet
497 2070 525 2126 in
539 2069 624 2126 vitam
639 2082 784 2136 aeternam,
797 2086 883 2141 quem
895 2067 971 2127 filius
985 2068 1112 2127 hominis
1124 2067 1205 2156 dabit
1215 2069 1307 2129 vobis.

143 2164 272 2223 ..Hoc
286 2177 330 2224 est
344 2185 416 2242 opus
432 2165 498 2233 Dei,
513 2176 546 2222 ut
559 2165 700 2223 credatis
693 2184 723 2223 m
737 2183 804 2223 enm
819 2184 905 2238 quem
926 2165 1006 2223 misit
1025 2164 1121 2223 111ε.”8
1164 2165 1249 2225 Sicut
1261 2164 1311 2225 Sa·

108 2261 252 2319 maritanae
267 2263 378 2320 mulieri
394 2281 496 2335 aquam
510 2261 604 2320 vivam
620 2260 770 2338 petendam
785 2260 868 2330 dixit,
884 2260 1040 2320 doctrinam
1055 2260 1155 2319 salutis
1176 2279 1212 2321 ea
1226 2260 1305 2323 intel·

109 2358 245 2436 ligens3'
238 2369 276 2416 rta
289 2371 318 2417 et
331 2361 424 2418 cibum
440 2359 504 2417 vitae
525 2358 634 2417 Judaeis
658 2358 842 2431 quarendum
864 2357 1009 2429 indicavit,
1023 2357 1107 2416 alia'
1098 2359 1226 2437 imagine
1247 2376 1306 2419 eam

109 2456 272 2534 designans.

147 2553 236 2631 Resp.
260 2553 368 2627 Utique
392 2575 408 2611 a
434 2573 518 2630 pane,
545 2573 631 2627 quem
654 2556 817 2627 quaerebant
844 2554 949 2623 Judaei,
975 2554 1100 2631 sumpsit
1124 2554 1305 2615 occasionem

107 2650 242 2707 Christus
259 2668 310 2707 eos
325 2648 360 2706 dc
374 2650 438 2708 cibo
453 2651 555 2708 animae
577 2650 749 2723 alloquendi,
765 2669 873 2725 eosque
894 2651 1021 2709 hortatus
1036 2660 1125 2709 estut
1146 2650 1226 2710 hunc
1249 2669 1303 2730 pre

105 2747 155 2805 illo
170 2757 338 2820 quererent.
360 2747 457 2813 Quum
471 2748 512 2805 illi
524 2746 660 2823 deinceps
674 2748 878 2826 interrogarent
891 2749 960 2823 quid
973 2750 1029 2808 sibi
1042 2749 1117 2809 foret
1130 2749 1302 2817 faciendum,

107 2844 185 2919 quod
199 2863 272 2920 opus
287 2844 490 2922 peragendum,
505 2854 536 2902 ut
550 2845 614 2903 Deo
628 2845 720 2905 forent
733 2848 814 2924 grati,
836 2847 984 2925 respondit
997 2847 1067 2906 illud
1081 2848 1226 2925 imprimis
1241 2866 1301 2907 esse

105 2940 309 3006 necessarium,
325 2950 357 2997 ut
370 2941 425 2998 sibi
446 2939 584 2998 divinitus
601 2942 700 3008 misso,
716 2953 745 3000 et
768 2943 851 3002 claris
872 2944 985 3002 indiciis
1007 2943 1166 3022 designato,
1189 2944 1302 3022 plenam

107 3036 275 3094 adhiberent
288 3035 384 3094 fidem.
425 3037 499 3094 Ausi
513 3045 578 3095 sunt
600 3050 797 3115 argumentum
818 3039 921 3098 divinae
936 3040 1012 3099 illius
1037 3041 1184 3100 missionis
1208 3052 1303 3121 postu

106 3136 176 3204 lare,
198 3154 257 3194 non
282 3135 395 3208 qualem
421 3154 490 3193 mox
505 3135 629 3204 dederat,
651 3138 845 3248 anltiplicatis
867 3140 1000 3216 panibus,
1015 3139 1066 3198 sed
1087 3140 1193 3200 ecoelo
1215 3141 1301 3201 veluti

104 3232 316 3309 depromptum,
333 3250 408 3309 panc
432 3230 499 3290 inde
514 3231 690 3302 deducendo,
712 3237 867 3313 maj0ribus
893 3237 968 3294 enim
992 3237 1051 3294 stris
1066 3237 1136 3295 illud
1154 3257 1215 3296 sum
1237 3238 1302 3297 mis·

103 3331 194 3389 sionis
210 3329 347 3387 indicium
362 3350 378 3387 a
394 3329 502 3406 Moyse
517 3329 613 3388 datum
627 3332 807 3407 objiciebant.
851 3333 936 3391 'Punc
951 3332 1151 3392 animadvertit
1164 3352 1298 3405 mannae

103 3428 176 3488 coelo
190 3448 256 3486 vere
271 3448 329 3486 non
344 3427 502 3505 delapsum,
518 3446 633 3485 neceas
648 3429 751 3486 habere
766 3431 951 3508 proprietates
967 3450 1030 3505 quae
1042 3432 1189 3491 ooelestem
1205 3435 1299 3492 cibum

103 3523 255 3582 denotant:
271 3543 336 3582 eum
349 3524 425 3581 enirn
438 3541 541 3600 panem
556 3542 620 3580 vere
633 3524 777 3583 coelestem
792 3526 955 3594 dicendum,
970 3527 1019 3600 qui
1035 3546 1051 3583 a
1065 3527 1150 3586 Patre
1165 3528 1239 3588 coelo
1254 3529 1299 3588 de·

102 3622 229 3689 mittitur,
241 3624 326 3682 vitam
339 3621 452 3687 daturus
463 3620 579 3680 mundo.
602 3622 667 3680 Hac
676 3625 782 3684 ratione
794 3626 948 3684 vehemens
961 3626 990 3684 in
1004 3626 1040 3683 iis
1052 3625 1181 3685 accendit
1189 3627 1301 3686 deside·

101 3721 175 3779 rium
187 3720 331 3777 coelestem
340 3720 416 3777 hunc
425 3721 520 3778 cibum
532 3721 672 3797 gustandi.
695 3724 861 3782 Potentibus
873 3735 904 3782 ut
914 3742 1028 3800 semper
1037 3724 1094 3782 illis
1106 3743 1211 3801 panem
1223 3726 1298 3786 hunc

102 3819 189 3886 daret,
202 3817 348 3894 respondit
362 3837 392 3874 se
408 3837 471 3874 esse
486 3837 589 3894 panem
604 3820 679 3887 vitae,
695 3840 747 3878 nec
757 3822 879 3879 esuriem
892 3841 1052 3898 passurum,
1069 3841 1123 3880 nec
1134 3823 1223 3893 sitim,
1239 3826 1300 3899 qni·

102 3932 225 3988 cumque
235 3914 267 3970 ad
279 3933 342 3970 enm
354 3913 509 3971 accederet.
532 3913 700 3992 Objurgavit
711 3937 760 3975 eos
771 3917 905 3994 deinceps
918 3937 952 3976 eo
965 3919 1041 3991 quod
1053 3919 1093 3976 illi
1107 3919 1170 3978 haec
1181 3920 1300 3979 tradenti

101 4032 161 4072 non
175 4010 332 4077 crederent,
348 4011 423 4068 etad
438 4010 615 4069 excitandam
629 4032 728 4071 eorum
743 4015 963 4082 aemulationem,
977 4034 1034 4092 prae
1044 4017 1135 4075 oculis
1150 4020 1299 4096 proposuit

101 4110 218 4189 praemia
231 4127 294 4182 quae
309 4107 408 4165 fideles
422 4110 484 4186 ejus
500 4107 657 4186 discipulos
671 4113 832 4170 manebant.
855 4121 874 4148 “
888 4112 1105 4172 Murmurabant
1120 4134 1187 4193 ergo
1204 4116 1297 4176 Judaei

100 4208 135 4267 de
156 4207 219 4274 illo,
236 4206 302 4279 quia
324 4204 462 4263 dixisset:
494 4205 559 4283 Ego
585 4226 649 4266 snm
674 4209 755 4285 panis
777 4209 871 4278 vivus,
892 4211 942 4284 qui
964 4210 999 4270 de
1021 4212 1094 4271 coelo
1116 4212 1299 4273 descendi.’'⁴

400 4364 425 4427 (l
430 4364 441 4429 )
415 4362 489 4411 1.L
500 4364 703 4418 x.1nJoanncm

397 4449 439 4513 (2)
459 4449 537 4498 Serm.
550 4451 645 4501 lxxxix
657 4453 711 4520 ch'
700 4453 901 4521 Jejunioseptimi
913 4455 1009 4505 mensis.

398 4534 440 4598 (3)
460 4534 533 4583 Joan.
546 4536 580 4586 vi.
591 4541 633 4587 27.
645 4542 686 4588 29.

398 4620 491 4684 (4).
