<?xml version="1.0" encoding="UTF-8"?>
<!DOCTYPE html PUBLIC "-//W3C//DTD XHTML 1.0 Transitional//EN"
    "http://www.w3.org/TR/xhtml1/DTD/xhtml1-transitional.dtd">
<html xmlns="http://www.w3.org/1999/xhtml" xml:lang="en" lang="en">
 <head>
  <title>
</title>
<meta http-equiv="Content-Type" content="text/html;charset=utf-8" />
  <meta name='ocr-system' content='tesseract 3.04.00' />
  <meta name='ocr-capabilities' content='ocr_page ocr_carea ocr_par ocr_line ocrx_word'/>
</head>
<body>
  <div class='ocr_page' id='page_1' title='image "./theologidogmati03kenrgoog_0406.png"; bbox 0 0 2774 5056; ppageno 0'>
   <div class='ocr_carea' id='block_1_1' title="bbox 387 358 1286 423">
    <p class='ocr_par' dir='ltr' id='par_1_1' title="bbox 387 358 1286 423">
     <span class='ocr_line' id='line_1_1' title="bbox 387 358 1286 423; baseline -0.002 -1"><span class='ocrx_word' id='word_1_1' title='bbox 387 360 444 422; x_wconf 84' lang='lat' dir='ltr'>DE</span> <span class='ocrx_word' id='word_1_2' title='bbox 466 358 744 423; x_wconf 72' lang='lat' dir='ltr'>SACRAMENTI</span> <span class='ocrx_word' id='word_1_3' title='bbox 764 358 993 420; x_wconf 71' lang='lat' dir='ltr'>venturus.</span> <span class='ocrx_word' id='word_1_4' title='bbox 1225 361 1286 420; x_wconf 77' lang='lat'>4⁰8</span> 
     </span>
    </p>
   </div>
   <div class='ocr_carea' id='block_1_2' title="bbox 89 517 1311 3618">
    <p class='ocr_par' dir='ltr' id='par_1_2' title="bbox 90 517 1289 697">
     <span class='ocr_line' id='line_1_2' title="bbox 90 517 1289 598; baseline 0.001 -20"><span class='ocrx_word' id='word_1_5' title='bbox 90 519 245 598; x_wconf 87' lang='lat' dir='ltr'>depressus</span> <span class='ocrx_word' id='word_1_6' title='bbox 260 521 355 591; x_wconf 86' lang='lat' dir='ltr'>fuerit,</span> <span class='ocrx_word' id='word_1_7' title='bbox 373 539 409 580; x_wconf 90' lang='lat' dir='ltr'>ne</span> <span class='ocrx_word' id='word_1_8' title='bbox 422 520 606 580; x_wconf 83' lang='lat' dir='ltr'>confessione</span> <span class='ocrx_word' id='word_1_9' title='bbox 628 529 712 594; x_wconf 89' lang='lat' dir='ltr'>atque</span> <span class='ocrx_word' id='word_1_10' title='bbox 735 521 862 580; x_wconf 85' lang='lat' dir='ltr'>oratioue</span> <span class='ocrx_word' id='word_1_11' title='bbox 883 517 1061 589; x_wconf 88' lang='lat' dir='ltr'>sacerdotali,</span> <span class='ocrx_word' id='word_1_12' title='bbox 1076 537 1130 578; x_wconf 86' lang='lat' dir='ltr'>nec</span> <span class='ocrx_word' id='word_1_13' title='bbox 1150 536 1289 579; x_wconf 87' lang='lat' dir='ltr'>nonuue·</span> 
     </span>
     <span class='ocr_line' id='line_1_3' title="bbox 90 615 1286 697; baseline -0.001 -21"><span class='ocrx_word' id='word_1_14' title='bbox 90 618 167 676; x_wconf 89' lang='lat' dir='ltr'>tione</span> <span class='ocrx_word' id='word_1_15' title='bbox 182 620 288 679; x_wconf 88' lang='lat' dir='ltr'>sacrati</span> <span class='ocrx_word' id='word_1_16' title='bbox 302 619 368 688; x_wconf 91' lang='lat' dir='ltr'>olei,</span> <span class='ocrx_word' id='word_1_17' title='bbox 381 637 433 697; x_wconf 90' lang='lat' dir='ltr'>per</span> <span class='ocrx_word' id='word_1_18' title='bbox 446 618 606 696; x_wconf 87' lang='lat' dir='ltr'>presbyteri</span> <span class='ocrx_word' id='word_1_19' title='bbox 620 617 823 695; x_wconf 81' lang='lat' dir='ltr'>negligentiam</span> <span class='ocrx_word' id='word_1_20' title='bbox 837 615 973 676; x_wconf 83' lang='lat' dir='ltr'>cereat.”²</span> <span class='ocrx_word' id='word_1_21' title='bbox 1282 620 1286 627; x_wconf 91' lang='lat'>&#39;</span> 
     </span>
    </p>

    <p class='ocr_par' dir='ltr' id='par_1_3' title="bbox 90 713 1311 1183">
     <span class='ocr_line' id='line_1_4' title="bbox 134 713 1288 789; baseline -0.001 -15"><span class='ocrx_word' id='word_1_22' title='bbox 134 720 181 774; x_wconf 84' lang='lat'>14.</span> <span class='ocrx_word' id='word_1_23' title='bbox 205 716 372 776; x_wconf 82' lang='lat' dir='ltr'>Concilium</span> <span class='ocrx_word' id='word_1_24' title='bbox 392 716 658 784; x_wconf 81' lang='lat' dir='ltr'>Ticinense,‘&#39;anno</span> <span class='ocrx_word' id='word_1_25' title='bbox 682 719 752 784; x_wconf 75' lang='grc'><strong>810,</strong></span> <span class='ocrx_word' id='word_1_26' title='bbox 777 714 866 775; x_wconf 72' lang='lat' dir='ltr'>dicite</span> <span class='ocrx_word' id='word_1_27' title='bbox 896 713 1002 774; x_wconf 87' lang='lat' dir='ltr'>“Illud</span> <span class='ocrx_word' id='word_1_28' title='bbox 1027 732 1143 789; x_wconf 88' lang='lat' dir='ltr'>quoque</span> <span class='ocrx_word' id='word_1_29' title='bbox 1167 713 1288 773; x_wconf 87' lang='lat' dir='ltr'>salutare</span> 
     </span>
     <span class='ocr_line' id='line_1_5' title="bbox 90 798 1311 889; baseline 0.002 -19"><span class='ocrx_word' id='word_1_30' title='bbox 90 821 300 872; x_wconf 88' lang='lat' dir='ltr'>sacramentum</span> <span class='ocrx_word' id='word_1_31' title='bbox 315 811 393 887; x_wconf 93' lang='lat' dir='ltr'>quod</span> <span class='ocrx_word' id='word_1_32' title='bbox 406 811 722 872; x_wconf 87' lang='lat' dir='ltr'>commendatJacobus</span> <span class='ocrx_word' id='word_1_33' title='bbox 733 811 890 889; x_wconf 79' lang='lat' dir='ltr'>Apostolus</span> <span class='ocrx_word' id='word_1_34' title='bbox 902 809 1018 870; x_wconf 83' lang='lat' dir='ltr'>dicens:</span> <span class='ocrx_word' id='word_1_35' title='bbox 1035 811 1215 869; x_wconf 85' lang='lat' dir='ltr'>‘Infirmatur</span> <span class='ocrx_word' id='word_1_36' title='bbox 1224 811 1289 884; x_wconf 90' lang='lat' dir='ltr'>quis</span> <span class='ocrx_word' id='word_1_37' title='bbox 1308 798 1311 803; x_wconf 35' lang='lat'>¹</span> 
     </span>
     <span class='ocr_line' id='line_1_6' title="bbox 90 906 1288 988; baseline 0 -19"><span class='ocrx_word' id='word_1_38' title='bbox 90 909 121 969; x_wconf 90' lang='lat' dir='ltr'>in</span> <span class='ocrx_word' id='word_1_39' title='bbox 148 911 251 969; x_wconf 79' lang='lat' dir='ltr'>robist</span> <span class='ocrx_word' id='word_1_40' title='bbox 272 921 328 970; x_wconf 88' lang='lat' dir='ltr'>ete.</span> <span class='ocrx_word' id='word_1_41' title='bbox 349 909 447 969; x_wconf 88' lang='lat' dir='ltr'>solerti</span> <span class='ocrx_word' id='word_1_42' title='bbox 469 909 670 988; x_wconf 74' lang='lat' dir='ltr'>praedicatione</span> <span class='ocrx_word' id='word_1_43' title='bbox 691 909 806 987; x_wconf 87' lang='lat' dir='ltr'>populis</span> <span class='ocrx_word' id='word_1_44' title='bbox 827 906 1064 968; x_wconf 88' lang='lat' dir='ltr'>innotescendum</span> <span class='ocrx_word' id='word_1_45' title='bbox 1084 917 1138 977; x_wconf 89' lang='lat' dir='ltr'>est,</span> <span class='ocrx_word' id='word_1_46' title='bbox 1153 926 1288 986; x_wconf 84' lang='lat' dir='ltr'>magnum</span> 
     </span>
     <span class='ocr_line' id='line_1_7' title="bbox 90 1005 1288 1087; baseline 0 -21"><span class='ocrx_word' id='word_1_47' title='bbox 90 1026 160 1066; x_wconf 89' lang='lat' dir='ltr'>sane</span> <span class='ocrx_word' id='word_1_48' title='bbox 175 1028 208 1067; x_wconf 91' lang='lat' dir='ltr'>ac</span> <span class='ocrx_word' id='word_1_49' title='bbox 223 1008 304 1069; x_wconf 88' lang='lat' dir='ltr'>valde</span> <span class='ocrx_word' id='word_1_50' title='bbox 318 1007 512 1087; x_wconf 87' lang='lat' dir='ltr'>appetendum</span> <span class='ocrx_word' id='word_1_51' title='bbox 530 1007 712 1086; x_wconf 73' lang='lat' dir='ltr'>mysterium,</span> <span class='ocrx_word' id='word_1_52' title='bbox 735 1025 786 1085; x_wconf 89' lang='lat' dir='ltr'>per</span> <span class='ocrx_word' id='word_1_53' title='bbox 808 1006 895 1082; x_wconf 91' lang='lat' dir='ltr'>quod,</span> <span class='ocrx_word' id='word_1_54' title='bbox 911 1008 936 1065; x_wconf 88' lang='lat' dir='ltr'>si</span> <span class='ocrx_word' id='word_1_55' title='bbox 961 1005 1084 1065; x_wconf 89' lang='lat' dir='ltr'>fideliter</span> <span class='ocrx_word' id='word_1_56' title='bbox 1103 1006 1239 1083; x_wconf 87' lang='lat' dir='ltr'>poscitur,</span> <span class='ocrx_word' id='word_1_57' title='bbox 1258 1016 1288 1066; x_wconf 89' lang='lat' dir='ltr'>et</span> 
     </span>
     <span class='ocr_line' id='line_1_8' title="bbox 91 1101 1155 1183; baseline -0.002 -20"><span class='ocrx_word' id='word_1_58' title='bbox 91 1105 274 1165; x_wconf 88' lang='lat' dir='ltr'>remittuntur</span> <span class='ocrx_word' id='word_1_59' title='bbox 288 1114 415 1183; x_wconf 86' lang='lat' dir='ltr'>peecata,</span> <span class='ocrx_word' id='word_1_60' title='bbox 429 1114 459 1164; x_wconf 87' lang='lat' dir='ltr'>et</span> <span class='ocrx_word' id='word_1_61' title='bbox 472 1113 681 1178; x_wconf 88' lang='lat' dir='ltr'>consequenter</span> <span class='ocrx_word' id='word_1_62' title='bbox 691 1103 846 1181; x_wconf 85' lang='lat' dir='ltr'>corporalis</span> <span class='ocrx_word' id='word_1_63' title='bbox 861 1103 938 1162; x_wconf 85' lang='lat' dir='ltr'>salus</span> <span class='ocrx_word' id='word_1_64' title='bbox 953 1101 1155 1162; x_wconf 78' lang='lat' dir='ltr'>restituitur.”⁹</span> 
     </span>
    </p>

    <p class='ocr_par' dir='ltr' id='par_1_4' title="bbox 133 1200 510 1278">
     <span class='ocr_line' id='line_1_9' title="bbox 133 1200 510 1278; baseline 0.003 -19"><span class='ocrx_word' id='word_1_65' title='bbox 133 1200 288 1261; x_wconf 77' lang='lat' dir='ltr'><strong><em>Probatur</em></strong></span> <span class='ocrx_word' id='word_1_66' title='bbox 310 1200 343 1262; x_wconf 88' lang='lat' dir='ltr'>V.</span> <span class='ocrx_word' id='word_1_67' title='bbox 359 1200 510 1278; x_wconf 73' lang='lat' dir='ltr'>exemplis.</span> 
     </span>
    </p>

    <p class='ocr_par' dir='ltr' id='par_1_5' title="bbox 89 1295 1292 2544">
     <span class='ocr_line' id='line_1_10' title="bbox 136 1295 1290 1368; baseline 0.002 -14"><span class='ocrx_word' id='word_1_68' title='bbox 136 1301 183 1355; x_wconf 84' lang='lat'>15.</span> <span class='ocrx_word' id='word_1_69' title='bbox 206 1297 379 1357; x_wconf 82' lang='lat' dir='ltr'>Paschasius</span> <span class='ocrx_word' id='word_1_70' title='bbox 395 1297 566 1368; x_wconf 76' lang='lat' dir='ltr'>Radbertus,</span> <span class='ocrx_word' id='word_1_71' title='bbox 581 1296 688 1357; x_wconf 76' lang='lat' dir='ltr'>seculo</span> <span class='ocrx_word' id='word_1_72' title='bbox 711 1314 799 1366; x_wconf 90' lang='lat' dir='ltr'>nono,</span> <span class='ocrx_word' id='word_1_73' title='bbox 814 1297 845 1356; x_wconf 88' lang='lat' dir='ltr'>in</span> <span class='ocrx_word' id='word_1_74' title='bbox 866 1296 924 1355; x_wconf 86' lang='lat' dir='ltr'>vite</span> <span class='ocrx_word' id='word_1_75' title='bbox 937 1295 1072 1356; x_wconf 80' lang='lat' dir='ltr'>Adelerdi</span> <span class='ocrx_word' id='word_1_76' title='bbox 1085 1297 1203 1356; x_wconf 79' lang='lat' dir='ltr'>Abbatis</span> <span class='ocrx_word' id='word_1_77' title='bbox 1218 1295 1290 1357; x_wconf 85' lang='lat' dir='ltr'>Cor·</span> 
     </span>
     <span class='ocr_line' id='line_1_11' title="bbox 91 1393 1290 1473; baseline 0.002 -20"><span class='ocrx_word' id='word_1_78' title='bbox 91 1394 229 1472; x_wconf 88' lang='lat' dir='ltr'>bejensis,</span> <span class='ocrx_word' id='word_1_79' title='bbox 244 1402 339 1454; x_wconf 86' lang='lat' dir='ltr'>narrat</span> <span class='ocrx_word' id='word_1_80' title='bbox 353 1393 543 1455; x_wconf 87' lang='lat' dir='ltr'>Hiidmenum</span> <span class='ocrx_word' id='word_1_81' title='bbox 563 1396 745 1473; x_wconf 90' lang='lat' dir='ltr'>episcopum,</span> <span class='ocrx_word' id='word_1_82' title='bbox 760 1393 856 1454; x_wconf 88' lang='lat' dir='ltr'>audito</span> <span class='ocrx_word' id='word_1_83' title='bbox 870 1395 970 1453; x_wconf 90' lang='lat' dir='ltr'>morbo</span> <span class='ocrx_word' id='word_1_84' title='bbox 983 1393 1127 1463; x_wconf 76' lang='lat' dir='ltr'>Adeiardi</span> <span class='ocrx_word' id='word_1_85' title='bbox 1140 1393 1290 1455; x_wconf 87' lang='lat' dir='ltr'>advenisse</span> 
     </span>
     <span class='ocr_line' id='line_1_12' title="bbox 91 1487 1289 1569; baseline 0.002 -21"><span class='ocrx_word' id='word_1_86' title='bbox 91 1490 190 1550; x_wconf 85' lang='lat' dir='ltr'>illico:</span> <span class='ocrx_word' id='word_1_87' title='bbox 212 1492 343 1550; x_wconf 86' lang='lat' dir='ltr'>“interea</span> <span class='ocrx_word' id='word_1_88' title='bbox 355 1509 422 1549; x_wconf 90' lang='lat' dir='ltr'>cum</span> <span class='ocrx_word' id='word_1_89' title='bbox 436 1491 573 1568; x_wconf 87' lang='lat' dir='ltr'>coepisset</span> <span class='ocrx_word' id='word_1_90' title='bbox 585 1487 663 1549; x_wconf 87' lang='lat' dir='ltr'>idern</span> <span class='ocrx_word' id='word_1_91' title='bbox 687 1500 803 1550; x_wconf 88' lang='lat' dir='ltr'>sanctus</span> <span class='ocrx_word' id='word_1_92' title='bbox 822 1491 977 1569; x_wconf 89' lang='lat' dir='ltr'>episcopus</span> <span class='ocrx_word' id='word_1_93' title='bbox 992 1491 1105 1551; x_wconf 89' lang='lat' dir='ltr'>anobis</span> <span class='ocrx_word' id='word_1_94' title='bbox 1120 1491 1289 1569; x_wconf 84' lang='lat' dir='ltr'>percontari,</span> 
     </span>
     <span class='ocr_line' id='line_1_13' title="bbox 91 1575 1291 1668; baseline -0.002 -20"><span class='ocrx_word' id='word_1_95' title='bbox 91 1600 189 1648; x_wconf 89' lang='lat' dir='ltr'>utrum</span> <span class='ocrx_word' id='word_1_96' title='bbox 203 1589 411 1650; x_wconf 78' lang='lat' dir='ltr'>benedictionis</span> <span class='ocrx_word' id='word_1_97' title='bbox 432 1589 508 1658; x_wconf 93' lang='lat' dir='ltr'>oleo,</span> <span class='ocrx_word' id='word_1_98' title='bbox 529 1589 641 1648; x_wconf 89' lang='lat' dir='ltr'>sicuta</span> <span class='ocrx_word' id='word_1_99' title='bbox 666 1589 755 1649; x_wconf 88' lang='lat' dir='ltr'>Beato</span> <span class='ocrx_word' id='word_1_100' title='bbox 776 1589 918 1668; x_wconf 79' lang='lat' dir='ltr'>Aposteio</span> <span class='ocrx_word' id='word_1_101' title='bbox 938 1575 1078 1649; x_wconf 85' lang='lat' dir='ltr'>sancitum</span> <span class='ocrx_word' id='word_1_102' title='bbox 1099 1598 1153 1658; x_wconf 91' lang='lat' dir='ltr'>est,</span> <span class='ocrx_word' id='word_1_103' title='bbox 1174 1588 1291 1648; x_wconf 82' lang='lat' dir='ltr'>deberet</span> 
     </span>
     <span class='ocr_line' id='line_1_14' title="bbox 90 1684 1291 1763; baseline 0 -20"><span class='ocrx_word' id='word_1_104' title='bbox 90 1685 230 1763; x_wconf 84' lang='lat' dir='ltr'>perungi:</span> <span class='ocrx_word' id='word_1_105' title='bbox 252 1687 490 1763; x_wconf 82' lang='lat' dir='ltr'>interrogavimus</span> <span class='ocrx_word' id='word_1_106' title='bbox 506 1696 638 1744; x_wconf 90' lang='lat' dir='ltr'>utrumne</span> <span class='ocrx_word' id='word_1_107' title='bbox 658 1685 764 1744; x_wconf 78' lang='lat' dir='ltr'>relleti</span> <span class='ocrx_word' id='word_1_108' title='bbox 786 1727 795 1744; x_wconf 87' lang='lat'><strong>.</strong></span> <span class='ocrx_word' id='word_1_109' title='bbox 817 1727 826 1745; x_wconf 92' lang='lat'><strong>.</strong></span> <span class='ocrx_word' id='word_1_110' title='bbox 848 1727 857 1744; x_wconf 86' lang='lat'><strong>.</strong></span> <span class='ocrx_word' id='word_1_111' title='bbox 879 1684 956 1760; x_wconf 91' lang='lat' dir='ltr'>quod</span> <span class='ocrx_word' id='word_1_112' title='bbox 977 1686 1026 1745; x_wconf 87' lang='lat' dir='ltr'>iile</span> <span class='ocrx_word' id='word_1_113' title='bbox 1045 1684 1173 1754; x_wconf 89' lang='lat' dir='ltr'>audiens,</span> <span class='ocrx_word' id='word_1_114' title='bbox 1188 1685 1291 1744; x_wconf 89' lang='lat' dir='ltr'>erectis</span> 
     </span>
     <span class='ocr_line' id='line_1_15' title="bbox 89 1781 1292 1860; baseline -0.001 -18"><span class='ocrx_word' id='word_1_115' title='bbox 89 1782 182 1842; x_wconf 90' lang='lat' dir='ltr'>oculis</span> <span class='ocrx_word' id='word_1_116' title='bbox 198 1783 229 1841; x_wconf 90' lang='lat' dir='ltr'>in</span> <span class='ocrx_word' id='word_1_117' title='bbox 242 1783 359 1851; x_wconf 86' lang='lat' dir='ltr'>coelum,</span> <span class='ocrx_word' id='word_1_118' title='bbox 374 1782 541 1842; x_wconf 83' lang='lat' dir='ltr'>obsecrabat</span> <span class='ocrx_word' id='word_1_119' title='bbox 554 1793 586 1840; x_wconf 92' lang='lat' dir='ltr'>ut</span> <span class='ocrx_word' id='word_1_120' title='bbox 598 1782 713 1841; x_wconf 83' lang='lat' dir='ltr'>fieret.”</span> <span class='ocrx_word' id='word_1_121' title='bbox 755 1781 801 1841; x_wconf 92' lang='lat' dir='ltr'>De</span> <span class='ocrx_word' id='word_1_122' title='bbox 815 1783 849 1842; x_wconf 81' lang='lat' dir='ltr'>S.</span> <span class='ocrx_word' id='word_1_123' title='bbox 864 1781 1012 1851; x_wconf 82' lang='lat' dir='ltr'>oswaldo,</span> <span class='ocrx_word' id='word_1_124' title='bbox 1028 1783 1205 1843; x_wconf 88' lang='lat' dir='ltr'>Eboraeenei</span> <span class='ocrx_word' id='word_1_125' title='bbox 1215 1782 1292 1860; x_wconf 90' lang='lat' dir='ltr'>epis·</span> 
     </span>
     <span class='ocr_line' id='line_1_16' title="bbox 89 1879 1292 1960; baseline 0.006 -22"><span class='ocrx_word' id='word_1_126' title='bbox 89 1898 165 1957; x_wconf 91' lang='lat' dir='ltr'>copo</span> <span class='ocrx_word' id='word_1_127' title='bbox 178 1879 284 1939; x_wconf 85' lang='lat' dir='ltr'>saeoulo</span> <span class='ocrx_word' id='word_1_128' title='bbox 299 1879 423 1949; x_wconf 76' lang='lat' dir='ltr'>deeImo,</span> <span class='ocrx_word' id='word_1_129' title='bbox 445 1889 582 1947; x_wconf 85' lang='lat' dir='ltr'>narratur,</span> <span class='ocrx_word' id='word_1_130' title='bbox 597 1879 674 1952; x_wconf 92' lang='lat' dir='ltr'>quod</span> <span class='ocrx_word' id='word_1_131' title='bbox 696 1879 979 1960; x_wconf 56' lang='lat' dir='ltr'>mortemiimminere</span> <span class='ocrx_word' id='word_1_132' title='bbox 1000 1882 1137 1950; x_wconf 90' lang='lat' dir='ltr'>sentiens,</span> <span class='ocrx_word' id='word_1_133' title='bbox 1160 1890 1292 1945; x_wconf 81' lang='lat' dir='ltr'>“conro-</span> 
     </span>
     <span class='ocr_line' id='line_1_17' title="bbox 90 1974 1290 2052; baseline 0.004 -18"><span class='ocrx_word' id='word_1_134' title='bbox 90 1977 162 2034; x_wconf 88' lang='lat' dir='ltr'>catis</span> <span class='ocrx_word' id='word_1_135' title='bbox 183 1974 312 2044; x_wconf 85' lang='lat' dir='ltr'>fatribus,</span> <span class='ocrx_word' id='word_1_136' title='bbox 327 1976 457 2035; x_wconf 89' lang='lat' dir='ltr'>hortatur</span> <span class='ocrx_word' id='word_1_137' title='bbox 478 1994 529 2034; x_wconf 85' lang='lat' dir='ltr'>eos</span> <span class='ocrx_word' id='word_1_138' title='bbox 555 1975 721 2052; x_wconf 88' lang='lat' dir='ltr'>impendere</span> <span class='ocrx_word' id='word_1_139' title='bbox 745 1975 801 2035; x_wconf 88' lang='lat' dir='ltr'>sibi</span> <span class='ocrx_word' id='word_1_140' title='bbox 817 1977 1006 2036; x_wconf 89' lang='lat' dir='ltr'>ministerium</span> <span class='ocrx_word' id='word_1_141' title='bbox 1021 1996 1111 2038; x_wconf 83' lang='lat' dir='ltr'>saerae</span> <span class='ocrx_word' id='word_1_142' title='bbox 1135 1980 1290 2050; x_wconf 88' lang='lat' dir='ltr'>unctionis,</span> 
     </span>
     <span class='ocr_line' id='line_1_18' title="bbox 90 2073 1291 2151; baseline 0.007 -21"><span class='ocrx_word' id='word_1_143' title='bbox 90 2091 159 2131; x_wconf 92' lang='lat' dir='ltr'>cum</span> <span class='ocrx_word' id='word_1_144' title='bbox 180 2073 283 2131; x_wconf 84' lang='lat' dir='ltr'>viatico</span> <span class='ocrx_word' id='word_1_145' title='bbox 297 2073 446 2132; x_wconf 90' lang='lat' dir='ltr'>Dominici</span> <span class='ocrx_word' id='word_1_146' title='bbox 469 2073 632 2151; x_wconf 88' lang='lat' dir='ltr'>eorporis.”</span> <span class='ocrx_word' id='word_1_147' title='bbox 674 2074 708 2134; x_wconf 90' lang='lat' dir='ltr'>In</span> <span class='ocrx_word' id='word_1_148' title='bbox 730 2075 788 2133; x_wconf 83' lang='lat' dir='ltr'>vita</span> <span class='ocrx_word' id='word_1_149' title='bbox 800 2074 908 2134; x_wconf 87' lang='lat' dir='ltr'>Leonis</span> <span class='ocrx_word' id='word_1_150' title='bbox 922 2074 977 2135; x_wconf 89' lang='lat' dir='ltr'>IX.</span> <span class='ocrx_word' id='word_1_151' title='bbox 991 2075 1120 2145; x_wconf 78' lang='lat' dir='ltr'>retertur,</span> <span class='ocrx_word' id='word_1_152' title='bbox 1137 2085 1157 2114; x_wconf 80' lang='lat'>‘⁸</span> <span class='ocrx_word' id='word_1_153' title='bbox 1168 2096 1235 2139; x_wconf 86' lang='lat' dir='ltr'>eum</span> <span class='ocrx_word' id='word_1_154' title='bbox 1249 2079 1291 2139; x_wconf 90' lang='lat' dir='ltr'>in·</span> 
     </span>
     <span class='ocr_line' id='line_1_19' title="bbox 90 2170 1292 2252; baseline 0.006 -23"><span class='ocrx_word' id='word_1_155' title='bbox 90 2171 242 2249; x_wconf 83' lang='lat' dir='ltr'>telligeret,</span> <span class='ocrx_word' id='word_1_156' title='bbox 257 2189 315 2231; x_wconf 92' lang='lat' dir='ltr'>non</span> <span class='ocrx_word' id='word_1_157' title='bbox 330 2170 436 2231; x_wconf 87' lang='lat' dir='ltr'>diutius</span> <span class='ocrx_word' id='word_1_158' title='bbox 453 2171 632 2232; x_wconf 86' lang='lat' dir='ltr'>retinendum</span> <span class='ocrx_word' id='word_1_159' title='bbox 653 2191 686 2232; x_wconf 93' lang='lat' dir='ltr'>se</span> <span class='ocrx_word' id='word_1_160' title='bbox 706 2173 800 2233; x_wconf 89' lang='lat' dir='ltr'>carnis</span> <span class='ocrx_word' id='word_1_161' title='bbox 814 2174 966 2252; x_wconf 86' lang='lat' dir='ltr'>ergastulo.</span> <span class='ocrx_word' id='word_1_162' title='bbox 982 2173 1154 2244; x_wconf 88' lang='lat' dir='ltr'>decrevisse,</span> <span class='ocrx_word' id='word_1_163' title='bbox 1177 2184 1208 2234; x_wconf 93' lang='lat' dir='ltr'>ut</span> <span class='ocrx_word' id='word_1_164' title='bbox 1222 2195 1292 2250; x_wconf 88' lang='lat' dir='ltr'>quo·</span> 
     </span>
     <span class='ocr_line' id='line_1_20' title="bbox 91 2269 1292 2347; baseline 0.005 -19"><span class='ocrx_word' id='word_1_165' title='bbox 91 2269 170 2329; x_wconf 89' lang='lat' dir='ltr'>niem</span> <span class='ocrx_word' id='word_1_166' title='bbox 192 2270 289 2345; x_wconf 88' lang='lat' dir='ltr'>plures</span> <span class='ocrx_word' id='word_1_167' title='bbox 316 2270 530 2347; x_wconf 87' lang='lat' dir='ltr'>episcoporum,</span> <span class='ocrx_word' id='word_1_168' title='bbox 554 2270 697 2339; x_wconf 90' lang='lat' dir='ltr'>abbatum,</span> <span class='ocrx_word' id='word_1_169' title='bbox 722 2282 946 2346; x_wconf 76' lang='lat' dir='ltr'>caeterorumque</span> <span class='ocrx_word' id='word_1_170' title='bbox 966 2271 1096 2333; x_wconf 86' lang='lat' dir='ltr'>fidelium</span> <span class='ocrx_word' id='word_1_171' title='bbox 1123 2272 1292 2334; x_wconf 85' lang='lat' dir='ltr'>effluxerant</span> 
     </span>
     <span class='ocr_line' id='line_1_21' title="bbox 90 2367 1292 2446; baseline 0.005 -20"><span class='ocrx_word' id='word_1_172' title='bbox 90 2368 190 2435; x_wconf 77' lang='lat' dir='ltr'>turbe,</span> <span class='ocrx_word' id='word_1_173' title='bbox 206 2367 247 2425; x_wconf 89' lang='lat' dir='ltr'>eis</span> <span class='ocrx_word' id='word_1_174' title='bbox 263 2368 451 2444; x_wconf 74' lang='lat' dir='ltr'>presentibus</span> <span class='ocrx_word' id='word_1_175' title='bbox 476 2369 660 2446; x_wconf 81' lang='lat' dir='ltr'>inungeretur</span> <span class='ocrx_word' id='word_1_176' title='bbox 681 2369 754 2427; x_wconf 88' lang='lat' dir='ltr'>sacri</span> <span class='ocrx_word' id='word_1_177' title='bbox 775 2368 830 2428; x_wconf 91' lang='lat' dir='ltr'>olei</span> <span class='ocrx_word' id='word_1_178' title='bbox 852 2368 996 2444; x_wconf 86' lang='lat' dir='ltr'>liquore.²&#39;</span> <span class='ocrx_word' id='word_1_179' title='bbox 1036 2369 1082 2429; x_wconf 90' lang='lat' dir='ltr'>De</span> <span class='ocrx_word' id='word_1_180' title='bbox 1097 2370 1130 2430; x_wconf 74' lang='lat' dir='ltr'>S.</span> <span class='ocrx_word' id='word_1_181' title='bbox 1146 2371 1292 2433; x_wconf 86' lang='lat' dir='ltr'>Maleehia</span> 
     </span>
     <span class='ocr_line' id='line_1_22' title="bbox 89 2463 909 2544; baseline 0 -20"><span class='ocrx_word' id='word_1_182' title='bbox 89 2464 177 2527; x_wconf 83' lang='lat' dir='ltr'>refert</span> <span class='ocrx_word' id='word_1_183' title='bbox 190 2465 223 2523; x_wconf 84' lang='lat' dir='ltr'>S.</span> <span class='ocrx_word' id='word_1_184' title='bbox 238 2463 421 2524; x_wconf 88' lang='lat' dir='ltr'>Bernardus:</span> <span class='ocrx_word' id='word_1_185' title='bbox 445 2473 465 2503; x_wconf 76' lang='lat'>‘⁶</span> <span class='ocrx_word' id='word_1_186' title='bbox 474 2464 493 2524; x_wconf 87' lang='lat' dir='ltr'>J</span> <span class='ocrx_word' id='word_1_187' title='bbox 496 2465 563 2523; x_wconf 91' lang='lat' dir='ltr'>ubet</span> <span class='ocrx_word' id='word_1_188' title='bbox 578 2483 610 2523; x_wconf 89' lang='lat' dir='ltr'>se</span> <span class='ocrx_word' id='word_1_189' title='bbox 623 2483 705 2523; x_wconf 89' lang='lat' dir='ltr'>sacro</span> <span class='ocrx_word' id='word_1_190' title='bbox 717 2465 782 2525; x_wconf 93' lang='lat' dir='ltr'>oleo</span> <span class='ocrx_word' id='word_1_191' title='bbox 796 2466 909 2544; x_wconf 77' lang='lat' dir='ltr'>ungi.’&#39;⁸</span> 
     </span>
    </p>

    <p class='ocr_par' dir='ltr' id='par_1_6' title="bbox 131 2561 1158 2627">
     <span class='ocr_line' id='line_1_23' title="bbox 131 2561 1158 2627; baseline 0.005 -5"><span class='ocrx_word' id='word_1_192' title='bbox 131 2563 284 2624; x_wconf 83' lang='lat' dir='ltr'>Probatur</span> <span class='ocrx_word' id='word_1_193' title='bbox 304 2561 336 2622; x_wconf 90' lang='lat' dir='ltr'>V.</span> <span class='ocrx_word' id='word_1_194' title='bbox 356 2563 528 2625; x_wconf 63' lang='lat' dir='ltr'>&amp;acorum</span> <span class='ocrx_word' id='word_1_195' title='bbox 543 2569 571 2623; x_wconf 88' lang='lat' dir='ltr'>et</span> <span class='ocrx_word' id='word_1_196' title='bbox 588 2561 786 2624; x_wconf 80' lang='lat' dir='ltr'>Orientalium</span> <span class='ocrx_word' id='word_1_197' title='bbox 800 2571 945 2625; x_wconf 86' lang='lat' dir='ltr'>sectorum</span> <span class='ocrx_word' id='word_1_198' title='bbox 960 2565 1158 2627; x_wconf 82' lang='lat' dir='ltr'>consensione.</span> 
     </span>
    </p>

    <p class='ocr_par' dir='ltr' id='par_1_7' title="bbox 90 2659 1295 3618">
     <span class='ocr_line' id='line_1_24' title="bbox 135 2659 1292 2740; baseline 0.004 -23"><span class='ocrx_word' id='word_1_199' title='bbox 135 2663 182 2719; x_wconf 91' lang='grc'><strong>16.</strong></span> <span class='ocrx_word' id='word_1_200' title='bbox 204 2659 299 2719; x_wconf 81' lang='lat' dir='ltr'>Graeci</span> <span class='ocrx_word' id='word_1_201' title='bbox 322 2670 424 2719; x_wconf 83' lang='lat' dir='ltr'>vocant</span> <span class='ocrx_word' id='word_1_202' title='bbox 452 2659 507 2719; x_wconf 88' lang='lat' dir='ltr'>hoc</span> <span class='ocrx_word' id='word_1_203' title='bbox 534 2670 743 2721; x_wconf 88' lang='lat' dir='ltr'>sacramentum</span> <span class='ocrx_word' id='word_1_204' title='bbox 763 2660 887 2726; x_wconf 68' lang='lat' dir='ltr'>toxicator</span> <span class='ocrx_word' id='word_1_205' title='bbox 907 2659 1004 2722; x_wconf 77' lang='lat' dir='ltr'>oleam</span> <span class='ocrx_word' id='word_1_206' title='bbox 1029 2680 1097 2723; x_wconf 84' lang='lat' dir='ltr'>cum</span> <span class='ocrx_word' id='word_1_207' title='bbox 1118 2681 1214 2740; x_wconf 85' lang='lat' dir='ltr'>prece.</span> <span class='ocrx_word' id='word_1_208' title='bbox 1256 2664 1292 2726; x_wconf 90' lang='lat' dir='ltr'>ln</span> 
     </span>
     <span class='ocr_line' id='line_1_25' title="bbox 91 2757 1294 2836; baseline 0.004 -19"><span class='ocrx_word' id='word_1_209' title='bbox 91 2758 275 2818; x_wconf 89' lang='lat' dir='ltr'>confessione</span> <span class='ocrx_word' id='word_1_210' title='bbox 304 2757 465 2816; x_wconf 90' lang='lat' dir='ltr'>orthodoxa</span> <span class='ocrx_word' id='word_1_211' title='bbox 486 2757 603 2817; x_wconf 78' lang='lat' dir='ltr'>dicunts</span> <span class='ocrx_word' id='word_1_212' title='bbox 637 2758 831 2836; x_wconf 84' lang='lat' dir='ltr'>“Septimum</span> <span class='ocrx_word' id='word_1_213' title='bbox 858 2769 1067 2820; x_wconf 86' lang='lat' dir='ltr'>sacramentum</span> <span class='ocrx_word' id='word_1_214' title='bbox 1094 2770 1139 2820; x_wconf 88' lang='lat' dir='ltr'>est</span> <span class='ocrx_word' id='word_1_215' title='bbox 1165 2770 1294 2823; x_wconf 83' lang='lat' dir='ltr'>extrema</span> 
     </span>
     <span class='ocr_line' id='line_1_26' title="bbox 91 2853 1292 2937; baseline 0.003 -21"><span class='ocrx_word' id='word_1_216' title='bbox 91 2857 191 2917; x_wconf 87' lang='lat' dir='ltr'>unctio</span> <span class='ocrx_word' id='word_1_217' title='bbox 206 2877 222 2915; x_wconf 93' lang='lat' dir='ltr'>a</span> <span class='ocrx_word' id='word_1_218' title='bbox 236 2857 355 2915; x_wconf 86' lang='lat' dir='ltr'>Christo</span> <span class='ocrx_word' id='word_1_219' title='bbox 369 2855 545 2937; x_wconf 84' lang='lat' dir='ltr'>praescripta.</span> <span class='ocrx_word' id='word_1_220' title='bbox 588 2853 665 2915; x_wconf 82' lang='lat' dir='ltr'>Cum</span> <span class='ocrx_word' id='word_1_221' title='bbox 680 2857 757 2917; x_wconf 90' lang='lat' dir='ltr'>enim</span> <span class='ocrx_word' id='word_1_222' title='bbox 778 2858 915 2937; x_wconf 86' lang='lat' dir='ltr'>eoepisset</span> <span class='ocrx_word' id='word_1_223' title='bbox 938 2857 1096 2937; x_wconf 89' lang='lat' dir='ltr'>discipulos</span> <span class='ocrx_word' id='word_1_224' title='bbox 1118 2879 1187 2920; x_wconf 90' lang='lat' dir='ltr'>suos</span> <span class='ocrx_word' id='word_1_225' title='bbox 1207 2861 1292 2922; x_wconf 89' lang='lat' dir='ltr'>binos</span> 
     </span>
     <span class='ocr_line' id='line_1_27' title="bbox 92 2951 1293 3034; baseline 0.005 -20"><span class='ocrx_word' id='word_1_226' title='bbox 92 2954 217 3022; x_wconf 86' lang='lat' dir='ltr'>mittere,</span> <span class='ocrx_word' id='word_1_227' title='bbox 240 2952 328 3032; x_wconf 88' lang='lat' dir='ltr'>(Mar.</span> <span class='ocrx_word' id='word_1_228' title='bbox 345 2956 373 3012; x_wconf 89' lang='lat'>6.</span> <span class='ocrx_word' id='word_1_229' title='bbox 390 2972 418 3012; x_wconf 89' lang='lat' dir='ltr'>v.</span> <span class='ocrx_word' id='word_1_230' title='bbox 431 2958 461 3013; x_wconf 84' lang='lat'>7.</span> <span class='ocrx_word' id='word_1_231' title='bbox 483 2962 512 3011; x_wconf 91' lang='lat' dir='ltr'>et</span> <span class='ocrx_word' id='word_1_232' title='bbox 534 2951 582 3033; x_wconf 82' lang='lat'>13)</span> <span class='ocrx_word' id='word_1_233' title='bbox 604 2954 748 3032; x_wconf 80' lang='lat' dir='ltr'>ungebant</span> <span class='ocrx_word' id='word_1_234' title='bbox 768 2954 834 3015; x_wconf 86' lang='lat' dir='ltr'>eleo</span> <span class='ocrx_word' id='word_1_235' title='bbox 853 2955 959 3015; x_wconf 90' lang='lat' dir='ltr'>multos</span> <span class='ocrx_word' id='word_1_236' title='bbox 977 2967 1006 3015; x_wconf 94' lang='lat' dir='ltr'>et</span> <span class='ocrx_word' id='word_1_237' title='bbox 1029 2958 1183 3017; x_wconf 85' lang='lat' dir='ltr'>sanabant:</span> <span class='ocrx_word' id='word_1_238' title='bbox 1206 2977 1293 3034; x_wconf 89' lang='lat' dir='ltr'>quam</span> 
     </span>
     <span class='ocr_line' id='line_1_28' title="bbox 91 3050 1294 3134; baseline 0.005 -23"><span class='ocrx_word' id='word_1_239' title='bbox 91 3051 231 3129; x_wconf 88' lang='lat' dir='ltr'>deinceps</span> <span class='ocrx_word' id='word_1_240' title='bbox 245 3052 410 3111; x_wconf 89' lang='lat' dir='ltr'>unctionem</span> <span class='ocrx_word' id='word_1_241' title='bbox 426 3050 558 3127; x_wconf 82' lang='lat' dir='ltr'>religiosa</span> <span class='ocrx_word' id='word_1_242' title='bbox 580 3051 787 3111; x_wconf 90' lang='lat' dir='ltr'>consuetudine</span> <span class='ocrx_word' id='word_1_243' title='bbox 807 3053 942 3114; x_wconf 85' lang='lat' dir='ltr'>Ecclesia</span> <span class='ocrx_word' id='word_1_244' title='bbox 961 3056 1131 3124; x_wconf 86' lang='lat' dir='ltr'>observarit,</span> <span class='ocrx_word' id='word_1_245' title='bbox 1152 3067 1237 3134; x_wconf 88' lang='lat' dir='ltr'>prout</span> <span class='ocrx_word' id='word_1_246' title='bbox 1255 3075 1294 3117; x_wconf 86' lang='lat' dir='ltr'>ex</span> 
     </span>
     <span class='ocr_line' id='line_1_29' title="bbox 90 3146 1295 3227; baseline 0.004 -19"><span class='ocrx_word' id='word_1_247' title='bbox 90 3149 215 3227; x_wconf 87' lang='lat' dir='ltr'>epistola</span> <span class='ocrx_word' id='word_1_248' title='bbox 228 3149 327 3207; x_wconf 77' lang='lat' dir='ltr'>Sancti</span> <span class='ocrx_word' id='word_1_249' title='bbox 350 3146 453 3205; x_wconf 76' lang='lat' dir='ltr'>,iacobi</span> <span class='ocrx_word' id='word_1_250' title='bbox 474 3157 654 3224; x_wconf 90' lang='lat' dir='ltr'>compertum</span> <span class='ocrx_word' id='word_1_251' title='bbox 679 3159 740 3207; x_wconf 87' lang='lat' dir='ltr'>cst:</span> <span class='ocrx_word' id='word_1_252' title='bbox 764 3150 945 3210; x_wconf 76' lang='lat' dir='ltr'>‘infirmatur</span> <span class='ocrx_word' id='word_1_253' title='bbox 964 3153 1029 3225; x_wconf 89' lang='lat' dir='ltr'>quis</span> <span class='ocrx_word' id='word_1_254' title='bbox 1051 3153 1081 3211; x_wconf 91' lang='lat' dir='ltr'>in</span> <span class='ocrx_word' id='word_1_255' title='bbox 1095 3153 1209 3212; x_wconf 79' lang='lat' dir='ltr'>uobist&#39;</span> <span class='ocrx_word' id='word_1_256' title='bbox 1224 3157 1295 3213; x_wconf 72' lang='lat' dir='ltr'>ete*</span> 
     </span>
     <span class='ocr_line' id='line_1_30' title="bbox 92 3243 1293 3324; baseline 0.002 -18"><span class='ocrx_word' id='word_1_257' title='bbox 92 3247 202 3306; x_wconf 88' lang='lat' dir='ltr'>fruetus</span> <span class='ocrx_word' id='word_1_258' title='bbox 223 3244 309 3322; x_wconf 89' lang='lat' dir='ltr'>hujus</span> <span class='ocrx_word' id='word_1_259' title='bbox 337 3243 507 3303; x_wconf 86' lang='lat' dir='ltr'>sacramenti</span> <span class='ocrx_word' id='word_1_260' title='bbox 532 3254 609 3312; x_wconf 89' lang='lat' dir='ltr'>suut,</span> <span class='ocrx_word' id='word_1_261' title='bbox 629 3263 702 3317; x_wconf 91' lang='lat' dir='ltr'>quos</span> <span class='ocrx_word' id='word_1_262' title='bbox 725 3245 803 3303; x_wconf 85' lang='lat' dir='ltr'>velut</span> <span class='ocrx_word' id='word_1_263' title='bbox 822 3246 849 3304; x_wconf 92' lang='lat' dir='ltr'>ei</span> <span class='ocrx_word' id='word_1_264' title='bbox 871 3248 1002 3324; x_wconf 88' lang='lat' dir='ltr'>proprios</span> <span class='ocrx_word' id='word_1_265' title='bbox 1023 3248 1145 3306; x_wconf 84' lang='lat' dir='ltr'>Sanctus</span> <span class='ocrx_word' id='word_1_266' title='bbox 1165 3248 1293 3309; x_wconf 76' lang='lat' dir='ltr'>,Iacobus</span> 
     </span>
     <span class='ocr_line' id='line_1_31' title="bbox 93 3341 1292 3424; baseline 0.003 -21"><span class='ocrx_word' id='word_1_267' title='bbox 93 3344 252 3423; x_wconf 86' lang='lat' dir='ltr'>Apostolus</span> <span class='ocrx_word' id='word_1_268' title='bbox 266 3342 401 3420; x_wconf 80' lang='lat' dir='ltr'>explicat,</span> <span class='ocrx_word' id='word_1_269' title='bbox 416 3341 551 3401; x_wconf 90' lang='lat' dir='ltr'>videlicet</span> <span class='ocrx_word' id='word_1_270' title='bbox 570 3341 702 3402; x_wconf 85' lang='lat' dir='ltr'>remissio</span> <span class='ocrx_word' id='word_1_271' title='bbox 723 3351 915 3420; x_wconf 89' lang='lat' dir='ltr'>peccatorum,</span> <span class='ocrx_word' id='word_1_272' title='bbox 936 3344 1039 3404; x_wconf 79' lang='lat' dir='ltr'>animae</span> <span class='ocrx_word' id='word_1_273' title='bbox 1060 3345 1149 3416; x_wconf 86' lang='lat' dir='ltr'>salus,</span> <span class='ocrx_word' id='word_1_274' title='bbox 1164 3348 1292 3424; x_wconf 89' lang='lat' dir='ltr'>eorporis</span> 
     </span>
     <span class='ocr_line' id='line_1_32' title="bbox 92 3439 1293 3518; baseline 0.003 -17"><span class='ocrx_word' id='word_1_275' title='bbox 92 3441 219 3516; x_wconf 88' lang='lat' dir='ltr'>denique</span> <span class='ocrx_word' id='word_1_276' title='bbox 234 3441 351 3509; x_wconf 86' lang='lat' dir='ltr'>sanitas,</span> <span class='ocrx_word' id='word_1_277' title='bbox 366 3457 452 3514; x_wconf 90' lang='lat' dir='ltr'>quam</span> <span class='ocrx_word' id='word_1_278' title='bbox 474 3439 528 3497; x_wconf 89' lang='lat' dir='ltr'>etsi</span> <span class='ocrx_word' id='word_1_279' title='bbox 549 3456 608 3499; x_wconf 91' lang='lat' dir='ltr'>non</span> <span class='ocrx_word' id='word_1_280' title='bbox 628 3457 743 3516; x_wconf 88' lang='lat' dir='ltr'>semper</span> <span class='ocrx_word' id='word_1_281' title='bbox 762 3440 907 3517; x_wconf 89' lang='lat' dir='ltr'>importet,</span> <span class='ocrx_word' id='word_1_282' title='bbox 928 3459 1044 3518; x_wconf 83' lang='lat' dir='ltr'>semper</span> <span class='ocrx_word' id='word_1_283' title='bbox 1057 3453 1154 3501; x_wconf 89' lang='lat' dir='ltr'>tamen</span> <span class='ocrx_word' id='word_1_284' title='bbox 1168 3444 1293 3505; x_wconf 88' lang='lat' dir='ltr'>animam</span> 
     </span>
     <span class='ocr_line' id='line_1_33' title="bbox 98 3535 1065 3618; baseline -0.002 -19"><span class='ocrx_word' id='word_1_285' title='bbox 98 3558 152 3618; x_wconf 92' lang='lat' dir='ltr'>per</span> <span class='ocrx_word' id='word_1_286' title='bbox 165 3539 367 3598; x_wconf 89' lang='lat' dir='ltr'>remissionem</span> <span class='ocrx_word' id='word_1_287' title='bbox 383 3546 563 3614; x_wconf 88' lang='lat' dir='ltr'>peecatorum</span> <span class='ocrx_word' id='word_1_288' title='bbox 576 3535 605 3594; x_wconf 93' lang='lat' dir='ltr'>in</span> <span class='ocrx_word' id='word_1_289' title='bbox 619 3536 770 3595; x_wconf 90' lang='lat' dir='ltr'>meliorem</span> <span class='ocrx_word' id='word_1_290' title='bbox 781 3547 884 3595; x_wconf 89' lang='lat' dir='ltr'>statum</span> <span class='ocrx_word' id='word_1_291' title='bbox 896 3538 1065 3597; x_wconf 83' lang='lat' dir='ltr'>restituit.”⁵</span> 
     </span>
    </p>
   </div>
   <div class='ocr_carea' id='block_1_3' title="bbox 91 3714 1345 4012">
    <p class='ocr_par' dir='ltr' id='par_1_8' title="bbox 91 3714 1345 4012">
     <span class='ocr_line' id='line_1_34' title="bbox 93 3714 1345 3812; baseline 0.002 -16"><span class='ocrx_word' id='word_1_292' title='bbox 93 3736 154 3796; x_wconf 76' lang='lat' dir='ltr'>miz</span> <span class='ocrx_word' id='word_1_293' title='bbox 178 3733 310 3793; x_wconf 85' lang='lat' dir='ltr'>“Oratio</span> <span class='ocrx_word' id='word_1_294' title='bbox 330 3751 417 3811; x_wconf 89' lang='lat' dir='ltr'>super</span> <span class='ocrx_word' id='word_1_295' title='bbox 438 3733 584 3791; x_wconf 87' lang='lat' dir='ltr'>infirmum</span> <span class='ocrx_word' id='word_1_296' title='bbox 605 3732 675 3791; x_wconf 86' lang='lat' dir='ltr'>hora</span> <span class='ocrx_word' id='word_1_297' title='bbox 695 3734 789 3792; x_wconf 90' lang='lat' dir='ltr'>obitus</span> <span class='ocrx_word' id='word_1_298' title='bbox 804 3746 996 3812; x_wconf 85' lang='lat' dir='ltr'>appetentem.</span> <span class='ocrx_word' id='word_1_299' title='bbox 1036 3737 1146 3796; x_wconf 79' lang='lat' dir='ltr'>Afferat</span> <span class='ocrx_word' id='word_1_300' title='bbox 1160 3739 1295 3799; x_wconf 88' lang='lat' dir='ltr'>sacerdos</span> <span class='ocrx_word' id='word_1_301' title='bbox 1339 3714 1345 3721; x_wconf 42' lang='grc'><strong>’</strong></span> 
     </span>
     <span class='ocr_line' id='line_1_35' title="bbox 95 3829 1293 3908; baseline 0.003 -16"><span class='ocrx_word' id='word_1_302' title='bbox 95 3851 134 3892; x_wconf 83' lang='lat' dir='ltr'>ex</span> <span class='ocrx_word' id='word_1_303' title='bbox 149 3830 214 3891; x_wconf 90' lang='lat' dir='ltr'>oleo</span> <span class='ocrx_word' id='word_1_304' title='bbox 229 3843 327 3890; x_wconf 85' lang='lat' dir='ltr'>sancto</span> <span class='ocrx_word' id='word_1_305' title='bbox 340 3831 370 3888; x_wconf 90' lang='lat' dir='ltr'>in</span> <span class='ocrx_word' id='word_1_306' title='bbox 386 3848 452 3888; x_wconf 86' lang='lat' dir='ltr'>vase</span> <span class='ocrx_word' id='word_1_307' title='bbox 466 3829 583 3895; x_wconf 88' lang='lat' dir='ltr'>mundo,</span> <span class='ocrx_word' id='word_1_308' title='bbox 600 3839 628 3887; x_wconf 92' lang='lat' dir='ltr'>et</span> <span class='ocrx_word' id='word_1_309' title='bbox 649 3829 724 3888; x_wconf 89' lang='lat' dir='ltr'>dicat</span> <span class='ocrx_word' id='word_1_310' title='bbox 739 3840 746 3866; x_wconf 78' lang='lat'><strong>¹</strong></span> <span class='ocrx_word' id='word_1_311' title='bbox 759 3831 845 3890; x_wconf 89' lang='lat' dir='ltr'>Pater</span> <span class='ocrx_word' id='word_1_312' title='bbox 858 3832 975 3901; x_wconf 86' lang='lat' dir='ltr'>noster,’</span> <span class='ocrx_word' id='word_1_313' title='bbox 997 3842 1026 3891; x_wconf 87' lang='lat' dir='ltr'>et</span> <span class='ocrx_word' id='word_1_314' title='bbox 1045 3833 1169 3908; x_wconf 84' lang='lat' dir='ltr'>reliques</span> <span class='ocrx_word' id='word_1_315' title='bbox 1182 3835 1217 3894; x_wconf 90' lang='lat' dir='ltr'>ad</span> <span class='ocrx_word' id='word_1_316' title='bbox 1238 3835 1293 3896; x_wconf 90' lang='lat' dir='ltr'>hoe</span> 
     </span>
     <span class='ocr_line' id='line_1_36' title="bbox 91 3926 1294 4012; baseline 0.003 -21"><span class='ocrx_word' id='word_1_317' title='bbox 91 3940 212 3991; x_wconf 87' lang='lat' dir='ltr'>statutas</span> <span class='ocrx_word' id='word_1_318' title='bbox 226 3929 379 4002; x_wconf 88' lang='lat' dir='ltr'>orationes,</span> <span class='ocrx_word' id='word_1_319' title='bbox 397 3939 462 3989; x_wconf 90' lang='lat' dir='ltr'>tunc</span> <span class='ocrx_word' id='word_1_320' title='bbox 476 3926 626 3987; x_wconf 90' lang='lat' dir='ltr'>benedicat</span> <span class='ocrx_word' id='word_1_321' title='bbox 638 3927 734 3990; x_wconf 90' lang='lat' dir='ltr'>oleum</span> <span class='ocrx_word' id='word_1_322' title='bbox 749 3930 833 4007; x_wconf 80' lang='lat' dir='ltr'>signo</span> <span class='ocrx_word' id='word_1_323' title='bbox 847 3931 951 3999; x_wconf 89' lang='lat' dir='ltr'>erucis,</span> <span class='ocrx_word' id='word_1_324' title='bbox 966 3942 994 3990; x_wconf 90' lang='lat' dir='ltr'>et</span> <span class='ocrx_word' id='word_1_325' title='bbox 1015 3946 1103 4010; x_wconf 82' lang='lat' dir='ltr'>ungat</span> <span class='ocrx_word' id='word_1_326' title='bbox 1126 3952 1230 4012; x_wconf 89' lang='lat' dir='ltr'>corpus</span> <span class='ocrx_word' id='word_1_327' title='bbox 1250 3935 1294 3995; x_wconf 89' lang='lat' dir='ltr'>in·</span> 
     </span>
    </p>
   </div>
   <div class='ocr_carea' id='block_1_4' title="bbox 89 4167 1296 4659">
    <p class='ocr_par' dir='ltr' id='par_1_9' title="bbox 129 4167 289 4238">
     <span class='ocr_line' id='line_1_37' title="bbox 129 4167 289 4238; baseline 0.013 -20"><span class='ocrx_word' id='word_1_328' title='bbox 129 4170 170 4238; x_wconf 92' lang='grc'><strong>(1)</strong></span> <span class='ocrx_word' id='word_1_329' title='bbox 190 4167 253 4220; x_wconf 82' lang='lat' dir='ltr'>Can.</span> <span class='ocrx_word' id='word_1_330' title='bbox 264 4184 289 4220; x_wconf 86' lang='lat' dir='ltr'>v.</span> 
     </span>
    </p>

    <p class='ocr_par' dir='ltr' id='par_1_10' title="bbox 128 4255 319 4323">
     <span class='ocr_line' id='line_1_38' title="bbox 128 4255 319 4323; baseline -0.005 -18"><span class='ocrx_word' id='word_1_331' title='bbox 128 4257 173 4323; x_wconf 71' lang='grc' dir='ltr'>(Β)</span> <span class='ocrx_word' id='word_1_332' title='bbox 192 4255 257 4322; x_wconf 79' lang='lat' dir='ltr'>Cep.</span> <span class='ocrx_word' id='word_1_333' title='bbox 267 4255 319 4307; x_wconf 78' lang='lat' dir='ltr'>aiii.</span> 
     </span>
    </p>

    <p class='ocr_par' dir='ltr' id='par_1_11' title="bbox 128 4340 568 4412">
     <span class='ocr_line' id='line_1_39' title="bbox 128 4340 568 4412; baseline -0.002 -18"><span class='ocrx_word' id='word_1_334' title='bbox 128 4344 173 4412; x_wconf 78' lang='grc'>(3)</span> <span class='ocrx_word' id='word_1_335' title='bbox 192 4343 222 4395; x_wconf 87' lang='lat' dir='ltr'>ln</span> <span class='ocrx_word' id='word_1_336' title='bbox 232 4343 283 4395; x_wconf 83' lang='lat' dir='ltr'>rita</span> <span class='ocrx_word' id='word_1_337' title='bbox 291 4342 315 4396; x_wconf 86' lang='lat' dir='ltr'>S.</span> <span class='ocrx_word' id='word_1_338' title='bbox 327 4340 454 4394; x_wconf 78' lang='lat' dir='ltr'>Melaenis</span> <span class='ocrx_word' id='word_1_339' title='bbox 465 4357 487 4393; x_wconf 89' lang='lat' dir='ltr'>e.</span> <span class='ocrx_word' id='word_1_340' title='bbox 497 4342 568 4393; x_wconf 83' lang='lat' dir='ltr'>xxxi.</span> 
     </span>
    </p>

    <p class='ocr_par' dir='ltr' id='par_1_12' title="bbox 128 4430 345 4498">
     <span class='ocr_line' id='line_1_40' title="bbox 128 4430 345 4498; baseline 0.005 -17"><span class='ocrx_word' id='word_1_341' title='bbox 128 4430 170 4498; x_wconf 76' lang='lat'>(4)</span> <span class='ocrx_word' id='word_1_342' title='bbox 189 4430 272 4493; x_wconf 79' lang='lat' dir='ltr'>Ques.</span> <span class='ocrx_word' id='word_1_343' title='bbox 287 4433 345 4482; x_wconf 88' lang='grc'><strong>117.</strong></span> 
     </span>
    </p>

    <p class='ocr_par' dir='ltr' id='par_1_13' title="bbox 89 4516 1296 4659">
     <span class='ocr_line' id='line_1_41' title="bbox 125 4516 1296 4588; baseline 0.003 -21"><span class='ocrx_word' id='word_1_344' title='bbox 125 4517 169 4585; x_wconf 83' lang='grc'>(5)</span> <span class='ocrx_word' id='word_1_345' title='bbox 189 4518 271 4582; x_wconf 84' lang='lat' dir='ltr'>Ques.</span> <span class='ocrx_word' id='word_1_346' title='bbox 282 4521 337 4570; x_wconf 86' lang='lat' dir='ltr'>tte.</span> <span class='ocrx_word' id='word_1_347' title='bbox 349 4517 413 4570; x_wconf 86' lang='lat' dir='ltr'>Vide</span> <span class='ocrx_word' id='word_1_348' title='bbox 423 4525 448 4570; x_wconf 87' lang='lat' dir='ltr'>et</span> <span class='ocrx_word' id='word_1_349' title='bbox 458 4517 473 4569; x_wconf 86' lang='lat' dir='ltr'>J</span> <span class='ocrx_word' id='word_1_350' title='bbox 475 4517 568 4570; x_wconf 81' lang='lat' dir='ltr'>eremis</span> <span class='ocrx_word' id='word_1_351' title='bbox 577 4517 717 4585; x_wconf 84' lang='lat' dir='ltr'>patriarche</span> <span class='ocrx_word' id='word_1_352' title='bbox 726 4518 994 4588; x_wconf 78' lang='lat' dir='ltr'>consununopolitrut</span> <span class='ocrx_word' id='word_1_353' title='bbox 1005 4518 1191 4588; x_wconf 86' lang='lat' dir='ltr'>responsionem</span> <span class='ocrx_word' id='word_1_354' title='bbox 1202 4517 1234 4572; x_wconf 85' lang='lat' dir='ltr'>ed</span> <span class='ocrx_word' id='word_1_355' title='bbox 1242 4516 1296 4571; x_wconf 80' lang='lat' dir='ltr'>Le·</span> 
     </span>
     <span class='ocr_line' id='line_1_42' title="bbox 89 4605 216 4659; baseline 0.008 -1"><span class='ocrx_word' id='word_1_356' title='bbox 89 4605 216 4659; x_wconf 67' lang='lat' dir='ltr'>mesenes.</span> 
     </span>
    </p>
   </div>
   <div class='ocr_carea' id='block_1_5' title="bbox 0 0 1397 5056">
    <p class='ocr_par' dir='ltr' id='par_1_14' title="bbox 0 0 1397 5056">
     <span class='ocr_line' id='line_1_43' title="bbox 0 0 1397 5056; baseline 0 0"><span class='ocrx_word' id='word_1_357' title='bbox 0 0 1397 5056; x_wconf 95' lang='lat' dir='ltr'> </span> 
     </span>
    </p>
   </div>
  </div>
 </body>
</html>
