2774 5056
81 330 120 387 23
261 328 318 389 DE
336 328 448 398 udus
467 327 523 389 ΔΙ)
543 327 790 389 BAPTISMUM
812 325 1085 389 NECESSARIA.

82 503 184 547 scnzrrs
211 487 378 562 quaerendnz
400 505 470 549 sune
495 505 552 547 non
575 496 630 556 est,
653 489 783 548 mundata
804 484 883 547 enirn
906 487 1041 566 legesque
1066 485 1161 544 verbis
1186 485 1273 545 claris

83 581 224 656 obviem
237 601 324 651 sensu
335 582 427 643 solent
436 581 512 640 ferri.

121 682 171 737 29.
194 677 261 758 ooj.
275 684 304 739 t.
326 679 421 738 Verba
432 678 539 737 Christi
553 662 704 739 conimode
717 679 941 757 explicanturde
955 679 1083 738 doctrina
1092 697 1160 739 cum
1174 689 1273 756 potcs-

83 784 137 834 tate
152 776 275 854 Spiritus
289 777 460 852 conjuncta;
481 778 630 834 nonenim
645 777 746 836 docere
761 788 879 845 tantum,
893 775 944 837 sed
963 777 1107 854 baptizare
1123 776 1273 852 jubentur,

81 873 155 935 inid
174 874 283 935 scilicet
295 885 377 940 „totos
397 874 559 933 incumbere
579 885 611 933 ut
628 875 724 934 divina
748 876 871 952 Spiritus
893 877 981 952 gratia
1002 874 1163 934 auditorum
1184 874 1271 933 corda

80 983 176 1051 tangat
187 984 216 1031 et
229 983 373 1032 convertat
385 973 421 1033 ud
440 974 565 1041 Patrem,
580 974 685 1033 Filium
700 985 729 1033 et
749 975 889 1051 Spiritum
909 975 1046 1032 Sanctum
1061 979 1083 1030 :¹
1103 985 1138 1042 εἰς
1148 983 1180 1032 τὸ
1190 982 1273 1046 ὄνομα.

81 1074 256 1134 ineuntem
269 1082 299 1131 ct
309 1081 476 1150 potestatem
490 1091 588 1131 eorum
599 1092 609 1142 ;
622 1073 685 1131 hec
698 1085 743 1131 est
757 1076 835 1132 eninr
851 1076 999 1132 verborum
1015 1073 1058 1130 vis
1075 1073 1161 1149 juxte
1175 1071 1274 1146 Scrip-

81 1183 204 1230 turanum
218 1173 328 1228 usum.¹
367 1169 411 1227 De
426 1170 568 1228 ablutione
583 1171 655 1229 nihil
670 1171 786 1228 dicitnr.

119 1269 209 1345 serp.
231 1266 392 1344 Baptizare
407 1267 448 1325 uti
462 1266 598 1332 diximus
615 1269 728 1327 abluere
743 1268 898 1363 mergendo
912 1268 1066 1365 significat,
1080 1285 1134 1324 nec
1148 1264 1184 1324 ad
1206 1264 1273 1324 doe·

81 1369 183 1428 trinsrn
197 1374 290 1443 potest
302 1364 409 1432 referri,
424 1363 461 1423 de
478 1383 535 1438 qua
555 1364 688 1423 Christus
709 1367 856 1442 Apostolis
877 1385 945 1425 mox
967 1376 1049 1424 snus
1070 1362 1274 1425 mondaverat:

80 1475 258 1536 μιθητεοοοτι
278 1462 421 1521 Transisti
434 1481 536 1522 sensus
551 1463 659 1523 nullum
675 1464 756 1522 datur
769 1464 917 1531 indicium,
930 1463 1062 1538 quamvis
1074 1464 1154 1521 enim
1164 1479 1274 1521 nomen

84 1558 213 1618 virtutem
228 1570 256 1619 et
268 1570 437 1638 potestatem
450 1561 580 1640 designet
593 1563 699 1640 saepius
711 1563 741 1621 in
755 1563 919 1640 Scripturis.
932 1572 1028 1621 turnen
1041 1562 1137 1620 nullus
1150 1561 1276 1627 occurrit

82 1655 163 1714 locus
177 1657 207 1714 in
221 1677 279 1730 quo
293 1659 435 1737 baptizare
449 1659 480 1718 in
493 1679 608 1727 nornen,
624 1660 725 1718 docere
740 1679 806 1718 cum
828 1669 965 1736 potestate
980 1660 1133 1736 significet.
1176 1659 1276 1725 Quunr

83 1751 186 1810 Petrus
200 1751 321 1812 dixisset
334 1773 437 1828 aquarn
450 1774 509 1814 non
529 1775 614 1832 posse
629 1755 761 1833 denegari
776 1769 807 1814 ut
828 1757 1017 1832 baptizaretur
1031 1755 1186 1813 Cornelius
1207 1774 1277 1815 curn

83 1849 156 1917 zuis,
172 1858 193 1887 ‘⁴
201 1851 289 1927 jussit
302 1871 352 1911 eos
367 1853 503 1929 baptizari
517 1853 547 1912 in
560 1854 676 1913 nornine
690 1853 811 1912 Domini
824 1853 895 1912 lesu
910 1852 1020 1911 Christi
1032 1852 1076 1924 ;’'⁸
1090 1852 1169 1925 qnod
1181 1852 1218 1911 de
1230 1854 1279 1912 cb·

83 1946 190 2006 lutione
204 1968 277 2022 aqua
289 1949 361 2008 sacta
374 1969 484 2020 omnes,
499 1970 536 2010 ne
550 1952 691 2021 Quakeris
712 1953 783 2029 ipsis
803 1952 943 2028 exceptis,
957 1951 1142 2028 intelligunt.⁴
1181 1951 1278 2010 Porro
1313 1957 1315 1961 ‘

84 2042 213 2102 rivelint
233 2045 381 2122 Apostolis
394 2046 558 2107 mandatum
571 2058 602 2106 ut
625 2049 734 2126 Spiritu
754 2049 860 2106 Sancto
881 2047 1067 2124 baptizarent,
1081 2046 1113 2105 id
1133 2047 1277 2109 absonum

85 2149 138 2210 est,
153 2159 221 2201 nam
234 2141 291 2201 Dei
304 2152 349 2202 ert
362 2155 475 2220 tangere
494 2145 589 2213 corda,
604 2145 730 2205 hominis
745 2155 894 2203 externum
916 2155 1050 2221 prestare
1071 2145 1279 2207 ministerium.

124 2239 174 2297 411.
199 2237 266 2316 obj.
280 2243 310 2300 8.
331 2240 464 2318 Apostoli
477 2260 576 2301 revera
586 2242 764 2319 baptizarunt
777 2242 885 2318 Spiritu
900 2241 1025 2310 Sancto3
1045 2250 1172 2302 “sermo
1183 2262 1281 2312 mens,

89 2335 184 2411 inquit
196 2336 315 2406 Paulus,
331 2347 360 2396 et
373 2337 537 2416 predicatio
551 2330 617 2413 rhea
628 2358 688 2399 non
699 2340 728 2399 in
741 2339 976 2416 persuasibilibus
985 2339 1116 2398 hnmanae
1130 2341 1283 2417 sepientis

86 2433 192 2501 verbis,
207 2432 303 2495 sedin
316 2435 481 2494 ostensione
495 2435 619 2513 Spiritus
640 2445 669 2494 et
683 2435 842 2495 virtutis.”⁶
881 2435 922 2494 Et
941 2435 1030 2493 alias:
1054 2445 1074 2472 ‘⁶
1086 2435 1281 2515 Evangelinm

86 2541 215 2590 nostrum
227 2550 287 2592 non
300 2532 353 2591 suit
366 2532 402 2590 ad
416 2552 467 2592 vos
482 2534 511 2591 in
525 2552 657 2592 sermone
672 2543 790 2601 tentum,
807 2532 859 2591 sed
872 2543 900 2590 et
913 2534 943 2591 in
958 2533 1070 2602 virtute,
1084 2537 1155 2593 etin
1168 2535 1283 2613 Spiritu

85 2625 237 2685 Satrcto.”⁸

126 2720 216 2799 Resp.
237 2721 369 2798 Apostoli
383 2720 579 2798 praedicuruut‚
592 2743 609 2780 a
622 2723 728 2800 Spiritu
742 2723 847 2783 Sancto
858 2726 939 2792 moti,
949 2733 977 2782 et
990 2725 1114 2803 Spiritus
1130 2729 1285 2805 suagratia

89 2818 428 2897 permovitaudientium
453 2820 547 2887 corda,
573 2830 604 2879 ut
627 2821 773 2881 crederent
796 2823 826 2881 in
849 2823 980 2890 salutem,
997 2824 1064 2882 tirno
1089 2834 1119 2882 et
1139 2825 1284 2904 prodigiis

88 2917 284 2977 testimoninm
306 2917 483 2994 preconibus
504 2919 564 2975 suis
585 2919 745 2995 perhibuit:
767 2919 818 2977 sed
839 2921 973 2997 Apostoli
993 2939 1175 2994 nequaqnam
1191 2924 1286 3002 bapti-

89 3035 172 3076 zasse
186 3017 293 3094 Spiritu
307 3015 412 3076 Sancto
422 3015 535 3075 dicendi
550 3017 624 3086 sunt,
638 3036 724 3092 quum
740 3018 795 3078 hoc
805 3021 843 3077 sit
850 3020 974 3078 animum
986 3019 1080 3096 ipsam
1090 3023 1285 3094 sanctificare,

91 3114 167 3189 quod
181 3114 270 3173 divini
284 3114 408 3191 Spiritus
423 3125 466 3172 est
480 3134 563 3192 opus.

89 3264 92 3269 .
128 3219 178 3273 41.
203 3211 270 3293 obj.
285 3216 314 3271 9.
336 3212 442 3272 Paulus
456 3213 491 3271 sd
506 3215 652 3273 Romanos
666 3215 797 3291 scripsit:
821 3225 841 3252 ‘⁶
851 3214 992 3274 Desidere
1006 3216 1082 3275 enirn
1105 3217 1202 3276 ridere
1216 3238 1284 3289 vos,

89 3321 122 3371 ut
134 3309 240 3385 uliquid
253 3309 400 3386 impertiar
413 3311 493 3368 vobis
508 3311 603 3387 gratie
617 3311 770 3388 spiritualis
785 3311 820 3369 ad
834 3313 1045 3370 confirmandos
1055 3313 1158 3371 ros.''⁷1
1177 3314 1289 3376 Corin-

91 3409 165 3468 thios
180 3426 242 3466 asc
255 3407 366 3486 genitos
377 3407 407 3466 iu
421 3406 539 3466 Christo
553 3407 623 3466 lesu
634 3407 752 3467 dicit:‘
756 3409 873 3467 ‘'Narn
866 3428 894 3467 ru
907 3409 1025 3467 Christo
1035 3409 1107 3468 Jesu
1122 3430 1174 3487 per
1185 3411 1287 3473 Evan-

91 3508 197 3585 geliutn
212 3525 266 3584 ego
279 3524 331 3565 vos
345 3506 441 3584 genui.
443 3505 476 3543 ’⁹⁸
516 3506 595 3634 Ergo
609 3525 667 3566 non
680 3518 819 3583 repugnat
832 3516 863 3565 nt
876 3507 1004 3631 dicuutur
1017 3509 1150 3584 Apostoli
1170 3509 1286 3603 Spiritu

91 3605 245 3683 baptizare.

127 3802 168 3867 (l)
188 3798 342 3864 “Baptiuing
352 3799 413 3851 with
424 3800 464 3852 the
476 3802 582 3866 Spiritis
600 3803 733 3855 sornswhut
744 3800 836 3851 further
847 3801 906 3850 then
923 3801 1037 3863 tesching
1052 3818 1080 3853 or
1096 3803 1231 3868 informius
1247 3806 1294 3857 the

91 3887 292 3948 understandiug‚
301 3885 339 3936 tor
347 3885 367 3936 it
377 3887 477 3951 imperts
489 3904 504 3937 s
520 3888 635 3952 reaching
646 3897 671 3938 to
683 3888 730 3938 and
749 3887 850 3948 melting
861 3887 903 3935 the
913 3887 988 3946 beart,
996 3888 1118 3952 .whereby
1131 3890 1183 3940 itis
1201 3893 1294 3944 turned

127 4059 156 4124 (2
158 4059 169 4124 )
141 4057 231 4106 zPs.
242 4057 318 4107 liae
336 4055 474 4107 centis.
491 4056 563 4108 Prov.
573 4058 641 4108 xviii.
655 4061 694 4107 10.
706 4056 893 4106 aBntcleiocit.

128 4143 157 4208 (³
159 4145 170 4210 )
142 4142 246 4193 ³Act.
257 4160 281 4193 x.
292 4145 334 4193 48.
950 4134 952 4141 '

128 4229 158 4294 (4
159 4231 197 4296 )‘
198 4229 275 4279 ‘This
286 4229 342 4289 sect,
353 4245 380 4278 us
393 4226 470 4278 stated
480 4229 513 4292 by
525 4227 566 4277 the
578 4226 660 4276 sacred
677 4226 813 4277 historico
806 4242 828 4275 rs
839 4225 901 4291 sully
912 4227 1050 4319 admittedi’
1082 4229 1164 4296 Essay
1174 4246 1210 4283 on
1227 4230 1296 4300 Bup-

91 4315 155 4376 tisua,
165 4317 198 4382 by
210 4316 299 4367 Enoch
310 4314 400 4374 Lewis,
412 4312 589 4379 Philadelpho,
603 4313 687 4360 1839.

129 4403 157 4468 (5
160 4404 171 4469 )
190 4403 209 4454 Ι.
222 4401 303 4453 θοι·
287 4419 312 4453 u.
322 4405 350 4455 4.

126 4493 168 4558 (6)
188 4492 334 4543 Ι.Τ1ιοοι.ἰ.
346 4495 372 4543 5.

127 4579 169 4644 (7)
190 4579 261 4630 Rom.
272 4579 289 4628 1.
300 4577 340 4628 11.

126 4661 168 4729 (8)
188 4664 208 4714 1.
220 4663 277 4714 Gor.
287 4664 318 4715 ir.
332 4665 371 4713 15.
