2774 5056
149 314 207 372 lou
494 312 551 373 DE
571 312 654 375 USU
674 314 986 377 nucuams'rlm.

146 472 376 540 eucharisticum,
392 470 438 531 vel
458 473 530 531 bibit
549 473 665 532 calicem
691 472 828 533 Domini:
851 475 927 550 quod
941 474 1143 553 gravissimum
1156 473 1268 533 crimen
1283 491 1341 532 nen

147 569 349 638 admitteretur,
363 570 420 628 nisi
433 588 537 647 corpus
553 580 582 629 st
595 571 711 647 sanguis
725 574 867 641 adessent,
882 575 965 651 signa
978 573 1055 632 enim
1070 584 1099 631 et
1111 571 1260 650 symbola,
1274 571 1340 630 licet

146 665 262 744 indigne
280 674 404 734 tractata,
419 667 467 725 vix
480 667 589 725 crimen
612 666 709 724 violati
736 670 863 746 corporis
878 681 906 728 et
919 669 1076 746 sanguinis,
1091 669 1148 726 nisi
1170 670 1342 746 exaggerata

147 762 267 837 quadam
282 762 435 831 locutione,
449 781 545 822 secum
558 761 629 821 ferre
641 763 811 824 dicerentur.
853 767 960 843 Magna
971 764 1077 823 idcirco
1089 764 1213 842 proprie
1228 764 1340 824 consci-

147 859 230 916 entia
250 856 355 936 indago
375 857 495 936 singulis
510 857 545 916 ad
566 867 673 917 tanturn
696 859 911 920 Sacramentum
931 861 1088 919 accessuris
1115 860 1286 938 injungitur,
1308 878 1342 920 eo

149 953 228 1029 quod
241 954 358 1033 indigne
368 973 495 1023 sumens,
506 954 659 1033 judicium,
669 955 879 1016 damnationem
891 959 1224 1027 scilicet-sptus—sibi
1235 955 1342 1017 adscis-

146 1062 232 1112 catat
245 1064 446 1131 promereatur,
461 1053 528 1127 quia
549 1070 605 1112 non
620 1052 764 1124 discernit,
787 1075 840 1116 nec
854 1077 906 1134 pro
919 1058 960 1116 rei
982 1075 1094 1114 summa
1115 1053 1254 1134 dignitate
1268 1057 1342 1117 aesti-

146 1159 215 1219 mat,
229 1159 259 1208 et
272 1160 369 1208 tractat
377 1169 481 1227 corpus
493 1150 623 1219 Domini,
636 1159 671 1229 ps}
679 1153 802 1226 διακρίνων
812 1161 843 1210 τὸ
855 1154 1084 1225 superantem.

184 1248 336 1311 Probatur
349 1247 392 1309 II.
415 1267 451 1310 ea
464 1249 596 1310 Petrum
608 1247 859 1328 interpretatione.

187 1352 237 1408 88.
259 1348 292 1407 8.
306 1347 458 1417 lassam,
473 1358 506 1407 ut
518 1347 733 1424 Valentinianos
747 1343 896 1414 refelleret,
911 1347 962 1419 qui
974 1366 1077 1425 corpus
1091 1349 1209 1410 coelests
1223 1351 1345 1413 Christo

147 1446 315 1516 tribuebant,
329 1448 485 1507 humanum
499 1458 528 1505 et
551 1447 676 1505 naturale
696 1444 882 1522 denegabant,
903 1446 1104 1522 gravissimum
1125 1448 1241 1515 deducit
1256 1471 1341 1530 argu·

138 1551 276 1603 vutentum
290 1562 327 1600 ex
341 1545 478 1620 sanguine
492 1561 551 1617 qno
564 1552 695 1618 potamur
708 1543 738 1599 in
752 1539 943 1610 eucharistia;
960 1542 1037 1616 qnod
1050 1545 1130 1603 omni
1141 1556 1252 1605 careret
1264 1548 1304 1615 ri,
1318 1548 1345 1606 si
1378 1609 1382 1615 ,

148 1657 214 1699 rere
227 1640 343 1715 sanguis
358 1639 461 1716 poculo
475 1657 535 1698 non
547 1640 748 1698 contineretur.
770 1637 880 1695 Eorum
892 1637 1045 1698 absurdum
1059 1658 1184 1700 errorem
1196 1638 1341 1702 ostendite

149 1736 229 1794 “Sic
243 1747 337 1795 autem
351 1735 507 1795 secundum
522 1737 584 1796 hac
597 1735 738 1802 videlicet,
753 1753 806 1793 nec
827 1734 971 1793 Dominus
991 1739 1131 1816 sangnine
1145 1758 1200 1799 suo
1221 1740 1343 1800 redemit

147 1852 212 1902 nus,
226 1851 319 1908 neque
333 1834 408 1892 calix
431 1834 609 1893 eucharistia
631 1832 851 1892 communicatio
875 1833 1022 1910 sanguinis
1046 1836 1121 1913 ejus,
1136 1855 1231 1911 neque
1259 1840 1340 1917 panis

148 1950 235 2007 quem
248 1932 415 2010 frangimus,
429 1932 649 1991 communicatio
662 1931 789 2008 corporis
811 1930 873 2007 ejus
887 1942 940 1989 est.
983 1931 1106 2010 Sanguis
1121 1934 1200 1994 enim
1212 1955 1273 1994 non
1287 1948 1341 2006 cst,
1383 1939 1385 1946 '

148 2029 205 2090 nisi
219 2049 237 2089 a
249 2031 329 2089 venis
343 2041 371 2088 et
384 2029 514 2088 carnibus
526 2041 554 2088 et
567 2048 584 2087 a
597 2029 706 2102 reliqna
717 2047 780 2102 quae
791 2027 1001 2099 estsecundum
1014 2029 1161 2091 hominem
1174 2031 1348 2102 substantia

150 2142 207 2201 qua
218 2144 284 2184 vere
298 2125 403 2184 sactum
416 2125 544 2184 Verbum
558 2124 614 2183 Dei
628 2123 766 2201 sanguine
781 2142 834 2181 suo
850 2121 971 2183 redemit
983 2125 1085 2185 nos.’'²

187 2227 237 2283 84.
259 2224 290 2281 8.
304 2223 478 2282 Ournmuus
492 2223 549 2280 ait:
572 2230 593 2260 “
601 2220 684 2281 Idem
696 2221 911 2280 contumacibus
925 2232 953 2279 et
967 2224 1164 2300 pervicacibus
1186 2227 1344 2287 commina-

148 2334 194 2383 tur
205 2331 235 2382 et
255 2322 407 2381 denunciat
427 2320 543 2380 dicens:
567 2320 768 2393 ‘Quicumque
789 2318 878 2378 ederit
899 2333 1077 2397 peremant
1100 2322 1203 2383 biberit
1223 2325 1343 2386 calicem

148 2419 267 2480 Domini
283 2418 482 2496 indignarum
496 2418 684 2496 eritcorporis
699 2429 728 2476 et
741 2417 888 2494 sanguinis
903 2416 1043 2479 Domini.'
1066 2420 1177 2498 Spretis
1191 2423 1238 2481 his
1251 2425 1343 2484 omni·
1375 2494 1377 2499 Α

148 2518 202 2577 bus
228 2527 311 2589 atque
334 2515 515 2592 contemptis,
530 2534 575 2574 vrs
597 2532 752 2574 tunsurus
772 2531 898 2597 coneum
912 2532 981 2580 urus
995 2535 1034 2574 nr
1049 2535 1213 2577 eruemur:
1235 2533 1265 2577 et
1278 2520 1343 2597 plus

149 2611 235 2671 modo
250 2613 280 2671 in
301 2613 459 2670 Dominum
480 2612 610 2669 manibus
635 2621 718 2683 atque
739 2625 787 2667 ore
802 2609 981 2684 delinquunt,
996 2631 1081 2686 quam
1095 2633 1162 2673 cum
1184 2615 1344 2676 Dominum

149 2707 368 2784 negaverunt.''⁹

189 2808 238 2862 85.
261 2805 292 2861 S.
307 2805 480 2873 Pecrauus:
504 2811 522 2838 “
533 2801 613 2860 Bene
636 2811 664 2858 tu
680 2811 810 2878 peccator
832 2802 978 2880 intellige:
1001 2806 1139 2882 spectaris
1155 2826 1172 2864 a
1196 2807 1344 2874 Dominae

150 2912 232 2978 potes
246 2901 327 2958 illum
341 2902 462 2977 placare,
477 2899 502 2956 si
517 2899 605 2956 velis:
628 2898 679 2956 sed
692 2899 840 2972 antiquum
855 2900 893 2957 sit
904 2901 989 2969 istud,
1002 2902 1079 2974 quod
1093 2901 1128 2961 ad
1144 2923 1274 2963 mensam
1287 2904 1344 2963 Dei

153 2996 287 3056 accedere
302 3017 359 3056 non
372 2997 450 3055 licuit
463 2996 636 3055 immundis:
659 3006 667 3032 ⁸
680 2998 853 3069 quicumque
865 2998 1076 3058 manducaverit
1086 3000 1204 3078 indigne
1215 3021 1282 3060 rens
1292 3002 1346 3060 erit

155 3096 283 3173 corporis
297 3105 326 3153 et
339 3095 486 3171 sanguinis
498 3092 638 3152 Domini.'
676 3093 819 3153 Humana
834 3095 935 3153 animae
949 3115 1014 3155 rens
1029 3116 1086 3157 non
1100 3108 1196 3175 potest
1216 3100 1345 3167 absolri3

151 3194 269 3253 Dentur
283 3211 423 3252 coneoars
437 3210 583 3250 mousson
596 3193 727 3250 nvanrrl
749 3192 825 3259 ‘Qui
840 3192 990 3253 manducat
1002 3208 1030 3252 et
1043 3195 1114 3253 bibit
1134 3197 1251 3274 indigne
1269 3196 1345 3274 judi·

150 3292 226 3350 cium
240 3291 296 3349 sibi
318 3289 510 3349 manducator
529 3288 620 3347 bibit.'
659 3288 775 3366 Evigila
795 3299 943 3367 peccator:
967 3292 1034 3349 time
1056 3292 1085 3350 in
1107 3293 1266 3352 visceribus
1287 3297 1343 3353 tuis

151 3406 277 3466 presens
293 3386 445 3465 judicium,
461 3387 486 3444 si
509 3386 578 3460 quid
592 3387 646 3444 tale
660 3386 751 3444 saciati
754 3428 887 3445 .....
910 3387 1049 3466 intellige,
1065 3386 1207 3462 quantum
1227 3391 1344 3450 sceleris

152 3486 288 3554 admittat,
301 3487 350 3559 qui
361 3483 395 3543 ad
409 3484 494 3543 altare
508 3485 586 3543 venit
596 3483 740 3562 indignus,
753 3485 798 3542 cui
813 3504 865 3562 pro
878 3484 1004 3545 remedio
1016 3497 1205 3564 computatur,
1219 3508 1287 3548 cum
1299 3498 1346 3547 aut

152 3585 259 3642 morbis
273 3583 391 3652 laborat,
407 3593 454 3641 aut
465 3591 555 3641 morte
570 3582 781 3642 dissolvitur.”⁸

191 3683 241 3738 86.
264 3681 295 3739 S.
321 3679 453 3738 Eennunr
475 3679 593 3738 Suana:
616 3679 691 3738 “Ad
714 3679 810 3738 divina
830 3679 1033 3753 frequentanda
1053 3683 1193 3760 mysteria
1216 3683 1345 3743 studiose

152 3777 310 3835 concurrite
325 3818 333 3834 .
350 3818 357 3834 .
374 3818 381 3834 .
397 3786 426 3835 et
439 3787 509 3836 state
523 3796 588 3836 cnm
603 3777 691 3836 multo
706 3779 806 3836 timore
821 3799 853 3836 ac
867 3788 1008 3848 tremore;
1023 3799 1088 3839 cnm
1103 3783 1218 3840 nemine
1230 3782 1346 3855 quidem

153 3885 221 3931 tunc
241 3873 475 3950 congerierum
497 3873 548 3931 sed
562 3875 637 3933 sieut
647 3874 750 3952 angeli,
765 3876 815 3948 qui
829 3876 859 3934 in
870 3874 950 3934 coelis
964 3888 1040 3944 sunt,
1055 3879 1160 3936 servite
1175 3879 1304 3939 Domino
1316 3881 1344 3938 in

67 4003 70 4011 ·
153 3969 264 4037 timore,
280 3980 308 4026 et
331 3970 453 4040 exultate
476 3972 503 4028 ei
525 3989 591 4029 cum
615 3981 755 4040 tremore;
779 3972 1000 4049 lachrymantes,
1024 3974 1212 4051 suspirantes,
1235 3977 1345 4056 suppli·

152 4075 259 4133 cantes,
273 4065 437 4123 invocantes
451 4085 489 4124 ex
503 4077 561 4124 toto
582 4065 677 4135 corde,
692 4077 864 4143 arrogantes
879 4086 914 4127 ne
929 4068 993 4142 quis
1008 4067 1169 4129 divinornm
1191 4073 1341 4149 mysterio·

152 4182 216 4222 rum
231 4163 412 4239 susceptione
433 4165 586 4241 reperiatur
600 4162 755 4241 indignus3
775 4163 836 4231 sed,
859 4149 1099 4239 quemadmodum
1115 4170 1155 4228 ait
1175 4170 1342 4248 Apostolus,

154 4269 162 4297 ‘
173 4260 273 4337 probet
286 4259 481 4334 unnsquisque
496 4259 645 4338 seipsum,’
660 4278 696 4318 ne
711 4260 765 4318 sibi
778 4258 836 4337 ipsi
849 4261 879 4320 in
889 4261 1032 4339 judicium
1045 4264 1105 4334 fiat,
1117 4276 1145 4324 et
1158 4277 1343 4345 augmentum

556 4473 598 4537 (l)
618 4471 648 4521 L.
659 4488 681 4522 v.
693 4471 745 4522 adv.
757 4470 815 4522 brer.
826 4489 846 4522 c.
863 4473 888 4523 ii.

549 4558 591 4622 (2)
611 4556 643 4608 L.
652 4558 682 4608 de
693 4557 775 4623 lapsis.

554 4641 596 4707 (3)
616 4641 737 4693 Paranesi
747 4642 778 4692 ed
788 4642 873 4708 pauit.
