2812 5062
115 3961 142 4161 l

125 4190 345 4389 Qualem
360 4209 461 4277 valent,
472 4227 524 4267 nec
538 4210 732 4276 confirmatio;
753 4229 806 4268 nec
820 4211 896 4268 eninr
909 4215 1003 4289 augeri
1016 4228 1109 4292 potest
1122 4226 1150 4274 et
1164 4216 1197 4274 ad
1213 4227 1351 4276 maturam

164 348 201 403 te
591 345 923 409 PROLEGOMENA.

163 518 296 580 Ecclesia
309 521 413 594 requiri
427 523 601 599 profitemur,
616 535 700 600 prout
712 534 808 583 contra
821 524 978 583 Lutherum
998 525 1028 583 in
1042 524 1164 583 concilio
1177 522 1350 583 Tridentino

164 617 311 676 definitum
320 627 381 687 est;
396 619 443 678 hic
452 621 561 680 scilicet
569 633 726 680 asseruerat
739 622 778 681 nil
793 622 895 681 referre
910 633 1002 682 utrum
1015 624 1142 681 minister
1150 620 1224 680 serid
1234 641 1269 680 an
1280 623 1350 699 joco

164 725 238 793 agat,
252 732 340 789 quum
354 722 429 774 totus
444 718 689 777 Sacramentomm
704 719 821 776 effectus
835 719 870 776 ad
890 719 1071 796 suscipiemis
1092 718 1178 777 fidem
1193 718 1264 776 soret
1277 717 1350 775 refe·

165 810 279 871 candus.

207 913 252 969 15.
274 910 306 970 ld
320 912 395 991 apud
409 929 508 971 omnes
529 908 695 988 Theologos
715 929 767 988 pro
787 930 818 970 re
837 913 983 989 explorata
1003 912 1129 979 habetur,
1150 929 1268 970 necesse
1289 928 1349 967 non

165 1024 240 1075 etse,
256 1021 287 1068 ut
300 1013 365 1084 quis
379 1011 447 1069 velit
460 1009 592 1068 effectum
607 1010 780 1068 sacramenti
798 1011 964 1088 producere,
979 1010 1024 1068 vel
1037 1009 1176 1068 Ecclesiae
1191 1008 1349 1067 Catholicae

163 1105 247 1164 ritum
259 1108 372 1176 imitari,
383 1109 430 1167 rel
442 1125 593 1186 peragere3
615 1126 703 1181 quum
716 1109 848 1167 Ecclesia
860 1123 992 1186 agnoscat
1018 1109 1108 1166 valere
1129 1109 1298 1184 baptismum
1313 1107 1349 1163 ab

163 1200 304 1264 hereticis
329 1207 473 1275 collatum,
501 1207 555 1264 ritu
583 1224 668 1279 quem
697 1206 829 1265 Christus
854 1207 974 1266 institnit
1000 1218 1121 1275 servato,
1144 1224 1217 1278 quos
1237 1215 1350 1262 constat

164 1299 321 1361 catholice
341 1304 480 1362 Ecclesiae
501 1322 594 1363 mores
608 1303 684 1362 haud
703 1305 757 1362 sibi
780 1323 938 1382 proponere
958 1304 1129 1378 sequendos.
1171 1301 1241 1361 Inde
1261 1302 1348 1359 etiarn

163 1396 253 1469 liquet
266 1398 351 1458 fidem
367 1401 496 1467 ministri,
509 1399 553 1457 vel
567 1400 629 1476 ejus
643 1401 808 1476 probitatem
824 1420 881 1459 non
904 1402 1008 1473 requiri
1022 1410 1054 1458 ut
1067 1400 1157 1457 valeat
1183 1400 1350 1456 Sacramen-

164 1497 249 1559 tumt¹
262 1496 392 1566 quamvis
402 1495 555 1572 peccetqui
565 1495 670 1568 absque
679 1495 745 1562 fide,
757 1497 801 1554 vel
811 1497 906 1554 animo
918 1508 1035 1573 peccato
1044 1497 1189 1570 inquinato
1199 1515 1233 1552 ea
1242 1493 1351 1552 adinin-

164 1587 253 1647 istret.
294 1591 438 1665 Equidem
452 1588 633 1650 Sacramenta
646 1602 733 1650 totam
747 1612 826 1651 suam
839 1595 970 1651 virtutem
984 1613 1001 1650 a
1020 1592 1136 1650 Christo
1150 1593 1287 1658 derivant,
1302 1593 1349 1649 cui

166 1695 259 1746 tamen
287 1690 391 1767 irrogat
417 1709 531 1767 gravem
559 1691 690 1766 injuriam
718 1691 767 1763 qui
797 1692 859 1768 ejus
887 1692 1002 1749 nomine
1030 1691 1097 1768 agit,
1126 1691 1221 1748 animo
1248 1689 1349 1747 fovens

163 1793 322 1859 peccatum.

187 1872 191 1880 Α
207 1885 253 1940 16.
275 1883 414 1958 Pleraque
429 1885 609 1943 Sacramenta
622 1894 653 1942 ut
673 1884 782 1942 valeant
795 1903 905 1943 sacmm
920 1885 1047 1944 ordinem
1068 1887 1098 1942 in
1112 1884 1272 1942 conserente
1286 1885 1349 1941 exi·

165 1991 244 2054 gunt,
269 1998 323 2038 nec
347 1983 423 2040 enim
439 1981 547 2040 Christi
568 1982 683 2040 nomine
703 2000 786 2059 agere
800 1983 864 2054 quis
889 1993 990 2059 potest,
1012 1983 1066 2040 nisi
1082 1982 1297 2049 communicata,
1313 1999 1349 2038 ea

164 2094 250 2148 quam
274 2080 369 2136 statuit
382 2081 499 2146 ratione.
521 2088 668 2156 potestate.
709 2081 840 2137 Attamen
862 2081 935 2138 salet
956 2081 1112 2157 baptismus
1134 2080 1247 2146 alaico,
1263 2079 1349 2137 etiam

163 2172 284 2241 infideli,
306 2173 435 2243 collatus,
460 2176 496 2233 ob
524 2194 665 2233 summam
693 2177 800 2252 quippe
834 2176 919 2253 hujus
949 2177 1122 2235 Sacramenti
1137 2178 1346 2243 necessitatem,

164 2266 313 2353 Christus,
342 2268 408 2328 licet
440 2269 511 2327 illud
547 2270 724 2328 ministrandi
758 2271 906 2348 Apostolis
941 2273 1101 2348 specialiter
1140 2271 1350 2330 demandaverit

157 2384 279 2435 munus,
306 2356 414 2426 nemini
446 2377 540 2426 tamen
574 2368 643 2426 illud
677 2369 790 2445 penitus
824 2369 981 2447 denegavit,
1009 2372 1051 2428 uti
1084 2388 1120 2428 ex
1148 2371 1349 2436 vetustissima,

159 2464 311 2524 traditione
325 2478 354 2523 et
366 2464 570 2525 consuetudine
590 2467 728 2525 Ecclesia
749 2467 910 2526 didicimus.
952 2470 1166 2527 Matrimonium
1195 2469 1289 2535 etiam,
1312 2470 1348 2527 ob

164 2560 316 2637 specialem
331 2572 488 2619 contractus
498 2575 636 2628 naturam,
662 2583 678 2619 a
709 2564 851 2638 plerisque
880 2575 1010 2622 censetur
1036 2566 1093 2622 vim
1119 2563 1349 2624 sacramentalem

160 2657 278 2725 babere,
292 2657 317 2715 si
328 2665 448 2730 uterque
462 2658 631 2716 contrahens
645 2660 682 2716 sit
693 2660 860 2736 baptizatus,
877 2662 926 2733 qui
946 2661 1050 2720 idcirco
1067 2663 1185 2720 habetur
1206 2664 1345 2721 minister.

165 2751 309 2810 Caeterum
324 2753 501 2820 eucharistia,
518 2753 691 2829 poenitentia,
706 2767 735 2812 et
754 2766 880 2813 extrema
901 2758 1006 2824 unctio,
1026 2759 1168 2834 postulant
1181 2761 1298 2818 omnino
1320 2773 1351 2818 ut

164 2847 328 2906 sacerdotio
342 2849 379 2906 sit
397 2849 547 2926 insignitus
563 2849 613 2921 qui
637 2868 671 2907 ea
690 2850 808 2908 confert.
852 2850 976 2911 Ordines
991 2854 1123 2930 majores,
1151 2854 1347 2913 Sacerdotium

164 2947 265 3004 saltem
279 2958 307 3004 et
319 2946 504 3015 Diaconatus,
515 2947 630 3005 nonnisi
651 2948 685 3005 ab
706 2949 854 3026 Episcopo
874 2950 1063 3008 conferuntur.
1107 2951 1294 3010 Confirmatio
1316 2955 1350 3011 ab

159 3047 310 3122 episcopo,
332 3053 474 3118 tamquam
489 3045 630 3104 ordinario
650 3047 788 3116 ministro,
810 3048 851 3115 fit,
877 3049 1067 3107 sacerdotibus
1083 3070 1296 3124 nonnumquam
1312 3072 1349 3111 ex

167 3142 339 3221 Apostolicoe
354 3142 438 3200 Sedis
459 3142 635 3220 delegatione
656 3162 718 3201 eam
740 3144 996 3204 administrantibus
1017 3148 1046 3206 in
1061 3148 1192 3207 Ecclesia
1213 3150 1355 3209 Occiden-

165 3242 229 3309 tali;
251 3239 326 3318 apud
338 3241 459 3298 'Grecos
471 3259 508 3298 ex
521 3239 725 3299 consuetudine
741 3242 866 3311 tolerata,
882 3262 933 3300 seu
944 3246 1068 3320 probata.

207 3344 252 3398 17.
278 3336 470 3396 Sacramenta
482 3343 668 3396 mortuorum
681 3338 839 3414 baptismus
853 3349 881 3396 et
894 3342 1059 3416 poenitentia
1073 3363 1089 3400 a
1103 3343 1261 3421 Theologis
1277 3364 1353 3404 nun·

165 3444 311 3515 cupantur,
326 3435 393 3508 quia
407 3435 436 3493 in
456 3436 652 3493 remissionem
674 3445 853 3512 peccatorum
874 3437 1063 3507 conferuntur,
1080 3440 1202 3514 ideoque
1224 3443 1349 3502 animam

166 3536 230 3594 Deo
250 3543 389 3593 mortuam
409 3534 589 3591 resuscitant·
627 3533 738 3590 Cetera
759 3535 940 3593 Sacramenta
953 3537 1079 3595 vivorum
1095 3553 1170 3607 sunt,
1185 3559 1238 3597 nec
1259 3544 1351 3599 susci-

166 3631 271 3709 pienda
284 3632 318 3688 ab
332 3632 368 3688 iis
390 3632 438 3703 qui
459 3631 547 3708 gratia
567 3629 663 3688 divina
681 3649 739 3688 non
759 3631 898 3690 fruuntur.
941 3634 1082 3692 Ceterum
1105 3637 1158 3692 etsi
1181 3647 1280 3712 peccet
1301 3641 1351 3711 qui

167 3739 283 3806 peccato
292 3727 454 3799 inquinatus
464 3746 496 3785 ea
507 3728 652 3804 suscipiat,
664 3747 721 3785 non
731 3729 822 3786 obstat
832 3731 954 3806 pravitas
966 3731 1052 3788 animi
1065 3732 1151 3789 valoti
1164 3733 1350 3803 Sacramenti,

166 3826 193 3883 si
214 3825 339 3900 excipias
363 3823 566 3900 poenitentiam,
587 3824 638 3881 sed
659 3825 793 3883 fructibus
814 3826 876 3900 ejus
897 3845 961 3883 eum
979 3845 1100 3887 vacuum
1121 3829 1265 3903 relinquit,
1286 3832 1348 3891 imo

168 3921 317 3998 obstringit
339 3920 478 3996 sacrilegii
502 3920 630 3978 crimine.
671 3921 727 3987 Qui
752 3922 910 3997 baptizatus
934 3911 992 3980 non
1016 3936 1059 3980 est
1082 3924 1151 3982 nulli
1172 3939 1350 3986 sacramento

168 4017 351 4094 suscipiendo
371 4018 414 4073 est
432 4016 561 4084 idoneus,
576 4035 628 4074 nec
649 4016 772 4090 aliquem
792 4019 936 4093 experitur
956 4018 1089 4078 effectum
1112 4022 1228 4080 aliorum
1252 4023 1351 4081 Sacra·

168 4125 338 4178 mentorum,
353 4112 406 4168 etsi
426 4111 496 4169 sorte
509 4123 642 4171 externus
664 4113 733 4170 ritus
754 4126 910 4189 peragatur.
953 4114 1001 4172 Sic
1022 4116 1145 4175 Ordines
1165 4119 1243 4176 nullo
1264 4119 1353 4178 modo

430 4447 469 4512 (1)
490 4444 519 4495 ld
530 4445 634 4496 letentur
644 4445 775 4508 Anglicani
786 4455 828 4498 art.
840 4447 906 4498 xxvi.
