2774 5056
493 300 550 362 DE
572 302 740 363 RITIBUS
762 303 911 363 MISSAE.
1235 308 1291 364 331

84 479 149 521 esse
162 463 322 540 profitetur
336 461 385 536 qui
400 461 430 520 in
444 461 568 520 animam
582 480 663 520 suam
679 460 837 520 Dominum
848 462 996 539 suscipiat,
1009 462 1184 523 centurionis
1195 463 1290 522 uerbis

87 560 145 620 sibi
157 559 401 620 accommodatis.

133 659 202 715 lau.
226 655 383 715 Osculatur
393 656 478 715 altare
493 654 626 714 sacerdos
640 673 729 728 quum
743 654 867 732 primum
881 655 917 713 ad
931 655 1000 714 illud
1010 655 1135 726 accedat,
1148 671 1180 716 ut
1191 658 1293 717 Chris·

89 762 165 824 mm,
178 754 266 833 cujus
278 755 373 833 figura
392 765 446 822 est,
467 753 574 823 adoret,
600 764 629 812 et
650 764 812 812 sanctorum
838 766 987 813 veneretur
1006 755 1151 829 reliquias,
1177 776 1241 831 quae
1264 759 1294 816 in

90 848 173 909 altari
185 851 378 909 continentur.
420 848 453 908 Id
476 850 562 909 etiam
583 850 616 908 fit
628 850 739 923 quoties
755 848 790 906 ad
810 848 949 927 populum
973 862 1137 910 convertere
1151 870 1183 910 se
1198 851 1293 921 debet,

90 947 227 1009 osculum
243 949 351 1026 quippe
366 948 548 1017 adorationis,
567 948 642 1006 sicut
664 959 694 1006 et
706 949 821 1016 amoris,
836 946 973 1007 indicium
995 947 1071 1025 apud
1084 962 1194 1008 veteres
1205 950 1291 1010 habe·

94 1043 189 1110 batur,
203 1055 234 1104 et
252 1045 387 1106 Christus
409 1044 569 1104 adorandus
591 1055 636 1103 est
660 1055 689 1103 et
710 1043 881 1122 diligendus.
923 1045 1077 1105 Osculstur
1089 1046 1202 1113 librum,
1217 1047 1294 1107 lectu

93 1140 269 1221 Evangelio,
291 1153 322 1202 ut
341 1142 475 1202 affectum
501 1161 558 1216 quo
583 1140 733 1201 Christum
753 1144 921 1219 magistrum
944 1145 1135 1220 prosequitur,
1158 1142 1294 1206 declaret.

94 1239 252 1300 Osculatur
263 1241 348 1300 etiam
365 1252 509 1319 patenam,
525 1241 601 1301 dictu
621 1241 747 1300 orations
769 1240 879 1300 Libero
893 1258 947 1301 uua
961 1253 1015 1302 etc.
1032 1253 1062 1300 ut
1075 1241 1181 1301 indicet
1195 1261 1295 1320 pacem

15 1410 20 1417 ι
93 1357 113 1396 a
128 1336 248 1397 Christo
261 1337 345 1397 nobis
359 1348 552 1415 comparatam
563 1339 655 1397 crucis
670 1337 821 1396 sacrificio.

118 1438 206 1494 ··l³³.
228 1432 335 1493 Coram
349 1434 429 1493 altari
448 1436 477 1494 in
493 1434 588 1495 medio
609 1454 641 1492 se
656 1435 740 1502 sistit,
756 1434 906 1494 Psalmum
918 1435 1052 1504 recitans,
1068 1443 1097 1492 et
1111 1445 1228 1512 peccata
1242 1455 1295 1495 sua

93 1530 225 1611 generali
238 1529 360 1589 formula
377 1531 519 1589 confitens
540 1541 693 1604 autequam
714 1530 849 1607 gradibus
872 1529 1035 1589 adscendat.
1076 1528 1239 1589 Revertitur
1259 1532 1297 1590 ad

92 1627 223 1689 madium
238 1627 335 1696 altare,
350 1627 574 1686 misericordiam
588 1627 791 1704 imploraturus
814 1628 934 1686 vocibus
954 1628 1011 1686 illis
1031 1632 1104 1696 Κυριε
1122 1641 1217 1697 stanam
1232 1646 1298 1701 quu

92 1727 195 1785 sexies
206 1725 398 1803 proferuntur,
411 1724 530 1785 Christo
542 1735 585 1784 ter
597 1726 741 1794 invocato,
751 1734 818 1803 post
828 1724 948 1784 Domini
959 1726 1061 1784 trinam
1075 1728 1296 1786 invocationem.

91 1824 210 1886 Eodem
221 1825 287 1884 loco
300 1825 443 1892 recitatur,
454 1823 499 1882 vel
514 1824 634 1891 canitur,
644 1821 744 1881 diebus
760 1824 839 1881 lestis
852 1824 997 1900 hymnus:
1013 1823 1144 1882 “Gloria
1158 1824 1188 1882 in
1202 1825 1297 1883 excel·

91 1921 136 1980 sis
159 1920 225 1980 Deo
237 1918 269 1992 ;’'
288 1921 364 1979 sicut
385 1932 414 1978 et
436 1920 602 1997 symbolum
628 1919 794 1977 Nicaenum.
837 1918 915 1977 Dum
931 1919 963 1976 fit
975 1919 1081 1976 oblatio
1096 1921 1177 1995 panis
1193 1932 1221 1978 et
1235 1921 1295 1980 vini

93 2016 198 2078 eodem
211 2017 278 2077 loco
292 2017 424 2076 consistit
436 2034 444 2085 3
466 2017 541 2075 sicut
549 2025 578 2073 et
591 2014 659 2074 dum
674 2015 743 2073 dicit
753 2016 895 2074 orationes
910 2027 1034 2074 secretas
1048 2016 1295 2092 supralationem,

92 2126 186 2192 etper
195 2126 286 2176 tutum
299 2115 461 2177 Canoneut.
493 2115 540 2174 Ex
552 2116 669 2173 sinistro
683 2114 770 2185 latere
784 2115 877 2172 crucis
889 2113 1045 2181 introitum,
1061 2113 1204 2182 collectas,
1221 2118 1297 2192 epis·

93 2214 195 2283 tolum,
222 2214 436 2288 versiculosque
463 2214 581 2273 recitat:
603 2212 639 2271 ad
661 2212 809 2271 dexterum
834 2213 908 2271 latus
938 2212 1038 2270 transit
1058 2222 1089 2269 ut
1113 2214 1295 2290 evangelium

92 2312 189 2390 legat:
211 2329 276 2386 quae
291 2311 346 2371 loci
362 2312 480 2369 mutatio
495 2310 641 2368 commodi
665 2329 751 2368 causa
772 2308 887 2367 inducta
901 2310 1062 2385 conjicitur,
1079 2312 1208 2382 quamvis
1232 2322 1297 2386 apte

100 2407 247 2485 significet
260 2406 408 2465 transitum
424 2406 518 2483 alege
533 2405 568 2464 ad
583 2405 777 2463 Christianam
792 2405 1047 2481 dispensationem.

138 2509 205 2564 134.
228 2506 335 2565 Manus
351 2504 478 2583 junctus
498 2507 604 2581 saepius
626 2515 703 2561 tenet
722 2502 945 2578 sacerdosque
966 2505 1072 2562 orantis
1091 2515 1136 2563 est
1150 2505 1295 2582 positura:

93 2602 250 2678 aliquando
271 2610 408 2662 carrusa:
430 2613 459 2660 et
483 2603 513 2661 in
535 2603 592 2660 alto
617 2621 783 2678 suspensas,
805 2601 894 2661 instar
915 2602 1037 2679 Moysis
1059 2603 1089 2661 in
1104 2615 1211 2668 monte,
1227 2604 1296 2664 dum

94 2700 232 2761 Israelitis
255 2719 320 2759 cum
336 2700 502 2759 amalecitis
524 2711 702 2777 pugnarent:
725 2718 774 2757 eas
795 2698 934 2776 disjungit
956 2699 1093 2777 populum
1109 2701 1296 2762 adorandum

97 2799 234 2859 invitans.
274 2799 335 2858 Eas
352 2819 407 2858 una
420 2818 487 2858 oum
512 2800 602 2858 oculis
625 2818 724 2857 versus
745 2817 859 2858 crucem
873 2799 980 2877 sapius
994 2801 1106 2870 attollit,
1124 2804 1298 2878 mysterium

92 2895 301 2973 redemptionis
315 2905 347 2955 ut
360 2898 390 2955 in
406 2898 571 2955 memoriam
587 2909 720 2966 revocet:
743 2909 772 2954 et
786 2897 891 2956 coelum
905 2916 1018 2967 versus,
1033 2909 1065 2957 ut
1078 2899 1206 2958 coelestia
1219 2900 1297 2978 cogi·

95 3004 147 3054 tet.
189 2995 276 3053 Genu
290 2994 390 3063 flectit,
405 2996 430 3052 si
452 2993 526 3053 adsit
544 2996 759 3055 sanctissimum
781 2996 997 3056 Sacramentum
1011 2997 1041 3055 in
1063 2996 1152 3065 altari,
1168 2997 1297 3072 illudque

92 3092 203 3151 adorat.
245 3091 367 3150 Inclinat
383 3101 479 3168 caput,
501 3093 699 3168 cervicemque
721 3095 838 3171 saepius,
854 3113 969 3155 crucem
984 3096 1138 3155 venerandi
1159 3107 1188 3154 et
1208 3098 1296 3156 animi

95 3187 328 3247 humiliationem
342 3186 523 3263 significandi
543 3207 637 3247 causa.
680 3187 726 3246 Ad
741 3191 880 3266 populum
894 3208 926 3247 se
941 3192 1080 3249 convertit
1093 3204 1214 3265 quatuor
1228 3193 1296 3250 vici·

98 3285 165 3353 bus,
180 3283 340 3343 Dominum
356 3282 488 3342 fidelibus
502 3282 602 3341 adesse
618 3295 741 3361 optans:
762 3294 791 3341 et
814 3285 900 3343 etiarn
922 3283 990 3343 dum
1012 3286 1153 3344 ministrat
1167 3305 1295 3344 commu-

94 3383 224 3451 nionem,
239 3382 339 3455 eisque
353 3381 580 3441 benedictionem
594 3383 719 3460 largitur.
761 3382 868 3440 Manus
882 3382 971 3441 abluit
990 3383 1020 3440 in
1043 3382 1192 3442 munditiei
1206 3384 1294 3443 animi

97 3498 187 3554 quam
200 3478 299 3557 colere„
309 3488 421 3556 oportet
434 3479 582 3538 indicium.

138 3582 205 3637 lau.
228 3576 412 3654 campanula
436 3587 479 3636 ter
497 3577 627 3655 pulsatur
646 3578 700 3636 sub
721 3578 809 3635 linem
830 3577 1020 3646 Praefationls,
1041 3587 1073 3636 ut
1092 3578 1135 3637 sic
1156 3581 1310 3640 excitetur.

94 3675 197 3754 populi
211 3673 327 3734 devotio
343 3672 379 3732 ad
393 3674 497 3751 gratias
519 3673 583 3733 Dec
605 3673 739 3751 agendas,
755 3685 783 3731 et
806 3684 872 3750 post
892 3675 1136 3734 consecrationem
1151 3675 1252 3735 hostiae
1266 3690 1296 3737 et

94 3771 205 3840 calicis,
220 3770 254 3829 ad
271 3771 421 3830 Christum
436 3769 610 3830 adorandum
625 3772 679 3829 sub
694 3772 844 3856 speciebus
859 3773 1120 3832 sacramentalibus.

139 3873 205 3928 136.
227 3870 324 3939 Quum
340 3869 474 3927 Christus
489 3887 593 3946 panem
608 3869 718 3946 legatur
731 3869 850 3946 fregisse
870 3872 900 3929 in
915 3871 1091 3930 Sacramenti
1105 3872 1293 3944 institutione,

93 3966 244 4027 invaluita
257 3967 458 4025 vetustissimis
470 3966 646 4043 temporibus
657 3966 762 4040 ubique
777 3968 877 4026 hostia
889 3966 1051 4045 frangendae
1066 3969 1146 4030 ritus.
1188 3970 1222 4029 In
1237 3984 1293 4030 tres

95 4061 233 4122 dividitur
246 4062 320 4140 apud
340 4062 458 4121 Latinus
478 4071 583 4140 partes,
605 4081 726 4136 quarum
749 4082 805 4122 una
824 4064 854 4121 in
875 4064 993 4123 calicem
1018 4065 1187 4135 immittitur,
1208 4068 1295 4126 altera

94 4161 168 4221 olim
180 4180 234 4239 pru
255 4161 375 4220 infirmis
396 4161 602 4230 reservabatur,
621 4162 708 4221 altera
729 4163 929 4221 absumebatur
951 4183 967 4220 a
988 4163 1153 4224 sacerdote:
1175 4178 1293 4239 utraque

92 4277 174 4321 nunc
188 4277 205 4316 a
218 4257 366 4316 sacerdote
381 4259 512 4317 sumitur.
554 4258 702 4321 immissio
724 4258 825 4317 hostiae
848 4260 877 4318 iu
898 4260 1017 4320 calicem
1039 4262 1167 4340 corporis
1181 4265 1295 4340 sangui-

94 4359 202 4430 nisque
216 4357 246 4414 in
262 4354 371 4413 Christi
387 4355 592 4414 resurrectione
607 4357 838 4433 conjunctionem
854 4376 911 4416 non
926 4359 1046 4416 obscure
1061 4359 1176 4418 indicat.

141 4458 208 4514 137.
232 4453 349 4511 Secreto
364 4452 495 4512 dicuutur
509 4453 651 4511 orationes
666 4453 720 4510 illae
736 4473 798 4527 qua
814 4465 880 4531 post
894 4455 1069 4515 offertorium
1084 4467 1240 4530 sequuntur
1261 4458 1296 4518 ad

96 4549 306 4614 Praelationenr
318 4569 418 4623 usque,
431 4560 542 4609 ettotus
552 4551 610 4608 lere
622 4569 724 4618 canon,
735 4551 783 4624 qui
795 4550 866 4610 ritus
881 4552 1097 4626 antiquissimus
1113 4565 1173 4613 est:
1189 4555 1297 4633 quippe

220 4663 450 4726 vocnt-:s
1220 4624 1332 4770 1
