2774 5056
144 315 201 371 1⁰2
274 304 278 309 ¹
487 370 496 379 .
549 312 606 373 DE
626 312 925 373 SAGRAMENTO.

145 471 273 529 extemis
286 471 418 548 sumptis.
459 469 604 531 Cretemm
621 471 758 546 quidquid
778 473 828 538 sit,
843 473 928 550 juxta
941 488 1057 548 pravam
1076 470 1141 547 ejus
1155 476 1285 527 mentem
1304 464 1342 523 de

147 586 251 627 rocnm
264 569 375 627 illarum
396 568 550 646 “Spiritus
570 569 713 627 Sanctus’'
727 570 757 626 ri
777 588 835 628 non
857 581 902 627 est
917 567 1123 647 judicandum
1144 565 1196 623 red
1218 563 1346 623 charitas

145 684 231 739 quam
244 667 273 725 in
284 666 368 726 eorde
380 667 513 726 diffundit
522 668 663 744 imprimis
675 668 858 746 intelligenda
868 668 1047 735 “collectus
1059 666 1170 723 scilicet
1180 664 1346 742 praecipuus

145 762 235 820 divini
249 762 325 820 illius
339 762 464 840 Spiritus
475 765 506 822 in
518 762 604 821 corde
618 764 779 822 habitantis.
811 763 952 823 Praeclare
964 763 1163 840 Augustinus:
1185 770 1206 797 ‘⁶
1215 761 1344 837 Spiritus

146 872 241 919 sutem
266 860 388 919 Sanctus
413 860 490 935 quod
514 861 543 920 iu
570 860 633 918 sola
658 860 809 920 catholiea
831 881 884 939 per
906 879 1009 920 manus
1032 860 1251 937 impositionem
1277 856 1340 916 dari

144 955 257 1023 dicitnr,
271 957 404 1015 nimirum
418 957 474 1015 hoc
485 955 606 1034 intelligi
618 958 739 1034 majores
751 959 841 1016 nostri
851 958 1012 1023 roluemnt,
1022 955 1099 1029 qnod
1113 955 1271 1032 Apostolus
1285 954 1341 1011 ait:

146 1053 231 1127 ‘quia
243 1051 366 1110 charitas
380 1052 436 1111 Dei
450 1053 556 1111 diffusa
568 1053 654 1112 estin
666 1053 799 1111 cordibus
810 1055 915 1113 nostris
925 1072 977 1130 per
990 1052 1129 1130 Spiritum
1140 1051 1280 1109 Sanctum
1290 1050 1343 1123 qui

144 1147 449 1208 datnscstuobis.”’¹
882 1212 889 1222 ,

186 1250 237 1304 21.
262 1245 375 1324 01].1.
399 1247 530 1307 Gratiam
550 1247 675 1325 Spiritus
701 1247 801 1306 Sancti
820 1247 968 1305 Samarits
996 1248 1055 1324 jam
1079 1254 1257 1322 acceperant,
1281 1261 1342 1302 cre-

145 1341 246 1402 dentes
260 1346 337 1402 enim
351 1345 462 1404 fuerant
474 1346 619 1423 baptizati.
660 1345 746 1403 Dona
758 1345 844 1422 igitur
857 1345 912 1402 alia
926 1364 990 1418 quie
1005 1346 1035 1402 in
1056 1343 1218 1421 Religionis
1231 1341 1342 1420 pmsec·
1374 1356 1378 1366 ·

145 1451 206 1499 tum
219 1458 336 1500 cessura
348 1453 437 1510 eraut,
452 1442 611 1520 prophetia,
625 1442 786 1520 linguarum
800 1442 930 1509 scientia,
945 1455 974 1500 et
993 1441 1048 1499 alia
1067 1439 1245 1519 hujusmodi,
1259 1457 1341 1498 occa·

144 1539 226 1597 sione
242 1558 378 1598 manuum
391 1541 585 1617 impositionis
601 1541 643 1598 eis
657 1559 798 1598 concessa
809 1552 886 1598 sunt.

186 1635 275 1712 Resp.
298 1637 404 1709 Utique
424 1637 561 1696 censendi
575 1648 643 1696 suut
655 1637 803 1696 Samaritae
819 1639 881 1715 jam
895 1638 1037 1715 baptismo
1050 1637 1115 1695 Deo
1128 1637 1197 1702 uati,
1211 1635 1265 1693 tilii
1279 1635 1342 1711 ejus

144 1735 241 1793 dilecti
254 1749 284 1792 et
297 1735 424 1794 haeredes
439 1737 520 1812 regni
535 1738 691 1795 constituti.
732 1737 865 1794 Attamen
880 1736 1004 1813 Spiritus
1017 1739 1139 1794 Sanctus
1153 1733 1215 1792 dari
1228 1733 1342 1798 dicitur,

146 1829 261 1904 qnando
275 1833 403 1890 intimius
417 1844 446 1889 et
459 1833 565 1909 largius
580 1851 644 1890 sese
665 1833 868 1900 communicat,
881 1832 1046 1899 charitatem
1066 1851 1149 1890 suam
1161 1831 1193 1889 in
1206 1829 1340 1889 cordibus

146 1930 320 1990 diffundens.
362 1931 473 1991 Caetera
497 1932 546 1989 1113
569 1930 644 1990 dona
664 1931 699 1989 ad
719 1931 838 1990 aliorum
859 1931 1008 1989 utilitatem
1022 1949 1170 1997 concessa,
1195 1949 1255 1988 non
1276 1938 1343 1987 sunt

146 2031 279 2089 omnibus
293 2029 424 2088 fidelibus
439 2030 609 2098 necessaria,
622 2031 665 2088 rel
678 2041 857 2107 opportunaz
871 2029 923 2088 sed
932 2031 1033 2089 animm
1046 2030 1188 2107 pmfectus
1200 2028 1342 2106 imprimis

145 2127 176 2185 in
190 2129 324 2184 omnibus
337 2127 477 2186 Ecclesiae
491 2128 657 2185 muneribus
671 2139 824 2204 spectatur.
867 2127 936 2185 Non
950 2127 1006 2185 3113
1018 2140 1094 2185 certe
1108 2126 1143 2184 de
1164 2145 1251 2184 causa
1264 2125 1341 2184 sesti·

144 2235 248 2281 naruut
261 2224 365 2281 Petrus
376 2237 405 2281 et
418 2223 525 2282 Paulus
540 2224 709 2290 Samariam,
721 2242 807 2296 quam
817 2234 849 2282 ut
858 2223 989 2282 fidelibus
1000 2243 1055 2283 suo
1063 2223 1223 2282 ministerio
1233 2223 1342 2300 majora

143 2322 359 2399 suppeditarent
370 2321 508 2390 subsidia,
523 2322 627 2396 quibus
641 2323 671 2380 iu
685 2322 732 2381 ria
745 2321 864 2381 Domini
886 2340 1004 2400 pergere
1018 2331 1047 2381 et
1066 2339 1249 2398 perseverare
1271 2339 1336 2398 pos·

142 2431 217 2479 sent.
237 2421 361 2480 Pulchre
375 2420 429 2479 hos
445 2419 638 2497 impositionis
651 2438 787 2477 manuum
798 2420 905 2477 fructus
917 2420 950 2476 S.
963 2419 1125 2478 Eucherius
1136 2417 1340 2495 Lugdunensis

143 2529 289 2577 recenset:
323 2518 519 2576 “Paracletus
542 2518 714 2593 regeneratis
743 2516 913 2576 1101111110
939 2533 1047 2584 custos,
1071 2527 1102 2574 et
1120 2515 1292 2582 consolator,
1313 2525 1343 2572 et

146 2626 220 2675 tutor
234 2627 288 2674 est.
311 2659 319 2673 .
342 2657 350 2673 .
373 2658 382 2675 .
404 2617 483 2692 Ergo
496 2617 620 2691 Spiritus
633 2617 764 2683 Sanctus,
776 2617 826 2689 qui
837 2636 925 2693 super
947 2636 1035 2690 aquas
1046 2615 1180 2693 baptismi
1196 2615 1342 2674 salutifero

145 2713 292 2771 descendit
306 2713 419 2788 illapsu,
432 2712 462 2769 in
477 2712 553 2770 sonte
577 2711 784 2787 plenitudinem
805 2714 903 2771 tribuit
916 2713 950 2771 ad
972 2713 1173 2780 innocentiam,
1189 2715 1219 2772 in
1239 2712 1342 2771 confir·

145 2812 269 2870 matione
284 2821 467 2887 augmentum
492 2819 606 2886 praestat
631 2810 666 2868 ad
690 2811 828 2887 gratiam:
851 2813 918 2886 quia
939 2813 968 2869 in
979 2812 1035 2870 hoc
1060 2812 1166 2870 mundo
1181 2821 1239 2870 tota
1261 2825 1341 2870 aetate

146 2906 261 2965 victuris
286 2907 359 2964 iuter
382 2906 510 2964 visibiles
534 2906 631 2965 hostes
657 2917 685 2964 et
709 2908 834 2984 pericula
860 2908 1046 2986 gradiendum
1067 2923 1127 2976 est;
1149 2910 1177 2966 in
1200 2909 1342 2985 baptismo

146 3022 346 3081 regeneramur
359 3003 394 3061 ad
409 3005 505 3071 vitam,
522 3015 587 3081 post
601 3005 773 3081 baptismum
787 3007 990 3065 confirmamur
1002 3006 1037 3064 ad
1059 3025 1204 3083 pugnam;
1219 3007 1251 3064 in
1272 3008 1340 3083 bap·

146 3104 230 3162 tismo
245 3103 395 3171 abluimur,
410 3117 476 3179 post
499 3105 673 3181 baptismum
693 3106 868 3164 roboramur.
909 3107 956 3165 Ac
970 3105 1012 3164 sic
1032 3106 1166 3164 continuo
1180 3107 1340 3164 transituris

144 3201 292 3261 sufficiunt
305 3203 526 3279 regenerationis
550 3203 706 3271 beneficia3
729 3203 845 3263 victuris
859 3213 954 3262 autem
974 3204 1135 3263 necessaria
1149 3214 1217 3261 sunt
1236 3205 1340 3263 contir-

146 3298 278 3357 tnationis
292 3298 442 3358 1111113.”1

188 3404 236 3458 22.
263 3396 330 3477 Obj.
347 3401 375 3456 6.
398 3395 548 3464 “Quodsi
563 3414 697 3475 manuum
712 3396 895 3473 impositione
916 3397 1070 3473 Apostolos
1091 3414 1123 3453 se
1138 3397 1243 3454 imitari
1258 3396 1337 3455 evin-

27 3558 31 3571 ,
145 3496 241 3565 0311,”
276 3498 314 3554 311
337 3495 486 3562 Calvinus,
509 3493 544 3552 de
570 3493 728 3556 Catholicis
753 3495 921 3571 praesulibus
943 3494 1076 3568 loquens,
1117 3505 1136 3531 “
1149 3495 1224 3554 unde
1246 3508 1343 3557 tamen

144 3594 250 3661 oleum,
266 3593 342 3666 quod
358 3601 468 3660 vocant,
482 3592 602 3649 salutisl
644 3592 716 3659 Quis
731 3611 781 3651 eos
803 3595 832 3650 in
847 3593 911 3651 olco
932 3593 1052 3650 salntem
1072 3611 1197 3666 quaerere
1219 3594 1338 3652 docuit?

147 3690 212 3762 quis
226 3690 284 3746 vim
305 3687 455 3747 roborandi
476 3689 517 3747 illi
538 3689 708 3747 attribuere?
748 3690 794 3748 An
816 3691 922 3749 Paulus
945 3689 1026 3769 (Gal.
1040 3695 1070 3758 4,
1085 3695 1114 3750 9.
1137 3689 1203 3749 Col.
1219 3693 1342 3770 3111),

146 3786 196 3859 qui
210 3804 263 3844 nos
278 3787 312 3842 ab
326 3786 473 3843 elementis
490 3786 575 3863 hujus
590 3786 689 3844 mundi
703 3786 789 3863 longe
799 3787 943 3854 abstrahit,
959 3788 1009 3861 qui
1023 3788 1095 3846 nihil
1107 3788 1197 3864 magis
1212 3788 1340 3857 damnat,

147 3901 232 3956 quam
247 3883 347 3940 talibus
362 3883 613 3943 observatiunculis
628 3883 734 3941 haerere
744 3884 792 3941 3¹⁹⁸

185 3979 272 4058 It’esp.
297 3981 329 4038 Si
343 3991 452 4039 constet
466 4001 600 4039 mannum
623 3982 835 4058 impositionem
850 4002 914 4040 cum
939 4001 1022 4059 prece
1044 4001 1129 4056 quam
1150 3981 1344 4043 adhibuerunt

148 4080 278 4155 Apostoli
294 4091 324 4137 nt
337 4079 434 4138 fideles
449 4082 609 4158 acciperent
623 4081 761 4158 Spiritum
776 4082 923 4149 Sanctum,
938 4100 1054 4159 semper
1068 4080 1223 4140 adhibitam
1238 4083 1343 4143 eodem

158 4178 278 4237 consilio
292 4179 322 4236 in
339 4178 470 4237 Ecclesia
485 4180 644 4248 Catholica,
662 4180 780 4238 vicimus
803 4179 996 4249 calvinianos,
1011 4179 1149 4254 quidquid
1170 4182 1209 4239 sit
1229 4181 1265 4241 de
1287 4185 1345 4243 olei

148 4275 282 4336 unctione
307 4293 369 4348 quae
384 4293 447 4334 eam
468 4278 606 4349 sequitur,
621 4277 666 4336 vel
687 4276 846 4335 comitatur.
888 4277 930 4336 Ut
953 4278 1030 4336 enim
1051 4276 1243 4337 concedamus
1269 4279 1344 4341 hano

414 4472 456 4537 (l)
474 4469 504 4520 L.
515 4471 549 4521 iii.
560 4473 590 4522 de
601 4472 674 4538 Bapt.
683 4479 767 4523 contra
778 4471 919 4523 Donatistns
930 4489 952 4524 c.
962 4473 1012 4522 xvi.

413 4554 456 4623 (Β)
475 4556 550 4606 Hom.
563 4558 699 4608 Pentecost.
710 4559 738 4609 in
750 4556 892 4610 Bibliothsc.
904 4559 1005 4610 Petrum
1016 4566 1033 4609 t.
1044 4557 1076 4608 ri

80 4678 173 4762 κ
411 4647 453 4712 (3)
473 4645 601 4696 1111111.
613 4661 634 4696 c.
645 4645 697 4697 xix.
715 4649 738 4696 7.
852 4650 860 4663 ·“
