<?xml version="1.0" encoding="UTF-8"?>
<!DOCTYPE html PUBLIC "-//W3C//DTD XHTML 1.0 Transitional//EN"
    "http://www.w3.org/TR/xhtml1/DTD/xhtml1-transitional.dtd">
<html xmlns="http://www.w3.org/1999/xhtml" xml:lang="en" lang="en">
 <head>
  <title>
</title>
<meta http-equiv="Content-Type" content="text/html;charset=utf-8" />
  <meta name='ocr-system' content='tesseract 3.04.00' />
  <meta name='ocr-capabilities' content='ocr_page ocr_carea ocr_par ocr_line ocrx_word'/>
</head>
<body>
  <div class='ocr_page' id='page_1' title='image "./theologidogmati03kenrgoog_0214.png"; bbox 0 0 2812 5062; ppageno 0'>
   <div class='ocr_carea' id='block_1_1' title="bbox 543 288 1286 353">
    <p class='ocr_par' dir='ltr' id='par_1_1' title="bbox 543 288 1286 353">
     <span class='ocr_line' id='line_1_1' title="bbox 543 288 1286 353; baseline -0.012 0"><span class='ocrx_word' id='word_1_1' title='bbox 543 288 601 353; x_wconf 77' lang='lat' dir='ltr'><strong>DE</strong></span> <span class='ocrx_word' id='word_1_2' title='bbox 621 288 847 351; x_wconf 80' lang='lat' dir='ltr'><strong>LITURGIlS.</strong></span> <span class='ocrx_word' id='word_1_3' title='bbox 1229 288 1286 345; x_wconf 79' lang='lat' dir='ltr'><strong>att</strong></span> 
     </span>
    </p>
   </div>
   <div class='ocr_carea' id='block_1_2' title="bbox 96 444 1301 2564">
    <p class='ocr_par' dir='ltr' id='par_1_2' title="bbox 96 444 1289 610">
     <span class='ocr_line' id='line_1_2' title="bbox 100 444 1289 531; baseline -0.009 -18"><span class='ocrx_word' id='word_1_4' title='bbox 100 454 215 513; x_wconf 89' lang='lat' dir='ltr'><strong>sionem</strong></span> <span class='ocrx_word' id='word_1_5' title='bbox 239 462 430 531; x_wconf 86' lang='lat' dir='ltr'><strong>peccatorum,</strong></span> <span class='ocrx_word' id='word_1_6' title='bbox 451 460 480 510; x_wconf 89' lang='lat' dir='ltr'><strong>st</strong></span> <span class='ocrx_word' id='word_1_7' title='bbox 500 451 585 511; x_wconf 69' lang='lat' dir='ltr'><strong>dum</strong></span> <span class='ocrx_word' id='word_1_8' title='bbox 606 461 738 508; x_wconf 83' lang='lat' dir='ltr'><strong>aeteruum</strong></span> <span class='ocrx_word' id='word_1_9' title='bbox 759 447 979 525; x_wconf 73' lang='lat' dir='ltr'><strong>suscipientibus</strong></span> <span class='ocrx_word' id='word_1_10' title='bbox 1007 444 1120 505; x_wconf 88' lang='lat' dir='ltr'><strong>illum.”</strong></span> <span class='ocrx_word' id='word_1_11' title='bbox 1161 445 1289 523; x_wconf 89' lang='lat' dir='ltr'><strong>Populos</strong></span> 
     </span>
     <span class='ocr_line' id='line_1_3' title="bbox 96 548 380 610; baseline -0.007 0"><span class='ocrx_word' id='word_1_12' title='bbox 96 548 190 610; x_wconf 74' lang='lat' dir='ltr'><strong>dicite</strong></span> <span class='ocrx_word' id='word_1_13' title='bbox 212 550 380 609; x_wconf 83' lang='lat' dir='ltr'><strong>“Amen.”²</strong></span> 
     </span>
    </p>

    <p class='ocr_par' dir='ltr' id='par_1_3' title="bbox 104 640 1295 1018">
     <span class='ocr_line' id='line_1_4' title="bbox 143 640 1290 723; baseline -0.01 -16"><span class='ocrx_word' id='word_1_14' title='bbox 143 652 212 709; x_wconf 78' lang='lat'><strong>207.</strong></span> <span class='ocrx_word' id='word_1_15' title='bbox 235 648 287 707; x_wconf 92' lang='lat' dir='ltr'><strong>Ille</strong></span> <span class='ocrx_word' id='word_1_16' title='bbox 308 666 394 721; x_wconf 91' lang='lat' dir='ltr'><strong>quem</strong></span> <span class='ocrx_word' id='word_1_17' title='bbox 421 646 499 723; x_wconf 88' lang='lat' dir='ltr'><strong>prius</strong></span> <span class='ocrx_word' id='word_1_18' title='bbox 522 643 701 704; x_wconf 83' lang='lat' dir='ltr'><strong>laudavimus</strong></span> <span class='ocrx_word' id='word_1_19' title='bbox 722 642 814 702; x_wconf 83' lang='lat' dir='ltr'>codex</span> <span class='ocrx_word' id='word_1_20' title='bbox 835 651 901 719; x_wconf 91' lang='lat' dir='ltr'><strong>post</strong></span> <span class='ocrx_word' id='word_1_21' title='bbox 928 640 1100 700; x_wconf 86' lang='lat' dir='ltr'><strong>dominicam</strong></span> <span class='ocrx_word' id='word_1_22' title='bbox 1122 640 1290 706; x_wconf 85' lang='lat' dir='ltr'><strong>orationem,</strong></span> 
     </span>
     <span class='ocr_line' id='line_1_5' title="bbox 104 736 1292 825; baseline -0.007 -23"><span class='ocrx_word' id='word_1_23' title='bbox 104 742 306 825; x_wconf 85' lang='lat' dir='ltr'><strong>presbyterum</strong></span> <span class='ocrx_word' id='word_1_24' title='bbox 320 743 436 801; x_wconf 86' lang='lat' dir='ltr'><strong>exhibet</strong></span> <span class='ocrx_word' id='word_1_25' title='bbox 450 750 630 820; x_wconf 84' lang='lat' dir='ltr'><strong>precantem:</strong></span> <span class='ocrx_word' id='word_1_26' title='bbox 654 749 674 776; x_wconf 78' lang='lat'><strong>‘⁶</strong></span> <span class='ocrx_word' id='word_1_27' title='bbox 686 747 718 798; x_wconf 91' lang='lat' dir='ltr'><strong>ut</strong></span> <span class='ocrx_word' id='word_1_28' title='bbox 730 738 887 797; x_wconf 88' lang='lat' dir='ltr'><strong>efficiamur</strong></span> <span class='ocrx_word' id='word_1_29' title='bbox 900 736 977 815; x_wconf 83' lang='lat' dir='ltr'><strong>digni</strong></span> <span class='ocrx_word' id='word_1_30' title='bbox 992 739 1040 811; x_wconf 89' lang='lat' dir='ltr'><strong>qui</strong></span> <span class='ocrx_word' id='word_1_31' title='bbox 1055 736 1126 795; x_wconf 91' lang='lat' dir='ltr'><strong>socii</strong></span> <span class='ocrx_word' id='word_1_32' title='bbox 1140 749 1167 795; x_wconf 91' lang='lat' dir='ltr'><strong>et</strong></span> <span class='ocrx_word' id='word_1_33' title='bbox 1181 736 1292 815; x_wconf 89' lang='lat' dir='ltr'><strong>partici-</strong></span> 
     </span>
     <span class='ocr_line' id='line_1_6' title="bbox 104 834 1295 921; baseline -0.006 -23"><span class='ocrx_word' id='word_1_34' title='bbox 104 860 158 921; x_wconf 90' lang='lat' dir='ltr'><strong>pes</strong></span> <span class='ocrx_word' id='word_1_35' title='bbox 178 842 268 901; x_wconf 89' lang='lat' dir='ltr'><strong>simos</strong></span> <span class='ocrx_word' id='word_1_36' title='bbox 293 850 453 899; x_wconf 87' lang='lat' dir='ltr'><strong>sanctorum</strong></span> <span class='ocrx_word' id='word_1_37' title='bbox 476 849 588 897; x_wconf 92' lang='lat' dir='ltr'><strong>tuorum</strong></span> <span class='ocrx_word' id='word_1_38' title='bbox 613 835 846 914; x_wconf 86' lang='lat' dir='ltr'><strong>mysteriorum.”</strong></span> <span class='ocrx_word' id='word_1_39' title='bbox 887 835 967 893; x_wconf 80' lang='lat' dir='ltr'><strong>Alter</strong></span> <span class='ocrx_word' id='word_1_40' title='bbox 986 834 1077 894; x_wconf 84' lang='lat' dir='ltr'>codex</span> <span class='ocrx_word' id='word_1_41' title='bbox 1097 835 1201 902; x_wconf 88' lang='lat' dir='ltr'><strong>hahet;</strong></span> <span class='ocrx_word' id='word_1_42' title='bbox 1230 843 1295 891; x_wconf 86' lang='lat' dir='ltr'><strong>“ut</strong></span> 
     </span>
     <span class='ocr_line' id='line_1_7' title="bbox 104 931 1282 1018; baseline -0.008 -18"><span class='ocrx_word' id='word_1_43' title='bbox 104 938 185 1018; x_wconf 84' lang='lat' dir='ltr'><strong>digni</strong></span> <span class='ocrx_word' id='word_1_44' title='bbox 198 957 299 997; x_wconf 89' lang='lat' dir='ltr'><strong>sumus</strong></span> <span class='ocrx_word' id='word_1_45' title='bbox 313 936 542 999; x_wconf 87' lang='lat' dir='ltr'><strong>communicandi</strong></span> <span class='ocrx_word' id='word_1_46' title='bbox 555 936 668 1014; x_wconf 82' lang='lat' dir='ltr'><strong>corpori</strong></span> <span class='ocrx_word' id='word_1_47' title='bbox 681 946 711 994; x_wconf 92' lang='lat' dir='ltr'><strong>et</strong></span> <span class='ocrx_word' id='word_1_48' title='bbox 723 935 854 1011; x_wconf 87' lang='lat' dir='ltr'><strong>sanguini</strong></span> <span class='ocrx_word' id='word_1_49' title='bbox 868 933 977 992; x_wconf 83' lang='lat' dir='ltr'><strong>Christi</strong></span> <span class='ocrx_word' id='word_1_50' title='bbox 992 933 1145 992; x_wconf 84' lang='lat' dir='ltr'><strong>Salvatoris</strong></span> <span class='ocrx_word' id='word_1_51' title='bbox 1159 931 1282 991; x_wconf 88' lang='lat' dir='ltr'><strong>nostri.’‘</strong></span> 
     </span>
    </p>

    <p class='ocr_par' dir='ltr' id='par_1_4' title="bbox 105 1029 1295 1406">
     <span class='ocr_line' id='line_1_8' title="bbox 144 1029 1292 1109; baseline -0.006 -14"><span class='ocrx_word' id='word_1_52' title='bbox 144 1040 214 1095; x_wconf 78' lang='lat'><strong>208.</strong></span> <span class='ocrx_word' id='word_1_53' title='bbox 243 1035 289 1094; x_wconf 82' lang='lat' dir='ltr'><strong>Ad</strong></span> <span class='ocrx_word' id='word_1_54' title='bbox 315 1035 480 1094; x_wconf 86' lang='lat' dir='ltr'><strong>fractionem</strong></span> <span class='ocrx_word' id='word_1_55' title='bbox 507 1033 609 1092; x_wconf 85' lang='lat' dir='ltr'><strong>hostiae</strong></span> <span class='ocrx_word' id='word_1_56' title='bbox 636 1031 704 1091; x_wconf 91' lang='lat' dir='ltr'><strong>dicit</strong></span> <span class='ocrx_word' id='word_1_57' title='bbox 724 1030 867 1099; x_wconf 90' lang='lat' dir='ltr'><strong>sacerdos,</strong></span> <span class='ocrx_word' id='word_1_58' title='bbox 890 1031 973 1107; x_wconf 86' lang='lat' dir='ltr'><strong>juxta</strong></span> <span class='ocrx_word' id='word_1_59' title='bbox 997 1031 1119 1109; x_wconf 82' lang='lat' dir='ltr'><strong>priorem</strong></span> <span class='ocrx_word' id='word_1_60' title='bbox 1145 1029 1292 1089; x_wconf 89' lang='lat' dir='ltr'><strong>codicem:</strong></span> 
     </span>
     <span class='ocr_line' id='line_1_9' title="bbox 106 1128 1295 1210; baseline -0.005 -17"><span class='ocrx_word' id='word_1_61' title='bbox 106 1144 129 1173; x_wconf 89' lang='lat'>“</span> <span class='ocrx_word' id='word_1_62' title='bbox 142 1134 221 1193; x_wconf 92' lang='lat' dir='ltr'><strong>Unio</strong></span> <span class='ocrx_word' id='word_1_63' title='bbox 232 1133 405 1192; x_wconf 73' lang='lat' dir='ltr'><strong>sanctissimi</strong></span> <span class='ocrx_word' id='word_1_64' title='bbox 418 1131 547 1210; x_wconf 89' lang='lat' dir='ltr'><strong>corporis</strong></span> <span class='ocrx_word' id='word_1_65' title='bbox 561 1142 589 1190; x_wconf 92' lang='lat' dir='ltr'><strong>et</strong></span> <span class='ocrx_word' id='word_1_66' title='bbox 603 1131 719 1209; x_wconf 74' lang='lat' dir='ltr'><strong>pretiosi</strong></span> <span class='ocrx_word' id='word_1_67' title='bbox 733 1129 878 1207; x_wconf 87' lang='lat' dir='ltr'><strong>sanguinis</strong></span> <span class='ocrx_word' id='word_1_68' title='bbox 893 1129 1022 1198; x_wconf 89' lang='lat' dir='ltr'><strong>Domini,</strong></span> <span class='ocrx_word' id='word_1_69' title='bbox 1034 1141 1062 1187; x_wconf 90' lang='lat' dir='ltr'><strong>et</strong></span> <span class='ocrx_word' id='word_1_70' title='bbox 1076 1129 1142 1197; x_wconf 90' lang='lat' dir='ltr'><strong>Dei,</strong></span> <span class='ocrx_word' id='word_1_71' title='bbox 1157 1141 1185 1187; x_wconf 91' lang='lat' dir='ltr'><strong>et</strong></span> <span class='ocrx_word' id='word_1_72' title='bbox 1198 1128 1295 1187; x_wconf 79' lang='lat' dir='ltr'><strong>Salva·</strong></span> 
     </span>
     <span class='ocr_line' id='line_1_10' title="bbox 105 1224 1295 1303; baseline -0.004 -14"><span class='ocrx_word' id='word_1_73' title='bbox 105 1230 177 1289; x_wconf 90' lang='lat' dir='ltr'><strong>toris</strong></span> <span class='ocrx_word' id='word_1_74' title='bbox 192 1234 280 1288; x_wconf 83' lang='lat' dir='ltr'><strong>nostri</strong></span> <span class='ocrx_word' id='word_1_75' title='bbox 293 1230 365 1288; x_wconf 88' lang='lat' dir='ltr'><strong>Jesu</strong></span> <span class='ocrx_word' id='word_1_76' title='bbox 380 1228 524 1288; x_wconf 82' lang='lat' dir='ltr'><strong>Christi.&#39;&#39;</strong></span> <span class='ocrx_word' id='word_1_77' title='bbox 562 1228 650 1287; x_wconf 84' lang='lat' dir='ltr'><strong>Juxta</strong></span> <span class='ocrx_word' id='word_1_78' title='bbox 663 1227 801 1285; x_wconf 86' lang='lat' dir='ltr'><strong>alterum:</strong></span> <span class='ocrx_word' id='word_1_79' title='bbox 823 1235 843 1263; x_wconf 86' lang='lat'>“</span> <span class='ocrx_word' id='word_1_80' title='bbox 856 1226 1034 1303; x_wconf 86' lang='lat' dir='ltr'><strong>inspergitur</strong></span> <span class='ocrx_word' id='word_1_81' title='bbox 1045 1226 1162 1303; x_wconf 87' lang='lat' dir='ltr'><strong>sanguis</strong></span> <span class='ocrx_word' id='word_1_82' title='bbox 1176 1224 1295 1284; x_wconf 89' lang='lat' dir='ltr'><strong>Domini</strong></span> 
     </span>
     <span class='ocr_line' id='line_1_11' title="bbox 107 1322 1124 1406; baseline -0.007 -19"><span class='ocrx_word' id='word_1_83' title='bbox 107 1326 196 1387; x_wconf 85' lang='lat' dir='ltr'><strong>nostri</strong></span> <span class='ocrx_word' id='word_1_84' title='bbox 210 1328 323 1404; x_wconf 79' lang='lat' dir='ltr'><strong>corpori</strong></span> <span class='ocrx_word' id='word_1_85' title='bbox 336 1328 399 1406; x_wconf 87' lang='lat' dir='ltr'><strong>ejus</strong></span> <span class='ocrx_word' id='word_1_86' title='bbox 414 1328 443 1385; x_wconf 88' lang='lat' dir='ltr'><strong>in</strong></span> <span class='ocrx_word' id='word_1_87' title='bbox 458 1326 574 1385; x_wconf 89' lang='lat' dir='ltr'><strong>nomine</strong></span> <span class='ocrx_word' id='word_1_88' title='bbox 588 1326 679 1385; x_wconf 85' lang='lat' dir='ltr'><strong>Patris</strong></span> <span class='ocrx_word' id='word_1_89' title='bbox 694 1334 723 1383; x_wconf 89' lang='lat' dir='ltr'><strong>et</strong></span> <span class='ocrx_word' id='word_1_90' title='bbox 736 1324 802 1382; x_wconf 82' lang='lat' dir='ltr'><strong>Filii</strong></span> <span class='ocrx_word' id='word_1_91' title='bbox 815 1334 844 1382; x_wconf 90' lang='lat' dir='ltr'><strong>et</strong></span> <span class='ocrx_word' id='word_1_92' title='bbox 858 1324 980 1400; x_wconf 83' lang='lat' dir='ltr'><strong>Spiritus</strong></span> <span class='ocrx_word' id='word_1_93' title='bbox 995 1322 1124 1381; x_wconf 85' lang='lat' dir='ltr'><strong>Sancti.”</strong></span> 
     </span>
    </p>

    <p class='ocr_par' dir='ltr' id='par_1_5' title="bbox 109 1418 1298 1970">
     <span class='ocr_line' id='line_1_12' title="bbox 148 1418 1295 1485; baseline -0.004 -4"><span class='ocrx_word' id='word_1_94' title='bbox 148 1425 219 1481; x_wconf 74' lang='lat'><strong>209.</strong></span> <span class='ocrx_word' id='word_1_95' title='bbox 239 1422 292 1481; x_wconf 92' lang='lat' dir='ltr'><strong>llle</strong></span> <span class='ocrx_word' id='word_1_96' title='bbox 305 1420 396 1481; x_wconf 84' lang='lat' dir='ltr'><strong>codex</strong></span> <span class='ocrx_word' id='word_1_97' title='bbox 411 1422 489 1481; x_wconf 83' lang='lat' dir='ltr'><strong>circo</strong></span> <span class='ocrx_word' id='word_1_98' title='bbox 511 1420 746 1480; x_wconf 82' lang='lat' dir='ltr'><strong>communionem</strong></span> <span class='ocrx_word' id='word_1_99' title='bbox 765 1419 827 1477; x_wconf 82' lang='lat' dir='ltr'><strong>haec</strong></span> <span class='ocrx_word' id='word_1_100' title='bbox 840 1419 942 1477; x_wconf 85' lang='lat' dir='ltr'><strong>habet:</strong></span> <span class='ocrx_word' id='word_1_101' title='bbox 966 1428 986 1456; x_wconf 79' lang='lat'><strong>‘⁶</strong></span> <span class='ocrx_word' id='word_1_102' title='bbox 999 1418 1118 1477; x_wconf 81' lang='lat' dir='ltr'><strong>Gustata</strong></span> <span class='ocrx_word' id='word_1_103' title='bbox 1142 1428 1171 1476; x_wconf 91' lang='lat' dir='ltr'><strong>et</strong></span> <span class='ocrx_word' id='word_1_104' title='bbox 1191 1418 1295 1485; x_wconf 82' lang='lat' dir='ltr'><strong>videte,</strong></span> 
     </span>
     <span class='ocr_line' id='line_1_13' title="bbox 109 1515 1297 1597; baseline -0.004 -19"><span class='ocrx_word' id='word_1_105' title='bbox 109 1519 188 1595; x_wconf 88' lang='lat' dir='ltr'><strong>quod</strong></span> <span class='ocrx_word' id='word_1_106' title='bbox 201 1521 341 1597; x_wconf 90' lang='lat' dir='ltr'><strong>benignus</strong></span> <span class='ocrx_word' id='word_1_107' title='bbox 355 1530 399 1578; x_wconf 90' lang='lat' dir='ltr'><strong>est</strong></span> <span class='ocrx_word' id='word_1_108' title='bbox 420 1519 575 1587; x_wconf 87' lang='lat' dir='ltr'><strong>Dominus,</strong></span> <span class='ocrx_word' id='word_1_109' title='bbox 591 1519 639 1592; x_wconf 89' lang='lat' dir='ltr'><strong>qui</strong></span> <span class='ocrx_word' id='word_1_110' title='bbox 660 1519 690 1576; x_wconf 92' lang='lat' dir='ltr'><strong>in</strong></span> <span class='ocrx_word' id='word_1_111' title='bbox 711 1530 803 1596; x_wconf 88' lang='lat' dir='ltr'><strong>partes</strong></span> <span class='ocrx_word' id='word_1_112' title='bbox 824 1516 1000 1585; x_wconf 89' lang='lat' dir='ltr'><strong>distributos,</strong></span> <span class='ocrx_word' id='word_1_113' title='bbox 1015 1536 1048 1575; x_wconf 90' lang='lat' dir='ltr'><strong>ac</strong></span> <span class='ocrx_word' id='word_1_114' title='bbox 1063 1535 1119 1575; x_wconf 90' lang='lat' dir='ltr'><strong>non</strong></span> <span class='ocrx_word' id='word_1_115' title='bbox 1134 1515 1253 1584; x_wconf 82' lang='lat' dir='ltr'><strong>divisus,</strong></span> <span class='ocrx_word' id='word_1_116' title='bbox 1268 1524 1297 1574; x_wconf 89' lang='lat' dir='ltr'><strong>et</strong></span> 
     </span>
     <span class='ocr_line' id='line_1_14' title="bbox 109 1616 1298 1695; baseline -0.003 -18"><span class='ocrx_word' id='word_1_117' title='bbox 109 1618 242 1677; x_wconf 83' lang='lat' dir='ltr'><strong>fidelibus</strong></span> <span class='ocrx_word' id='word_1_118' title='bbox 261 1618 431 1695; x_wconf 90' lang='lat' dir='ltr'><strong>impertitus,</strong></span> <span class='ocrx_word' id='word_1_119' title='bbox 453 1636 506 1676; x_wconf 91' lang='lat' dir='ltr'><strong>nec</strong></span> <span class='ocrx_word' id='word_1_120' title='bbox 529 1628 715 1695; x_wconf 89' lang='lat' dir='ltr'><strong>consumptus</strong></span> <span class='ocrx_word' id='word_1_121' title='bbox 737 1626 791 1684; x_wconf 88' lang='lat' dir='ltr'><strong>est,</strong></span> <span class='ocrx_word' id='word_1_122' title='bbox 806 1616 836 1674; x_wconf 90' lang='lat' dir='ltr'><strong>in</strong></span> <span class='ocrx_word' id='word_1_123' title='bbox 856 1616 1054 1675; x_wconf 87' lang='lat' dir='ltr'><strong>remissionem</strong></span> <span class='ocrx_word' id='word_1_124' title='bbox 1076 1625 1255 1693; x_wconf 90' lang='lat' dir='ltr'><strong>peccatorum</strong></span> <span class='ocrx_word' id='word_1_125' title='bbox 1269 1624 1298 1672; x_wconf 89' lang='lat' dir='ltr'><strong>et</strong></span> 
     </span>
     <span class='ocr_line' id='line_1_15' title="bbox 109 1713 1297 1792; baseline -0.003 -17"><span class='ocrx_word' id='word_1_126' title='bbox 109 1716 198 1775; x_wconf 81' lang='lat' dir='ltr'><strong>vitam</strong></span> <span class='ocrx_word' id='word_1_127' title='bbox 211 1714 378 1775; x_wconf 84' lang='lat' dir='ltr'><strong>tetemam.”</strong></span> <span class='ocrx_word' id='word_1_128' title='bbox 419 1717 555 1774; x_wconf 74' lang='lat' dir='ltr'><strong>Piscator</strong></span> <span class='ocrx_word' id='word_1_129' title='bbox 567 1716 684 1792; x_wconf 88' lang='lat' dir='ltr'><strong>insuper</strong></span> <span class='ocrx_word' id='word_1_130' title='bbox 697 1713 847 1774; x_wconf 88' lang='lat' dir='ltr'><strong>sacerdos:</strong></span> <span class='ocrx_word' id='word_1_131' title='bbox 870 1723 890 1751; x_wconf 78' lang='lat'><strong>⁴⁶</strong></span> <span class='ocrx_word' id='word_1_132' title='bbox 902 1724 933 1773; x_wconf 92' lang='lat' dir='ltr'><strong>ut</strong></span> <span class='ocrx_word' id='word_1_133' title='bbox 947 1715 1016 1773; x_wconf 92' lang='lat' dir='ltr'><strong>citra</strong></span> <span class='ocrx_word' id='word_1_134' title='bbox 1031 1715 1297 1774; x_wconf 88' lang='lat' dir='ltr'><strong>condemnationem</strong></span> 
     </span>
     <span class='ocr_line' id='line_1_16' title="bbox 109 1813 1298 1893; baseline -0.001 -20"><span class='ocrx_word' id='word_1_135' title='bbox 109 1815 253 1893; x_wconf 86' lang='lat' dir='ltr'><strong>particeps</strong></span> <span class='ocrx_word' id='word_1_136' title='bbox 267 1815 333 1872; x_wconf 88' lang='lat' dir='ltr'><strong>fiam</strong></span> <span class='ocrx_word' id='word_1_137' title='bbox 348 1815 438 1872; x_wconf 91' lang='lat' dir='ltr'><strong>sancti</strong></span> <span class='ocrx_word' id='word_1_138' title='bbox 451 1814 578 1891; x_wconf 91' lang='lat' dir='ltr'><strong>corporis</strong></span> <span class='ocrx_word' id='word_1_139' title='bbox 599 1823 629 1871; x_wconf 91' lang='lat' dir='ltr'><strong>et</strong></span> <span class='ocrx_word' id='word_1_140' title='bbox 647 1813 765 1892; x_wconf 87' lang='lat' dir='ltr'><strong>pretiosi</strong></span> <span class='ocrx_word' id='word_1_141' title='bbox 779 1813 927 1891; x_wconf 84' lang='lat' dir='ltr'><strong>sanguinis</strong></span> <span class='ocrx_word' id='word_1_142' title='bbox 941 1813 971 1872; x_wconf 89' lang='lat' dir='ltr'><strong>iu</strong></span> <span class='ocrx_word' id='word_1_143' title='bbox 985 1813 1184 1873; x_wconf 87' lang='lat' dir='ltr'><strong>remissionem</strong></span> <span class='ocrx_word' id='word_1_144' title='bbox 1198 1831 1298 1889; x_wconf 86' lang='lat' dir='ltr'><strong>pecca·</strong></span> 
     </span>
     <span class='ocr_line' id='line_1_17' title="bbox 109 1908 527 1970; baseline -0.007 0"><span class='ocrx_word' id='word_1_145' title='bbox 109 1924 204 1970; x_wconf 88' lang='lat' dir='ltr'><strong>torum</strong></span> <span class='ocrx_word' id='word_1_146' title='bbox 219 1921 249 1967; x_wconf 92' lang='lat' dir='ltr'><strong>et</strong></span> <span class='ocrx_word' id='word_1_147' title='bbox 261 1910 347 1967; x_wconf 88' lang='lat' dir='ltr'><strong>vitam</strong></span> <span class='ocrx_word' id='word_1_148' title='bbox 362 1908 527 1968; x_wconf 81' lang='lat' dir='ltr'><strong>aetemam.¹&#39;</strong></span> 
     </span>
    </p>

    <p class='ocr_par' dir='ltr' id='par_1_6' title="bbox 109 2004 1301 2564">
     <span class='ocr_line' id='line_1_18' title="bbox 150 2004 1300 2089; baseline -0.001 -24"><span class='ocrx_word' id='word_1_149' title='bbox 150 2010 221 2066; x_wconf 79' lang='lat'><strong>210.</strong></span> <span class='ocrx_word' id='word_1_150' title='bbox 249 2006 352 2089; x_wconf 61' lang='lat' dir='ltr'><strong>(lodex</strong></span> <span class='ocrx_word' id='word_1_151' title='bbox 386 2005 557 2065; x_wconf 85' lang='lat' dir='ltr'><strong>Renaudotii</strong></span> <span class='ocrx_word' id='word_1_152' title='bbox 584 2005 685 2064; x_wconf 88' lang='lat' dir='ltr'><strong>habet:</strong></span> <span class='ocrx_word' id='word_1_153' title='bbox 722 2004 894 2064; x_wconf 82' lang='lat' dir='ltr'><strong>“Sacerdos</strong></span> <span class='ocrx_word' id='word_1_154' title='bbox 920 2005 1023 2083; x_wconf 88' lang='lat' dir='ltr'><strong>accipit</strong></span> <span class='ocrx_word' id='word_1_155' title='bbox 1053 2024 1157 2083; x_wconf 83' lang='lat' dir='ltr'><strong>corpus</strong></span> <span class='ocrx_word' id='word_1_156' title='bbox 1189 2006 1300 2065; x_wconf 85' lang='lat' dir='ltr'><strong>christi</strong></span> 
     </span>
     <span class='ocr_line' id='line_1_19' title="bbox 110 2104 1297 2181; baseline -0.002 -18"><span class='ocrx_word' id='word_1_157' title='bbox 110 2104 231 2163; x_wconf 88' lang='lat' dir='ltr'><strong>diceus:</strong></span> <span class='ocrx_word' id='word_1_158' title='bbox 254 2105 390 2173; x_wconf 65' lang='lat' dir='ltr'><strong>‘Prmsta</strong></span> <span class='ocrx_word' id='word_1_159' title='bbox 414 2104 549 2171; x_wconf 88' lang='lat' dir='ltr'><strong>Domine,</strong></span> <span class='ocrx_word' id='word_1_160' title='bbox 570 2111 602 2161; x_wconf 92' lang='lat' dir='ltr'><strong>ut</strong></span> <span class='ocrx_word' id='word_1_161' title='bbox 622 2104 834 2162; x_wconf 83' lang='lat' dir='ltr'><strong>sanctificentur</strong></span> <span class='ocrx_word' id='word_1_162' title='bbox 854 2121 974 2180; x_wconf 89' lang='lat' dir='ltr'><strong>corpora</strong></span> <span class='ocrx_word' id='word_1_163' title='bbox 996 2115 1092 2162; x_wconf 87' lang='lat' dir='ltr'><strong>nostra</strong></span> <span class='ocrx_word' id='word_1_164' title='bbox 1116 2122 1167 2181; x_wconf 86' lang='lat' dir='ltr'><strong>per</strong></span> <span class='ocrx_word' id='word_1_165' title='bbox 1190 2123 1297 2181; x_wconf 90' lang='lat' dir='ltr'><strong>corpus</strong></span> 
     </span>
     <span class='ocr_line' id='line_1_20' title="bbox 109 2199 1301 2278; baseline -0.003 -18"><span class='ocrx_word' id='word_1_166' title='bbox 109 2212 242 2260; x_wconf 81' lang='lat' dir='ltr'><strong>sanctum</strong></span> <span class='ocrx_word' id='word_1_167' title='bbox 255 2213 346 2268; x_wconf 91' lang='lat' dir='ltr'><strong>tuum,</strong></span> <span class='ocrx_word' id='word_1_168' title='bbox 361 2209 390 2258; x_wconf 90' lang='lat' dir='ltr'><strong>et</strong></span> <span class='ocrx_word' id='word_1_169' title='bbox 402 2200 585 2278; x_wconf 82' lang='lat' dir='ltr'><strong>purificentur</strong></span> <span class='ocrx_word' id='word_1_170' title='bbox 598 2200 700 2259; x_wconf 81' lang='lat' dir='ltr'><strong>animae</strong></span> <span class='ocrx_word' id='word_1_171' title='bbox 714 2210 816 2259; x_wconf 74' lang='lat' dir='ltr'><strong>nostra</strong></span> <span class='ocrx_word' id='word_1_172' title='bbox 831 2218 882 2277; x_wconf 94' lang='lat' dir='ltr'><strong>per</strong></span> <span class='ocrx_word' id='word_1_173' title='bbox 894 2200 1062 2277; x_wconf 86' lang='lat' dir='ltr'><strong>sanguinem</strong></span> <span class='ocrx_word' id='word_1_174' title='bbox 1075 2211 1154 2258; x_wconf 92' lang='lat' dir='ltr'><strong>tuum</strong></span> <span class='ocrx_word' id='word_1_175' title='bbox 1168 2199 1301 2276; x_wconf 87' lang='lat' dir='ltr'><strong>propitia-</strong></span> 
     </span>
     <span class='ocr_line' id='line_1_21' title="bbox 110 2294 1301 2372; baseline -0.001 -17"><span class='ocrx_word' id='word_1_176' title='bbox 110 2295 238 2356; x_wconf 64' lang='lat' dir='ltr'><strong>torium)</strong></span> <span class='ocrx_word' id='word_1_177' title='bbox 280 2296 337 2354; x_wconf 88' lang='lat' dir='ltr'><strong>Dat</strong></span> <span class='ocrx_word' id='word_1_178' title='bbox 357 2295 566 2355; x_wconf 88' lang='lat' dir='ltr'><strong>Eucharistiam</strong></span> <span class='ocrx_word' id='word_1_179' title='bbox 590 2294 709 2354; x_wconf 86' lang='lat' dir='ltr'><strong>dicens:</strong></span> <span class='ocrx_word' id='word_1_180' title='bbox 732 2294 866 2372; x_wconf 83' lang='lat' dir='ltr'><strong>‘Corpus</strong></span> <span class='ocrx_word' id='word_1_181' title='bbox 885 2305 915 2354; x_wconf 90' lang='lat' dir='ltr'><strong>et</strong></span> <span class='ocrx_word' id='word_1_182' title='bbox 935 2295 1053 2372; x_wconf 86' lang='lat' dir='ltr'><strong>sanguis</strong></span> <span class='ocrx_word' id='word_1_183' title='bbox 1074 2295 1192 2354; x_wconf 91' lang='lat' dir='ltr'><strong>Domini</strong></span> <span class='ocrx_word' id='word_1_184' title='bbox 1212 2297 1301 2354; x_wconf 87' lang='lat' dir='ltr'><strong>nostri</strong></span> 
     </span>
     <span class='ocr_line' id='line_1_22' title="bbox 110 2391 1301 2471; baseline 0.001 -19"><span class='ocrx_word' id='word_1_185' title='bbox 110 2394 185 2454; x_wconf 87' lang='lat' dir='ltr'><strong>Jssu</strong></span> <span class='ocrx_word' id='word_1_186' title='bbox 200 2392 309 2452; x_wconf 85' lang='lat' dir='ltr'><strong>Christi</strong></span> <span class='ocrx_word' id='word_1_187' title='bbox 323 2392 404 2452; x_wconf 88' lang='lat' dir='ltr'><strong>datur</strong></span> <span class='ocrx_word' id='word_1_188' title='bbox 418 2394 467 2452; x_wconf 92' lang='lat' dir='ltr'><strong>tibi</strong></span> <span class='ocrx_word' id='word_1_189' title='bbox 481 2393 511 2451; x_wconf 93' lang='lat' dir='ltr'><strong>in</strong></span> <span class='ocrx_word' id='word_1_190' title='bbox 525 2393 637 2451; x_wconf 85' lang='lat' dir='ltr'><strong>veniam</strong></span> <span class='ocrx_word' id='word_1_191' title='bbox 657 2391 834 2460; x_wconf 88' lang='lat' dir='ltr'><strong>delictorum,</strong></span> <span class='ocrx_word' id='word_1_192' title='bbox 849 2402 878 2451; x_wconf 92' lang='lat' dir='ltr'><strong>et</strong></span> <span class='ocrx_word' id='word_1_193' title='bbox 901 2392 1100 2451; x_wconf 88' lang='lat' dir='ltr'><strong>remissionem</strong></span> <span class='ocrx_word' id='word_1_194' title='bbox 1121 2405 1301 2471; x_wconf 87' lang='lat' dir='ltr'><strong>peccatorum</strong></span> 
     </span>
     <span class='ocr_line' id='line_1_23' title="bbox 112 2490 423 2564; baseline -0.01 -13"><span class='ocrx_word' id='word_1_195' title='bbox 112 2494 145 2551; x_wconf 91' lang='lat' dir='ltr'><strong>in</strong></span> <span class='ocrx_word' id='word_1_196' title='bbox 159 2503 277 2564; x_wconf 90' lang='lat' dir='ltr'><strong>utroque</strong></span> <span class='ocrx_word' id='word_1_197' title='bbox 286 2490 423 2549; x_wconf 84' lang='lat' dir='ltr'><strong>saeculo.&#39;&#39;</strong></span> 
     </span>
    </p>
   </div>
   <div class='ocr_carea' id='block_1_3' title="bbox 112 2604 1304 3075">
    <p class='ocr_par' dir='ltr' id='par_1_7' title="bbox 112 2604 1304 3075">
     <span class='ocr_line' id='line_1_24' title="bbox 153 2604 1302 2684; baseline 0.001 -19"><span class='ocrx_word' id='word_1_198' title='bbox 153 2611 222 2666; x_wconf 76' lang='lat'>211.</span> <span class='ocrx_word' id='word_1_199' title='bbox 245 2607 373 2684; x_wconf 89' lang='lat' dir='ltr'><strong>Cyrillus</strong></span> <span class='ocrx_word' id='word_1_200' title='bbox 399 2604 680 2682; x_wconf 86' lang='lat' dir='ltr'><strong>Hierosolymitanus</strong></span> <span class='ocrx_word' id='word_1_201' title='bbox 706 2606 790 2683; x_wconf 88' lang='lat' dir='ltr'><strong>plane</strong></span> <span class='ocrx_word' id='word_1_202' title='bbox 814 2623 883 2673; x_wconf 73' lang='lat' dir='ltr'><strong>osus</strong></span> <span class='ocrx_word' id='word_1_203' title='bbox 908 2616 952 2664; x_wconf 90' lang='lat' dir='ltr'><strong>est</strong></span> <span class='ocrx_word' id='word_1_204' title='bbox 976 2605 1029 2664; x_wconf 87' lang='lat' dir='ltr'><strong>hac</strong></span> <span class='ocrx_word' id='word_1_205' title='bbox 1055 2605 1194 2683; x_wconf 83' lang='lat' dir='ltr'><strong>liturgia,</strong></span> <span class='ocrx_word' id='word_1_206' title='bbox 1217 2605 1302 2666; x_wconf 89' lang='lat' dir='ltr'><strong>ritum</strong></span> 
     </span>
     <span class='ocr_line' id='line_1_25' title="bbox 113 2704 1303 2784; baseline -0.002 -18"><span class='ocrx_word' id='word_1_207' title='bbox 113 2720 210 2766; x_wconf 88' lang='lat' dir='ltr'><strong>autem</strong></span> <span class='ocrx_word' id='word_1_208' title='bbox 223 2724 371 2784; x_wconf 85' lang='lat' dir='ltr'><strong>exponens</strong></span> <span class='ocrx_word' id='word_1_209' title='bbox 386 2705 454 2764; x_wconf 92' lang='lat' dir='ltr'><strong>dicit</strong></span> <span class='ocrx_word' id='word_1_210' title='bbox 464 2704 589 2764; x_wconf 85' lang='lat' dir='ltr'><strong>invocari</strong></span> <span class='ocrx_word' id='word_1_211' title='bbox 600 2704 739 2782; x_wconf 81' lang='lat' dir='ltr'><strong>Spiritum</strong></span> <span class='ocrx_word' id='word_1_212' title='bbox 754 2705 900 2774; x_wconf 85' lang='lat' dir='ltr'><strong>Sanctum,</strong></span> <span class='ocrx_word' id='word_1_213' title='bbox 916 2713 936 2742; x_wconf 78' lang='lat'><strong>‘⁸</strong></span> <span class='ocrx_word' id='word_1_214' title='bbox 945 2716 977 2763; x_wconf 90' lang='lat' dir='ltr'><strong>ot</strong></span> <span class='ocrx_word' id='word_1_215' title='bbox 987 2704 1070 2763; x_wconf 85' lang='lat' dir='ltr'><strong>saciat</strong></span> <span class='ocrx_word' id='word_1_216' title='bbox 1084 2724 1187 2783; x_wconf 88' lang='lat' dir='ltr'><strong>panem</strong></span> <span class='ocrx_word' id='word_1_217' title='bbox 1199 2724 1303 2784; x_wconf 89' lang='lat' dir='ltr'><strong>corpus</strong></span> 
     </span>
     <span class='ocr_line' id='line_1_26' title="bbox 112 2798 1304 2879; baseline -0.003 -18"><span class='ocrx_word' id='word_1_218' title='bbox 112 2802 235 2870; x_wconf 82' lang='lat' dir='ltr'><strong>Christi,</strong></span> <span class='ocrx_word' id='word_1_219' title='bbox 250 2805 348 2860; x_wconf 87' lang='lat' dir='ltr'><strong>vinnm</strong></span> <span class='ocrx_word' id='word_1_220' title='bbox 361 2802 529 2879; x_wconf 88' lang='lat' dir='ltr'><strong>sanguinem</strong></span> <span class='ocrx_word' id='word_1_221' title='bbox 551 2799 776 2858; x_wconf 73' lang='lat' dir='ltr'><strong>Christi.”-c&#39;rc</strong></span> <span class='ocrx_word' id='word_1_222' title='bbox 785 2798 875 2873; x_wconf 71' lang='grc' dir='ltr'>ποιήσῃ</span> <span class='ocrx_word' id='word_1_223' title='bbox 886 2804 928 2857; x_wconf 70' lang='grc' dir='ltr'><strong>τὸν</strong></span> <span class='ocrx_word' id='word_1_224' title='bbox 938 2805 982 2870; x_wconf 73' lang='lat' dir='ltr'><strong>pls</strong></span> <span class='ocrx_word' id='word_1_225' title='bbox 993 2800 1066 2871; x_wconf 69' lang='grc' dir='ltr'><strong><em>ἄρτον</em></strong></span> <span class='ocrx_word' id='word_1_226' title='bbox 1076 2805 1145 2872; x_wconf 69' lang='grc' dir='ltr'><strong>σῶμα</strong></span> <span class='ocrx_word' id='word_1_227' title='bbox 1161 2802 1249 2872; x_wconf 71' lang='grc' dir='ltr'><strong>Χριςὲ,</strong></span> <span class='ocrx_word' id='word_1_228' title='bbox 1261 2806 1304 2857; x_wconf 64' lang='grc' dir='ltr'><strong>τὸν</strong></span> 
     </span>
     <span class='ocr_line' id='line_1_27' title="bbox 113 2896 1304 2976; baseline 0.003 -22"><span class='ocrx_word' id='word_1_229' title='bbox 113 2900 143 2954; x_wconf 74' lang='grc' dir='ltr'><strong>δε</strong></span> <span class='ocrx_word' id='word_1_230' title='bbox 156 2902 220 2954; x_wconf 74' lang='lat' dir='ltr'><strong>isses</strong></span> <span class='ocrx_word' id='word_1_231' title='bbox 230 2897 292 2968; x_wconf 75' lang='grc' dir='ltr'><strong>ᾶιμα</strong></span> <span class='ocrx_word' id='word_1_232' title='bbox 302 2899 389 2968; x_wconf 68' lang='lat' dir='ltr'><strong>xperi-</strong></span> <span class='ocrx_word' id='word_1_233' title='bbox 430 2898 527 2957; x_wconf 82' lang='lat' dir='ltr'><strong>Refert</strong></span> <span class='ocrx_word' id='word_1_234' title='bbox 547 2896 723 2956; x_wconf 85' lang='lat' dir='ltr'><strong>sacerdotem</strong></span> <span class='ocrx_word' id='word_1_235' title='bbox 744 2900 936 2976; x_wconf 81' lang='lat' dir='ltr'><strong>porrigentem</strong></span> <span class='ocrx_word' id='word_1_236' title='bbox 956 2916 1060 2975; x_wconf 90' lang='lat' dir='ltr'><strong>panem</strong></span> <span class='ocrx_word' id='word_1_237' title='bbox 1083 2899 1304 2959; x_wconf 88' lang='lat' dir='ltr'><strong>eucharisticum</strong></span> 
     </span>
     <span class='ocr_line' id='line_1_28' title="bbox 116 2994 1302 3075; baseline 0.002 -21"><span class='ocrx_word' id='word_1_238' title='bbox 116 2994 230 3054; x_wconf 82' lang='lat' dir='ltr'><strong>dicere:</strong></span> <span class='ocrx_word' id='word_1_239' title='bbox 254 2995 368 3075; x_wconf 77' lang='lat' dir='ltr'><strong>Corpus</strong></span> <span class='ocrx_word' id='word_1_240' title='bbox 384 2994 498 3054; x_wconf 74' lang='lat' dir='ltr'><strong>Christi</strong></span> <span class='ocrx_word' id='word_1_241' title='bbox 505 3015 516 3053; x_wconf 86' lang='grc'><strong>.·</strong></span> <span class='ocrx_word' id='word_1_242' title='bbox 537 2995 583 3054; x_wconf 90' lang='lat' dir='ltr'><strong>cui</strong></span> <span class='ocrx_word' id='word_1_243' title='bbox 604 2995 835 3072; x_wconf 86' lang='lat' dir='ltr'><strong>respondebatur,</strong></span> <span class='ocrx_word' id='word_1_244' title='bbox 848 2994 964 3055; x_wconf 74' lang='lat' dir='ltr'><strong>Amen:</strong></span> <span class='ocrx_word' id='word_1_245' title='bbox 987 2998 1302 3074; x_wconf 86' lang='lat' dir='ltr'><strong>postcommunionem</strong></span> 
     </span>
    </p>
   </div>
   <div class='ocr_carea' id='block_1_4' title="bbox 116 3093 1304 3251">
    <p class='ocr_par' dir='ltr' id='par_1_8' title="bbox 116 3093 1304 3251">
     <span class='ocr_line' id='line_1_29' title="bbox 116 3093 1304 3172; baseline 0.002 -19"><span class='ocrx_word' id='word_1_246' title='bbox 116 3095 245 3171; x_wconf 89' lang='lat' dir='ltr'><strong>corporis</strong></span> <span class='ocrx_word' id='word_1_247' title='bbox 259 3094 370 3152; x_wconf 84' lang='lat' dir='ltr'><strong>Christi</strong></span> <span class='ocrx_word' id='word_1_248' title='bbox 383 3094 533 3172; x_wconf 91' lang='lat' dir='ltr'><strong>propinare</strong></span> <span class='ocrx_word' id='word_1_249' title='bbox 547 3094 694 3172; x_wconf 87' lang='lat' dir='ltr'><strong>sanguinis</strong></span> <span class='ocrx_word' id='word_1_250' title='bbox 709 3094 854 3172; x_wconf 92' lang='lat' dir='ltr'><strong>poculum,</strong></span> <span class='ocrx_word' id='word_1_251' title='bbox 869 3113 955 3169; x_wconf 88' lang='lat' dir='ltr'><strong>quern</strong></span> <span class='ocrx_word' id='word_1_252' title='bbox 977 3113 1084 3171; x_wconf 88' lang='lat' dir='ltr'><strong>pronus</strong></span> <span class='ocrx_word' id='word_1_253' title='bbox 1105 3093 1240 3155; x_wconf 89' lang='lat' dir='ltr'><strong>adorabat</strong></span> <span class='ocrx_word' id='word_1_254' title='bbox 1253 3097 1304 3170; x_wconf 90' lang='lat' dir='ltr'><strong>qui</strong></span> 
     </span>
     <span class='ocr_line' id='line_1_30' title="bbox 119 3192 353 3251; baseline -0.009 -1"><span class='ocrx_word' id='word_1_255' title='bbox 119 3192 202 3251; x_wconf 89' lang='lat' dir='ltr'><strong>illum</strong></span> <span class='ocrx_word' id='word_1_256' title='bbox 217 3193 353 3250; x_wconf 70' lang='lat' dir='ltr'><strong>bibebat.l</strong></span> 
     </span>
    </p>
   </div>
   <div class='ocr_carea' id='block_1_5' title="bbox 119 3287 1307 3758">
    <p class='ocr_par' dir='ltr' id='par_1_9' title="bbox 119 3287 1307 3758">
     <span class='ocr_line' id='line_1_31' title="bbox 157 3287 1303 3366; baseline 0.002 -20"><span class='ocrx_word' id='word_1_257' title='bbox 157 3292 227 3346; x_wconf 75' lang='lat'>212.</span> <span class='ocrx_word' id='word_1_258' title='bbox 253 3287 381 3365; x_wconf 88' lang='lat' dir='ltr'><strong>Liturgia</strong></span> <span class='ocrx_word' id='word_1_259' title='bbox 407 3287 439 3345; x_wconf 75' lang='lat'><strong>8.</strong></span> <span class='ocrx_word' id='word_1_260' title='bbox 468 3287 560 3346; x_wconf 88' lang='lat' dir='ltr'><strong>Marci</strong></span> <span class='ocrx_word' id='word_1_261' title='bbox 587 3288 661 3347; x_wconf 88' lang='lat' dir='ltr'><strong>hauc</strong></span> <span class='ocrx_word' id='word_1_262' title='bbox 688 3288 773 3346; x_wconf 89' lang='lat' dir='ltr'><strong>habet</strong></span> <span class='ocrx_word' id='word_1_263' title='bbox 797 3288 1006 3348; x_wconf 86' lang='lat' dir='ltr'><strong>invocationem</strong></span> <span class='ocrx_word' id='word_1_264' title='bbox 1032 3289 1157 3366; x_wconf 82' lang='lat' dir='ltr'><strong>Spiritus</strong></span> <span class='ocrx_word' id='word_1_265' title='bbox 1187 3290 1303 3348; x_wconf 83' lang='lat' dir='ltr'><strong>Sancti:</strong></span> 
     </span>
     <span class='ocr_line' id='line_1_32' title="bbox 119 3386 1305 3465; baseline 0.003 -21"><span class='ocrx_word' id='word_1_266' title='bbox 119 3386 256 3445; x_wconf 82' lang='lat' dir='ltr'><strong>“Emitte</strong></span> <span class='ocrx_word' id='word_1_267' title='bbox 278 3398 412 3463; x_wconf 87' lang='lat' dir='ltr'><strong>praeterca</strong></span> <span class='ocrx_word' id='word_1_268' title='bbox 434 3404 520 3462; x_wconf 92' lang='lat' dir='ltr'><strong>super</strong></span> <span class='ocrx_word' id='word_1_269' title='bbox 541 3405 604 3455; x_wconf 88' lang='lat' dir='ltr'><strong>nos,</strong></span> <span class='ocrx_word' id='word_1_270' title='bbox 619 3396 648 3444; x_wconf 91' lang='lat' dir='ltr'><strong>et</strong></span> <span class='ocrx_word' id='word_1_271' title='bbox 670 3405 757 3464; x_wconf 89' lang='lat' dir='ltr'><strong>super</strong></span> <span class='ocrx_word' id='word_1_272' title='bbox 777 3404 865 3465; x_wconf 90' lang='lat' dir='ltr'><strong>panes</strong></span> <span class='ocrx_word' id='word_1_273' title='bbox 890 3396 919 3445; x_wconf 90' lang='lat' dir='ltr'><strong>et</strong></span> <span class='ocrx_word' id='word_1_274' title='bbox 942 3387 1044 3446; x_wconf 85' lang='lat' dir='ltr'><strong>calices</strong></span> <span class='ocrx_word' id='word_1_275' title='bbox 1069 3387 1139 3445; x_wconf 91' lang='lat' dir='ltr'><strong>istos</strong></span> <span class='ocrx_word' id='word_1_276' title='bbox 1165 3388 1305 3464; x_wconf 80' lang='lat' dir='ltr'><strong>Spiritum</strong></span> 
     </span>
     <span class='ocr_line' id='line_1_33' title="bbox 120 3460 1307 3562; baseline 0.002 -20"><span class='ocrx_word' id='word_1_277' title='bbox 120 3486 257 3543; x_wconf 73' lang='lat' dir='ltr'><strong>Sanctum</strong></span> <span class='ocrx_word' id='word_1_278' title='bbox 271 3496 362 3551; x_wconf 86' lang='lat' dir='ltr'><strong>tuum,</strong></span> <span class='ocrx_word' id='word_1_279' title='bbox 377 3460 470 3541; x_wconf 68' lang='lat' dir='ltr'><strong>oleos</strong></span> <span class='ocrx_word' id='word_1_280' title='bbox 485 3484 641 3543; x_wconf 87' lang='lat' dir='ltr'><strong>sanctificet</strong></span> <span class='ocrx_word' id='word_1_281' title='bbox 654 3494 682 3542; x_wconf 92' lang='lat' dir='ltr'><strong>et</strong></span> <span class='ocrx_word' id='word_1_282' title='bbox 695 3493 853 3550; x_wconf 86' lang='lat' dir='ltr'><strong>conservet,</strong></span> <span class='ocrx_word' id='word_1_283' title='bbox 868 3492 1010 3558; x_wconf 90' lang='lat' dir='ltr'><strong>tamquam</strong></span> <span class='ocrx_word' id='word_1_284' title='bbox 1032 3484 1111 3542; x_wconf 91' lang='lat' dir='ltr'><strong>Deus</strong></span> <span class='ocrx_word' id='word_1_285' title='bbox 1126 3485 1307 3562; x_wconf 88' lang='lat' dir='ltr'><strong>omnipotens</strong></span> 
     </span>
     <span class='ocr_line' id='line_1_34' title="bbox 120 3579 1307 3659; baseline 0.004 -20"><span class='ocrx_word' id='word_1_286' title='bbox 120 3579 215 3659; x_wconf 79' lang='lat' dir='ltr'><strong>(elota</strong></span> <span class='ocrx_word' id='word_1_287' title='bbox 228 3581 311 3656; x_wconf 84' lang='lat' dir='ltr'><strong>uoce)</strong></span> <span class='ocrx_word' id='word_1_288' title='bbox 333 3590 361 3637; x_wconf 88' lang='lat' dir='ltr'><strong>et</strong></span> <span class='ocrx_word' id='word_1_289' title='bbox 375 3589 503 3639; x_wconf 71' lang='lat' dir='ltr'><strong>‘sacras</strong></span> <span class='ocrx_word' id='word_1_290' title='bbox 523 3597 626 3638; x_wconf 76' lang='lat' dir='ltr'><strong>nausis</strong></span> <span class='ocrx_word' id='word_1_291' title='bbox 640 3600 755 3646; x_wconf 75' lang='lat' dir='ltr'><strong>cornuis</strong></span> <span class='ocrx_word' id='word_1_292' title='bbox 769 3581 899 3641; x_wconf 64' lang='lat' dir='ltr'><strong>coranos!</strong></span> <span class='ocrx_word' id='word_1_293' title='bbox 939 3579 1075 3659; x_wconf 78' lang='lat' dir='ltr'><strong>Populus</strong></span> <span class='ocrx_word' id='word_1_294' title='bbox 1095 3580 1180 3640; x_wconf 90' lang='lat' dir='ltr'><strong>dicit:</strong></span> <span class='ocrx_word' id='word_1_295' title='bbox 1203 3585 1307 3644; x_wconf 83' lang='lat' dir='ltr'><strong>Amen.</strong></span> 
     </span>
     <span class='ocr_line' id='line_1_35' title="bbox 123 3677 1307 3758; baseline 0.003 -20"><span class='ocrx_word' id='word_1_296' title='bbox 123 3677 266 3738; x_wconf 82' lang='lat' dir='ltr'><strong>Sacerdos</strong></span> <span class='ocrx_word' id='word_1_297' title='bbox 280 3677 357 3737; x_wconf 87' lang='lat' dir='ltr'><strong>eluto</strong></span> <span class='ocrx_word' id='word_1_298' title='bbox 370 3696 455 3737; x_wconf 85' lang='lat' dir='ltr'><strong>voce:</strong></span> <span class='ocrx_word' id='word_1_299' title='bbox 478 3677 617 3739; x_wconf 72' lang='lat' dir='ltr'><strong>ciuem</strong></span> <span class='ocrx_word' id='word_1_300' title='bbox 629 3698 732 3738; x_wconf 71' lang='lat' dir='ltr'><strong>snmus</strong></span> <span class='ocrx_word' id='word_1_301' title='bbox 745 3698 918 3738; x_wconf 80' lang='lat' dir='ltr'><strong>sanoorrsurs</strong></span> <span class='ocrx_word' id='word_1_302' title='bbox 933 3680 1000 3738; x_wconf 87' lang='lat' dir='ltr'><strong>novi</strong></span> <span class='ocrx_word' id='word_1_303' title='bbox 1021 3680 1201 3739; x_wconf 84' lang='lat' dir='ltr'><strong>&#39;Pestamcnti</strong></span> <span class='ocrx_word' id='word_1_304' title='bbox 1216 3682 1307 3758; x_wconf 89' lang='lat' dir='ltr'><strong>ipsius</strong></span> 
     </span>
    </p>
   </div>
   <div class='ocr_carea' id='block_1_6' title="bbox 119 3775 1313 4348">
    <p class='ocr_par' dir='ltr' id='par_1_10' title="bbox 119 3775 1313 4348">
     <span class='ocr_line' id='line_1_36' title="bbox 119 3775 1311 3855; baseline 0.003 -20"><span class='ocrx_word' id='word_1_305' title='bbox 119 3775 283 3835; x_wconf 88' lang='lat' dir='ltr'><strong>Dominiet</strong></span> <span class='ocrx_word' id='word_1_306' title='bbox 296 3775 362 3843; x_wconf 91' lang='lat' dir='ltr'><strong>Dei,</strong></span> <span class='ocrx_word' id='word_1_307' title='bbox 377 3786 406 3832; x_wconf 88' lang='lat' dir='ltr'><strong>et</strong></span> <span class='ocrx_word' id='word_1_308' title='bbox 419 3775 576 3833; x_wconf 86' lang='lat' dir='ltr'><strong>Servatoris</strong></span> <span class='ocrx_word' id='word_1_309' title='bbox 591 3786 620 3833; x_wconf 90' lang='lat' dir='ltr'><strong>st</strong></span> <span class='ocrx_word' id='word_1_310' title='bbox 632 3777 737 3834; x_wconf 89' lang='lat' dir='ltr'><strong>summi</strong></span> <span class='ocrx_word' id='word_1_311' title='bbox 753 3776 841 3855; x_wconf 86' lang='lat' dir='ltr'><strong>Regis</strong></span> <span class='ocrx_word' id='word_1_312' title='bbox 855 3777 944 3835; x_wconf 90' lang='lat' dir='ltr'><strong>nostri</strong></span> <span class='ocrx_word' id='word_1_313' title='bbox 958 3776 1045 3836; x_wconf 88' lang='lat' dir='ltr'><strong>Jesus</strong></span> <span class='ocrx_word' id='word_1_314' title='bbox 1061 3776 1203 3836; x_wconf 86' lang='lat' dir='ltr'><strong>Christi.&#39;’</strong></span> <span class='ocrx_word' id='word_1_315' title='bbox 1238 3781 1311 3838; x_wconf 89' lang='lat' dir='ltr'><strong>Post</strong></span> 
     </span>
     <span class='ocr_line' id='line_1_37' title="bbox 119 3874 1309 3952; baseline 0.004 -20"><span class='ocrx_word' id='word_1_316' title='bbox 119 3875 203 3952; x_wconf 89' lang='lat' dir='ltr'><strong>plura</strong></span> <span class='ocrx_word' id='word_1_317' title='bbox 224 3885 301 3932; x_wconf 88' lang='lat' dir='ltr'><strong>crat:</strong></span> <span class='ocrx_word' id='word_1_318' title='bbox 325 3883 386 3930; x_wconf 84' lang='lat' dir='ltr'><strong>“ut</strong></span> <span class='ocrx_word' id='word_1_319' title='bbox 399 3874 484 3950; x_wconf 85' lang='lat' dir='ltr'><strong>digne</strong></span> <span class='ocrx_word' id='word_1_320' title='bbox 509 3874 711 3951; x_wconf 89' lang='lat' dir='ltr'><strong>participemus</strong></span> <span class='ocrx_word' id='word_1_321' title='bbox 734 3875 769 3933; x_wconf 91' lang='lat' dir='ltr'><strong>iis</strong></span> <span class='ocrx_word' id='word_1_322' title='bbox 791 3894 854 3949; x_wconf 77' lang='lat' dir='ltr'><strong>que</strong></span> <span class='ocrx_word' id='word_1_323' title='bbox 878 3875 960 3934; x_wconf 90' lang='lat' dir='ltr'><strong>nohis</strong></span> <span class='ocrx_word' id='word_1_324' title='bbox 981 3875 1126 3952; x_wconf 87' lang='lat' dir='ltr'><strong>proposita</strong></span> <span class='ocrx_word' id='word_1_325' title='bbox 1140 3887 1207 3936; x_wconf 89' lang='lat' dir='ltr'><strong>sunt</strong></span> <span class='ocrx_word' id='word_1_326' title='bbox 1226 3879 1309 3937; x_wconf 90' lang='lat' dir='ltr'><strong>bouis</strong></span> 
     </span>
     <span class='ocr_line' id='line_1_38' title="bbox 120 3971 1310 4051; baseline 0.004 -21"><span class='ocrx_word' id='word_1_327' title='bbox 120 3971 294 4031; x_wconf 86' lang='lat' dir='ltr'><strong>immaculati</strong></span> <span class='ocrx_word' id='word_1_328' title='bbox 307 3971 435 4048; x_wconf 91' lang='lat' dir='ltr'><strong>corporis</strong></span> <span class='ocrx_word' id='word_1_329' title='bbox 448 3982 476 4028; x_wconf 89' lang='lat' dir='ltr'><strong>et</strong></span> <span class='ocrx_word' id='word_1_330' title='bbox 491 3972 606 4048; x_wconf 88' lang='lat' dir='ltr'><strong>pretiosi</strong></span> <span class='ocrx_word' id='word_1_331' title='bbox 617 3973 763 4049; x_wconf 89' lang='lat' dir='ltr'><strong>sanguinis</strong></span> <span class='ocrx_word' id='word_1_332' title='bbox 777 3975 915 4051; x_wconf 86' lang='lat' dir='ltr'><strong>unigeniti</strong></span> <span class='ocrx_word' id='word_1_333' title='bbox 927 3973 994 4031; x_wconf 82' lang='lat' dir='ltr'><strong>Filii</strong></span> <span class='ocrx_word' id='word_1_334' title='bbox 1008 3972 1081 4031; x_wconf 88' lang='lat' dir='ltr'><strong>tui.”</strong></span> <span class='ocrx_word' id='word_1_335' title='bbox 1123 3973 1200 4034; x_wconf 83' lang='lat' dir='ltr'><strong>Cum</strong></span> <span class='ocrx_word' id='word_1_336' title='bbox 1217 3976 1310 4035; x_wconf 89' lang='lat' dir='ltr'><strong>distri·</strong></span> 
     </span>
     <span class='ocr_line' id='line_1_39' title="bbox 122 4067 1311 4150; baseline 0.003 -22"><span class='ocrx_word' id='word_1_337' title='bbox 122 4071 183 4128; x_wconf 91' lang='lat' dir='ltr'><strong>buit</strong></span> <span class='ocrx_word' id='word_1_338' title='bbox 198 4069 284 4128; x_wconf 89' lang='lat' dir='ltr'><strong>Clero</strong></span> <span class='ocrx_word' id='word_1_339' title='bbox 299 4068 386 4127; x_wconf 86' lang='lat' dir='ltr'><strong>dicit:</strong></span> <span class='ocrx_word' id='word_1_340' title='bbox 411 4067 558 4146; x_wconf 85' lang='lat' dir='ltr'><strong>“Corpus</strong></span> <span class='ocrx_word' id='word_1_341' title='bbox 573 4070 736 4128; x_wconf 88' lang='lat' dir='ltr'><strong>sanctum.”</strong></span> <span class='ocrx_word' id='word_1_342' title='bbox 776 4071 822 4130; x_wconf 84' lang='lat' dir='ltr'><strong>Ad</strong></span> <span class='ocrx_word' id='word_1_343' title='bbox 836 4071 971 4130; x_wconf 87' lang='lat' dir='ltr'><strong>calicem:</strong></span> <span class='ocrx_word' id='word_1_344' title='bbox 995 4072 1149 4150; x_wconf 83' lang='lat' dir='ltr'><strong>“Sanguis</strong></span> <span class='ocrx_word' id='word_1_345' title='bbox 1170 4075 1311 4150; x_wconf 88' lang='lat' dir='ltr'><strong>pretiosus</strong></span> 
     </span>
     <span class='ocr_line' id='line_1_40' title="bbox 123 4166 1311 4234; baseline 0.003 -7"><span class='ocrx_word' id='word_1_346' title='bbox 123 4167 244 4227; x_wconf 92' lang='lat' dir='ltr'><strong>Domini</strong></span> <span class='ocrx_word' id='word_1_347' title='bbox 258 4176 286 4224; x_wconf 93' lang='lat' dir='ltr'><strong>et</strong></span> <span class='ocrx_word' id='word_1_348' title='bbox 306 4166 372 4234; x_wconf 91' lang='lat' dir='ltr'><strong>Dei,</strong></span> <span class='ocrx_word' id='word_1_349' title='bbox 387 4178 416 4225; x_wconf 88' lang='lat' dir='ltr'><strong>et</strong></span> <span class='ocrx_word' id='word_1_350' title='bbox 430 4167 583 4225; x_wconf 87' lang='lat' dir='ltr'><strong>Salvatoris</strong></span> <span class='ocrx_word' id='word_1_351' title='bbox 599 4167 721 4227; x_wconf 88' lang='lat' dir='ltr'><strong>nostri.&#39;&#39;</strong></span> <span class='ocrx_word' id='word_1_352' title='bbox 763 4168 833 4228; x_wconf 88' lang='lat' dir='ltr'><strong>Post</strong></span> <span class='ocrx_word' id='word_1_353' title='bbox 847 4169 1079 4230; x_wconf 87' lang='lat' dir='ltr'><strong>communionem</strong></span> <span class='ocrx_word' id='word_1_354' title='bbox 1100 4179 1156 4229; x_wconf 87' lang='lat' dir='ltr'><strong>tres</strong></span> <span class='ocrx_word' id='word_1_355' title='bbox 1170 4173 1311 4231; x_wconf 88' lang='lat' dir='ltr'><strong>orationes</strong></span> 
     </span>
     <span class='ocr_line' id='line_1_41' title="bbox 124 4264 1313 4348; baseline 0.005 -26"><span class='ocrx_word' id='word_1_356' title='bbox 124 4264 277 4331; x_wconf 89' lang='lat' dir='ltr'><strong>dicuutur;</strong></span> <span class='ocrx_word' id='word_1_357' title='bbox 299 4264 329 4322; x_wconf 92' lang='lat' dir='ltr'><strong>in</strong></span> <span class='ocrx_word' id='word_1_358' title='bbox 343 4264 434 4340; x_wconf 89' lang='lat' dir='ltr'><strong>prima</strong></span> <span class='ocrx_word' id='word_1_359' title='bbox 448 4264 551 4322; x_wconf 90' lang='lat' dir='ltr'><strong>dicitur</strong></span> <span class='ocrx_word' id='word_1_360' title='bbox 566 4272 586 4301; x_wconf 83' lang='lat'><strong>‘⁴</strong></span> <span class='ocrx_word' id='word_1_361' title='bbox 596 4266 761 4324; x_wconf 89' lang='lat' dir='ltr'><strong>communio</strong></span> <span class='ocrx_word' id='word_1_362' title='bbox 775 4266 864 4324; x_wconf 86' lang='lat' dir='ltr'><strong>sancti</strong></span> <span class='ocrx_word' id='word_1_363' title='bbox 886 4266 1013 4343; x_wconf 89' lang='lat' dir='ltr'><strong>corporis</strong></span> <span class='ocrx_word' id='word_1_364' title='bbox 1027 4276 1056 4326; x_wconf 88' lang='lat' dir='ltr'><strong>et</strong></span> <span class='ocrx_word' id='word_1_365' title='bbox 1070 4269 1186 4345; x_wconf 89' lang='lat' dir='ltr'><strong>pretiosi</strong></span> <span class='ocrx_word' id='word_1_366' title='bbox 1201 4270 1313 4348; x_wconf 85' lang='lat' dir='ltr'><strong>sangui·</strong></span> 
     </span>
    </p>
   </div>
   <div class='ocr_carea' id='block_1_7' title="bbox 393 4442 1050 4609">
    <p class='ocr_par' dir='ltr' id='par_1_11' title="bbox 393 4442 1050 4609">
     <span class='ocr_line' id='line_1_42' title="bbox 393 4442 1050 4523; baseline 0.006 -15"><span class='ocrx_word' id='word_1_367' title='bbox 393 4458 433 4523; x_wconf 87' lang='lat'><strong>(1)</strong></span> <span class='ocrx_word' id='word_1_368' title='bbox 453 4442 1050 4523; x_wconf 63' lang='lat' dir='ltr'><strong>spurrestruerem.annumerem..</strong></span> 
     </span>
     <span class='ocr_line' id='line_1_43' title="bbox 393 4543 904 4609; baseline 0.008 -18"><span class='ocrx_word' id='word_1_369' title='bbox 393 4544 434 4609; x_wconf 75' lang='lat'><strong>(2)</strong></span> <span class='ocrx_word' id='word_1_370' title='bbox 456 4543 583 4594; x_wconf 83' lang='lat' dir='ltr'><strong>Catcchosi</strong></span> <span class='ocrx_word' id='word_1_371' title='bbox 596 4544 664 4594; x_wconf 83' lang='lat' dir='ltr'><strong>xxiii.</strong></span> <span class='ocrx_word' id='word_1_372' title='bbox 676 4552 779 4609; x_wconf 81' lang='lat' dir='ltr'><strong>mystng.</strong></span> <span class='ocrx_word' id='word_1_373' title='bbox 789 4560 814 4594; x_wconf 80' lang='lat' dir='ltr'><strong>r.</strong></span> <span class='ocrx_word' id='word_1_374' title='bbox 825 4561 843 4595; x_wconf 94' lang='lat' dir='ltr'><strong>n</strong></span> <span class='ocrx_word' id='word_1_375' title='bbox 862 4545 904 4595; x_wconf 84' lang='lat' dir='ltr'><strong>rii.</strong></span> 
     </span>
    </p>
   </div>
   <div class='ocr_carea' id='block_1_8' title="bbox 0 0 1433 5062">
    <p class='ocr_par' dir='ltr' id='par_1_12' title="bbox 0 0 1433 5062">
     <span class='ocr_line' id='line_1_44' title="bbox 0 0 1433 5062; baseline 0 0"><span class='ocrx_word' id='word_1_376' title='bbox 0 0 1433 5062; x_wconf 95' lang='lat' dir='ltr'><strong> </strong></span> 
     </span>
    </p>
   </div>
  </div>
 </body>
</html>
