2774 5056
381 318 437 379 DE
459 319 983 388 TRANSUBS'I'ANTIA'I'IONE·
1230 330 1284 387 188

563 785 707 846 CAPUT
727 786 811 846 VIII.

343 943 398 994 DE
426 942 1034 999 TRANSUBSTANTIATIONE.

125 1093 195 1149 tes
216 1088 338 1150 Realsns
359 1110 446 1165 quam
467 1091 715 1169 propugnavimus
738 1093 848 1152 Christi
869 1096 1048 1173 praesentiam
1071 1095 1224 1166 Lutherus,
1245 1097 1287 1155 uti

87 1184 145 1262 jam
160 1186 299 1258 diximus,
325 1189 449 1259 admisit,
471 1200 500 1248 et
522 1199 619 1248 contra
651 1191 862 1251 Carolstadium
883 1204 911 1252 et
939 1194 1105 1273 Zuinglium
1126 1195 1289 1263 vindicavit,

92 1283 140 1341 sed
159 1296 188 1343 et
210 1304 313 1362 panem
335 1296 364 1344 et
385 1287 483 1346 vinum
505 1306 620 1346 manere
641 1287 725 1355 dixit,
741 1287 812 1347 adeo
833 1302 864 1348 ut
879 1291 966 1349 simul
981 1291 1115 1350 adessent
1135 1309 1238 1369 corpus
1259 1299 1288 1350 et

96 1382 203 1459 sanguis
230 1382 342 1442 Christi
368 1403 426 1443 una
446 1403 511 1444 cum
532 1403 606 1462 pane
628 1396 658 1444 et
677 1387 755 1445 vino.
800 1385 1078 1448 Consubstants'atio
1093 1397 1224 1447 vocatum
1246 1398 1290 1446 est

98 1473 147 1536 hoc
160 1479 221 1557 ejus
235 1479 383 1556 placitum,
394 1468 483 1554 quum
493 1480 824 1542 transubstantiationis
839 1502 946 1543 nomen
963 1486 1025 1562 jam
1040 1486 1212 1544 saeculorum
1227 1485 1290 1561 plu·

104 1574 237 1646 riumusu,
253 1587 282 1637 at
294 1578 410 1637 concilii
429 1578 631 1638 Lateranensis
643 1582 818 1650 auctoritato,
832 1580 957 1660 dogmati
968 1582 1119 1643 catholico
1128 1583 1288 1642 adhaeserit.

108 1671 227 1735 Calvinus
239 1675 348 1736 realem
363 1676 474 1736 Christi
488 1679 670 1756 praesentiam
691 1698 722 1737 se
737 1699 891 1758 agnoscere
907 1681 1053 1758 professus
1067 1691 1120 1751 est,
1135 1681 1186 1740 sed
1201 1700 1291 1755 quum

115 1771 276 1835 Catholicum
300 1775 405 1854 dogma
424 1794 560 1835 unacum
581 1776 700 1836 Lutheri
721 1779 825 1855 placito
853 1780 992 1856 rejiceret,
1014 1800 1073 1839 non
1100 1780 1185 1839 aliam
1206 1799 1292 1854 quam

116 1872 273 1942 presentiam
295 1871 449 1946 quamdam
464 1873 565 1931 virtute
581 1882 609 1931 et
622 1873 760 1942 efficacia,
776 1894 835 1933 non
855 1893 896 1944 re,
912 1895 943 1933 se
958 1874 1105 1935 admittere
1119 1879 1188 1934 satis
1203 1877 1292 1934 mani·

115 1963 213 2028 lesnvit.
254 1968 340 2028 Hanc
355 1967 520 2048 sps'ritaism
534 1970 655 2029 vocavit.
698 1970 787 2048 Igitur
801 1991 864 2030 eam
886 1982 993 2030 tantum
1009 1973 1125 2050 agnovit
1138 1972 1294 2031 elemento·

66 2088 69 2099 ·
117 2077 162 2121 mm
174 2067 354 2125 mutationem
371 2085 427 2140 qua
448 2085 528 2125 sacro
542 2067 608 2125 usui
628 2066 814 2138 destinantur,
836 2081 867 2127 ut
887 2070 1019 2146 symbola
1039 2070 1097 2128 sint
1117 2053 1244 2147 corporis
1265 2083 1294 2128 et

66 2156 72 2185 ²
118 2163 239 2238 saguinis
256 2163 377 2232 ChrIsti,
390 2182 454 2238 quse
469 2183 534 2222 cum
546 2165 582 2222 iis
597 2164 697 2223 adesse
712 2177 741 2223 et
754 2165 824 2234 dari,
839 2185 927 2224 sensu
942 2185 1029 2243 supra
1042 2165 1176 2235 indicato,
1191 2165 1293 2243 praedi-

117 2257 179 2316 cavit.
216 2261 258 2320 Ut
271 2261 414 2320 erroribus
437 2260 567 2320 simulet
592 2261 750 2319 vaferrimis
772 2263 900 2320 consiliis
915 2262 1111 2320 haereticorum
1133 2270 1304 2320 occurreret·

117 2354 243 2416 consitium
260 2356 473 2426 Tridentinum,
488 2357 819 2417 transsubstantiationis
833 2359 1014 2426 vocabulum,
1030 2357 1106 2432 quod
1121 2357 1216 2415 Latini
1229 2375 1288 2417 ser·

117 2452 189 2511 monis
199 2455 368 2534 elegantiam
382 2455 450 2513 licet
463 2474 521 2514 non
536 2455 637 2532 sapiat,
653 2454 757 2532 dogma
772 2466 866 2514 tamen
888 2455 1035 2533 aptissime
1049 2455 1192 2523 enunciat,
1205 2455 1293 2514 veluti

116 2548 227 2612 tesseram
253 2551 322 2611 fidei
349 2551 502 2630 adoptarit.
556 2552 620 2609 “Si
642 2552 706 2626 quis
732 2552 836 2610 dixerit
856 2553 886 2610 in
910 2562 1091 2610 sacrosancto
1115 2551 1292 2611 eucharistiae

117 2635 276 2708 Sacramenta
301 2666 448 2708 remanere
469 2649 656 2707 substantiam
670 2649 753 2725 panis
768 2660 796 2707 et
810 2649 880 2718 vini,
893 2668 949 2708 una
963 2667 1028 2707 cum
1044 2667 1163 2726 corpore
1187 2657 1216 2707 et
1229 2667 1292 2707 sas·

117 2738 182 2809 ttius
194 2745 312 2811 Domini
327 2746 416 2805 nostri
431 2745 501 2805 Jesu
517 2746 627 2805 Christi
643 2766 651 2815 3
671 2747 873 2825 negaveritque
887 2746 1046 2805 mirabilem
1060 2747 1138 2806 illam
1152 2756 1181 2804 et
1194 2746 1290 2824 singu·

114 2825 182 2900 larem
195 2845 410 2903 conversionem
426 2843 512 2903 totius
527 2844 692 2902 substantias
709 2843 789 2920 panis
804 2843 834 2901 in
849 2862 963 2920 corpus,
979 2855 1008 2902 et
1022 2844 1107 2901 totius
1122 2842 1288 2901 substantias

117 2930 164 2993 vini
179 2940 204 3001 in
224 2942 405 3020 sanguinem,
431 2944 610 3001 manentibus
632 2940 779 3000 dumtaxat
798 2942 949 3018 speciebus
964 2942 1047 3019 panis
1061 2950 1090 3000 et
1109 2941 1186 3011 vini,
1208 2961 1295 3015 quam

119 3033 211 3099 suidam
225 3041 443 3100 conversionem
460 3040 611 3098 Catholica
625 3040 759 3098 Ecclesia
779 3040 927 3117 aptissime
948 3039 1294 3099 Transubstautiatianem

119 3137 244 3210 appellas
267 3139 420 3199 anathema
433 3139 517 3199 sit.”²

150 3235 203 3296 146.
225 3238 292 3306 Quo
306 3257 393 3297 sensu
408 3237 689 3297 transubstantiatio
704 3247 857 3313 usurpetur
878 3255 914 3295 ex
930 3235 1096 3295 definitione
1110 3236 1159 3295 illa
1172 3245 1294 3303 constat,

120 3332 179 3394 tuot
196 3337 305 3396 scilicet
329 3337 486 3395 substantia
507 3337 589 3412 panis
611 3347 639 3393 et
662 3336 720 3393 vini
740 3354 798 3393 non
812 3346 935 3401 maneat,
957 3334 1008 3392 sed
1025 3334 1133 3413 species
1147 3333 1293 3400 duntaxat,

121 3416 198 3502 ittera,
213 3434 333 3501 scilicet,
344 3434 432 3502 color,
444 3441 555 3510 gustus.
589 3430 823 3507 Philosophicam
836 3431 1022 3502 qoaestIonem
1033 3440 1127 3487 utrum
1139 3425 1296 3486 accidentia

121 3529 284 3590 asubstantia
306 3531 431 3607 separari
445 3539 560 3603 queant,
582 3529 714 3588 Ecclesia
734 3525 811 3584 haud
831 3535 929 3593 curata
951 3524 1002 3582 sed
1023 3525 1135 3602 species
1157 3524 1297 3601 agnoscit,

122 3628 286 3686 itascilicet
300 3626 433 3685 sensibus
448 3625 552 3684 nostris
567 3625 772 3702 impressiones
783 3618 890 3680 faciunt
905 3621 1002 3693 quales
1015 3621 1077 3698 ipsa
1086 3621 1168 3699 panis
1181 3619 1297 3695 vinique

122 3716 263 3795 absonus,
281 3726 309 3784 si
322 3734 459 3793 maneret,
475 3723 587 3792 faceret,
604 3742 687 3796 quam
703 3733 799 3780 tamen
814 3737 965 3798 superesse
981 3730 1075 3797 negat,
1091 3717 1208 3778 Christo
1230 3719 1298 3779 sim·

124 3809 208 3880 lliciter
220 3822 340 3881 credens
354 3839 457 3897 corpus
473 3838 537 3878 esse
552 3830 580 3877 et
593 3818 762 3896 sanguinem
774 3835 869 3874 suum.
912 3815 1015 3874 Utrum
1028 3815 1077 3874 illa
1088 3815 1238 3874 conversio
1250 3815 1300 3874 fiat

125 3916 326 3989 saltatione,
340 3919 381 3978 uti
391 3918 498 3984 dicunt,
509 3917 672 3976 substantia
687 3916 768 3993 panis
785 3915 895 3984 etvini,
909 3923 940 3972 ut
954 3932 1054 3973 sorum
1067 3913 1132 3972 loco
1146 3912 1300 3973 adducatur

127 4019 205 4088 0ttrpus
216 4029 245 4077 et
257 4017 376 4095 sanguis
392 4015 502 4075 Christi
514 4015 580 4084 ;·vel
595 4012 827 4094 reprodartions,
838 4013 877 4070 ita
887 4022 918 4070 ut
928 4013 992 4089 ipsa
1005 4011 1163 4070 substantia
1174 4012 1256 4089 panis
1270 4020 1300 4068 et

127 4101 171 4166 1111
184 4123 301 4175 transeat
321 4115 356 4174 in·
372 4115 559 4173 substantiam
573 4113 701 4190 corporis
716 4121 745 4171 et
765 4111 923 4188 sanguinis,
938 4111 1011 4169 inter
1032 4109 1146 4169 Schola
1168 4109 1298 4170 doctores

130 4211 253 4284 stantun
270 4232 393 4289 quorum
406 4215 531 4291 partibus
542 4232 578 4270 ne
593 4231 645 4270 nos
661 4212 844 4279 misceamus,
855 4209 1001 4269 altitudIac
1012 4209 1144 4287 mysterii
1153 4219 1300 4268 terremur.

132 4292 189 4364 Cum
200 4310 336 4390 Magistro
353 4311 564 4370 Sententiarum
587 4310 681 4387 placet
694 4309 807 4368 dicere:
830 4317 850 4344 “
866 4308 898 4365 Si
913 4308 978 4382 quis
992 4305 1108 4366 modum
1124 4325 1181 4380 quo
1195 4305 1224 4364 id
1238 4304 1300 4363 fieri

133 4403 202 4498 laesit
213 4411 318 4483 qnoerit,
336 4410 457 4467 breviter
470 4397 650 4484 respondeo:
673 4407 848 4484 Mysterium
863 4404 932 4465 fidei
942 4404 1022 4466 credi
1034 4403 1182 4462 salubriter
1196 4408 1300 4480 potest,

135 4503 267 4585 usstigun
282 4509 431 4568 salubriter
446 4526 505 4566 non
520 4505 661 4584 potest.”¹

541 4665 583 4730 (ll
603 4663 669 4713 Sese.
679 4663 730 4714 xiii.
743 4660 807 4713 Gan.
818 4661 844 4712 ii.

535 4752 575 4817 (2)
595 4749 625 4801 L.
636 4750 668 4801 iv.
679 4749 743 4801 Dist.
755 4749 780 4800 ii.
