2774 5056
138 293 195 351 tot
431 287 488 348 DE
510 282 1039 358 ‘ruausuesuaut'tautoue

176 455 243 512 178,
268 447 336 531 Ohj,
353 451 400 508 11,
421 450 521 508 Patres
535 441 721 520 hyperbolice
735 441 823 501 locuti
836 452 905 502 sunt
914 443 950 502 de
962 444 1144 514 eucharistia,
1154 445 1195 503 uti
1207 455 1332 523 patetsx
1348 438 1354 445 ¹

135 548 342 626 Chrysostomi
364 546 468 614 verbis,
483 561 549 618 quae
572 552 656 619 prout
677 552 781 600 sonant
806 560 892 601 nemo
918 543 1031 621 accipit,
1052 543 1121 603 dicit
1142 545 1221 604 euim
1242 562 1334 604 sacer·

133 643 209 704 dotis
224 663 340 704 manum
353 660 466 701 carnem
483 638 593 697 Christi
614 654 722 705 secare,
744 636 870 696 fidelium
891 639 1019 717 linguam
1040 637 1112 717 tingi
1135 639 1247 698 Christi
1268 660 1331 700 sau·

132 743 230 821 guiue.
270 741 313 800 lta
327 740 464 799 Casinus.

171 840 260 919 Reep.
282 839 341 897 'l'ot
365 854 430 910 quoe
451 833 623 894 adduximus
646 831 816 899 testimonia,
841 845 870 890 et
895 833 1018 909 plurima
1043 832 1098 890 alia
1126 853 1185 892 non
1206 847 1331 911 possunt

134 937 230 995 haberi
244 954 329 994 mere
343 931 585 1010 exaggerationes.
617 928 649 985 st
663 929 804 987 elementa
818 940 916 986 essent
929 929 1012 1006 signa
1024 940 1143 996 tautum,
1156 930 1332 1004 quantalibet

135 1035 234 1091 virtute
249 1030 376 1108 praedita,
391 1027 499 1087 insulsa
514 1043 630 1103 prorsus
644 1025 738 1082 forent
756 1024 805 1082 illa
824 1035 936 1101 patrum
957 1025 1041 1093 dicta,
1057 1027 1193 1100 aquibus
1208 1026 1331 1104 proinde

133 1149 233 1190 omnes
254 1129 453 1188 abhorrerent:
482 1125 533 1183 sed
558 1123 614 1182 lide
643 1122 773 1198 mysterii
795 1125 910 1199 previa,
933 1123 1098 1200 hujusmodi
1119 1123 1195 1183 dicta
1220 1127 1329 1202 optime

134 1227 319 1294 conveniunt,
333 1237 362 1283 et
375 1224 456 1283 iacile
469 1225 505 1280 ab
527 1221 661 1280 omnibus
676 1219 878 1296 intelliguntur.
923 1221 1029 1279 Manus
1044 1222 1201 1280 sacerdotis
1216 1241 1332 1280 carnem

133 1324 241 1383 Christi
262 1340 358 1381 secare
380 1321 493 1386 dicitur,
514 1317 581 1392 quia
602 1316 705 1393 frangit
724 1315 857 1383 hostiam,
880 1334 943 1389 quae
965 1335 1031 1375 vere
1051 1330 1095 1375 est
1115 1337 1182 1376 caro
1204 1317 1325 1386 Christi,

133 1423 263 1496 quamvis
285 1422 322 1479 ob
348 1420 502 1497 gloriosam
528 1416 612 1493 hujus
633 1414 826 1472 conditionem
847 1414 925 1472 nulla
948 1417 1039 1491 possit
1065 1416 1140 1475 affici
1162 1416 1328 1475 mutatione.

134 1520 277 1579 Fidelium
298 1519 384 1577 etiam
406 1516 504 1592 lingua
531 1513 617 1571 obvio
638 1531 725 1570 sensu
747 1513 834 1570 tincta
855 1512 965 1571 Christi
986 1514 1126 1590 sanguine
1148 1514 1329 1591 praedicatur,

133 1637 222 1693 quum
236 1636 303 1676 eum
319 1617 448 1674 bibamus
470 1614 500 1671 in
522 1611 677 1688 mysteriis.
719 1610 778 1668 Sed
797 1611 921 1669 insanire
942 1611 1083 1671 videretur
1106 1614 1157 1683 nui
1179 1632 1284 1690 panem
1304 1624 1334 1671 et

133 1717 231 1773 viuum
246 1712 379 1790 symbola
392 1710 502 1770 Christi
516 1708 644 1786 corporis
658 1720 687 1765 et
699 1709 847 1785 sanguinis
862 1710 1016 1775 estimans,
1038 1709 1244 1789 Chrysostomj
1273 1711 1335 1769 imi·

134 1823 240 1872 teretur
252 1829 425 1870 sermonem.
466 1809 545 1867 Hinc
556 1807 655 1865 White
665 1825 722 1865 non
734 1817 845 1865 veretur
856 1806 949 1866 dicere
960 1827 1025 1866 euni
1041 1809 1207 1881 eloquentia
1221 1824 1332 1886 raptum

134 1915 229 1972 minus
244 1921 372 1970 accurate
386 1910 532 1968 locutuml

174 2013 242 2070 174.
266 2007 332 2086 obj.
350 2011 396 2066 12.
418 2007 542 2065 irenaeus
562 2003 634 2061 duas
654 2021 700 2061 res
723 2014 866 2062 terrenum
894 2013 924 2062 et
943 2003 1088 2063 coelestem
1110 2006 1142 2064 in
1166 2005 1338 2064 eucharistia

135 2106 286 2184 agnoscit:
310 2098 593 2170 “Quemadmodum
607 2101 685 2157 enim
698 2099 748 2173 qui
766 2107 812 2156 est
824 2119 841 2156 a
854 2110 927 2158 terra
947 2104 1029 2177 panis
1044 2101 1208 2178 percipiens
1222 2080 1340 2161 invoca·¹

135 2207 243 2265 tionem
258 2203 324 2271 Dei,
335 2203 398 2280 jam
412 2219 471 2260 non
484 2198 646 2257 communis
662 2196 744 2275 panis
758 2207 812 2265 est,
821 2197 872 2256 sed
884 2199 1064 2267 eucharistia,
1075 2218 1112 2258 ex
1128 2198 1240 2266 duabus
1252 2202 1336 2259 rebus

135 2312 281 2369 conamus,
296 2310 407 2358 terrena
417 2296 582 2363 etcoelesti;
597 2296 639 2353 sio
648 2304 677 2352 et
687 2313 806 2372 corpora
815 2306 910 2354 nostra
922 2297 1107 2374 percipienda
1119 2298 1334 2366 eucharistiam,

131 2402 192 2478 jam
207 2418 265 2459 non
276 2407 343 2457 suut
355 2394 558 2473 corruptibilia,
573 2411 656 2470 spem
670 2393 886 2451 resurrectionis
898 2393 1077 2452 habentia.’'²

173 2495 264 2575 Resp.
284 2496 409 2554 Irenaeus
424 2493 540 2568 respicit
554 2509 613 2548 rem
634 2500 773 2548 terrenam
794 2509 832 2549 ex
853 2509 909 2563 qua
930 2491 1079 2550 conficitur
1099 2493 1283 2563 eucharistia,
1310 2505 1337 2556 et

135 2598 217 2672 cujus
233 2595 359 2671 speciem
373 2593 485 2657 retinet,
500 2591 568 2663 quin
584 2590 647 2663 ejus
664 2589 849 2647 substantiam
872 2608 986 2648 manere
1008 2591 1128 2649 innuat:
1151 2611 1219 2650 nam
1236 2595 1335 2652 vinum

136 2704 164 2751 et
177 2692 259 2767 panis
275 2700 294 2727 ¹⁶
305 2687 490 2766 percipienda
503 2686 618 2743 verbum
635 2684 702 2752 Dei,
723 2703 923 2743 suouaursuut
938 2705 1041 2753 rruuu,
1057 2707 1137 2751 ouon
1152 2707 1209 2746 asa
1223 2709 1334 2748 coneus

136 2784 508 2848 aasauoutsCuursut.”⁰
547 2782 590 2840 lta
609 2783 671 2858 ipse
696 2782 788 2841 docet.
831 2784 977 2842 Caeterum
998 2787 1101 2843 mirum
1125 2800 1248 2845 nonest
1270 2807 1335 2847 eum

136 2888 172 2947 de
187 2896 264 2945 tauto
278 2903 380 2943 arcano
394 2883 559 2966 loquentem
574 2882 608 2938 iis
623 2882 661 2938 uti
677 2900 893 2955 nonnumquam
905 2885 1022 2942 vocibus
1032 2904 1097 2958 quae
1106 2886 1335 2945 cavillationibus

140 2994 308 3044 novatorum
324 3000 420 3039 ansam
435 2980 591 3056 praebeant3
614 2979 642 3035 in
659 2997 687 3035 re
702 2981 779 3037 enim
789 2981 964 3057 hujusmodi,
980 2983 1060 3059 cujus
1076 2984 1189 3059 species
1204 2985 1336 3042 sensibus

137 3082 222 3141 obvia
235 3081 305 3138 adeo
320 3077 415 3137 differt
429 3097 445 3134 a
459 3077 500 3134 rei
515 3077 640 3144 veritate,
657 3076 721 3134 velo
735 3076 785 3135 illo
797 3078 917 3145 obtecta,
930 3079 1036 3156 duplex
1051 3080 1213 3139 necessarii)
1228 3082 1335 3139 induci·

139 3191 184 3238 tur
200 3175 336 3252 loquendi
349 3177 428 3241 ratio,
445 3175 485 3232 uti
499 3174 642 3250 sapienter
662 3184 759 3232 monet
780 3175 901 3252 scriptor
915 3179 1022 3253 egregii
1036 3180 1130 3253 operis
1143 3178 1178 3236 de
1194 3179 1262 3237 fidei
1278 3198 1339 3255 per·

136 3277 282 3355 petuitate,
298 3275 352 3332 alia
373 3273 482 3330 scilicet
497 3271 653 3330 secundum
679 3272 806 3347 speciem
832 3274 1008 3341 sensibilem,
1034 3274 1090 3332 alia
1114 3276 1275 3335 secundum
1297 3278 1336 3334 rei

136 3373 283 3432 veritatem
297 3369 353 3429 tide
369 3369 556 3446 propositam.
596 3368 754 3443 Perspicua
768 3378 861 3427 autem
877 3380 943 3426 sunt
962 3389 1026 3442 quae
1048 3371 1132 3429 tradit
1154 3371 1282 3430 Irenaeus
1304 3372 1338 3429 de

136 3470 253 3528 veritate
267 3467 396 3544 corporis
410 3478 438 3522 et
452 3464 600 3540 sanguinis
616 3463 727 3521 Christi
739 3464 768 3522 in
783 3465 963 3523 eucharistia.

177 3573 245 3628 tto.
271 3565 337 3644 Obj.
352 3570 398 3623 13.
421 3565 452 3621 S.
470 3562 597 3621 loannes
620 3562 848 3638 Chrysostomus
863 3564 1014 3621 manifesto
1035 3565 1129 3641 rejicit
1143 3569 1337 3625 transubstan-

136 3665 292 3729 tiationem,
305 3675 402 3721 monet
412 3662 488 3720 enim
499 3662 681 3718 Sacramenta
695 3658 770 3717 haud
786 3660 990 3719 consideranda
1005 3663 1164 3730 carnaliter,
1181 3664 1233 3722 sed
1246 3665 1337 3722 oculis

135 3761 315 3826 intellectus3
341 3768 369 3815 et
382 3777 485 3835 corpus
503 3757 621 3815 Domini
646 3757 720 3815 haud
742 3758 851 3834 percipi
867 3769 985 3816 externo
1000 3759 1096 3833 aliquo
1111 3772 1187 3827 actu,
1203 3763 1255 3820 sed
1269 3762 1334 3824 fide.

138 3856 211 3915 Huc
227 3856 364 3913 Cosinus.
885 3888 888 3916 .

174 3953 263 4031 Resp.
279 3953 431 4028 Perpetem
444 3954 562 4011 omnino
573 3964 601 4010 et
610 3963 708 4009 contra
717 3950 921 4028 Chryeostomi
937 3966 1060 4011 mentem
1075 3954 1138 4012 haec
1150 3957 1331 4032 objiciuntur,

95 4122 100 4187 1
134 4148 162 4199 oi
175 4163 190 4197 a
201 4145 295 4208 change
307 4144 378 4196 mede
386 4145 414 4194 in
426 4146 467 4196 the
478 4146 604 4206 elementa,
616 4147 660 4195 but
668 4153 713 4195 not
724 4145 864 4210 destroying
875 4145 938 4196 their
949 4147 1092 4197 substantial
1104 4151 1246 4214 properties.
1273 4149 1335 4200 Thai

93 4192 98 4321 1
133 4235 191 4299 they
202 4231 331 4298 expressed
342 4231 383 4281 the
397 4233 483 4282 former
502 4233 636 4282 sentiment
652 4233 679 4281 in
691 4233 811 4294 languege
823 4232 904 4282 which
921 4233 960 4282 led
971 4241 997 4282 to
1009 4235 1261 4297 transubstantiation,
1277 4236 1333 4286 shall

94 4328 104 4391 l
132 4328 177 4370 not
193 4321 223 4369 be
239 4318 296 4368 here
316 4315 428 4367 denied.”
462 4317 579 4368 Lectores
592 4335 623 4374 on
636 4318 677 4367 the
690 4317 829 4367 Cetechism
842 4319 871 4367 os
883 4318 1219 4389 theProtestantEpisoopal
1231 4321 1331 4381 Church,

133 4406 181 4457 and
190 4403 373 4465 Dissertations,
384 4405 417 4468 by
426 4402 540 4455 William
552 4404 645 4462 White.
658 4403 691 4453 D.
703 4403 735 4453 D.
748 4403 844 4470 Biehop,
853 4404 902 4455 &c
914 4404 1102 4471 ,Philadelphia
1117 4411 1191 4461 tete.
1203 4427 1227 4478 p.
1240 4411 1295 4460 est.

166 4495 206 4559 (l)
230 4491 261 4543 L.
269 4491 301 4543 iv.
313 4489 368 4541 adu.
379 4489 436 4542 lter.
446 4505 468 4540 c.
478 4491 564 4543 xxxiv.
576 4491 635 4541 alias
644 4490 710 4542 xviii.

168 4581 208 4644 (2)
224 4575 256 4629 L.
266 4592 319 4629 aa.
334 4576 368 4628 xi.
