2812 5062
159 314 215 372 ras
451 272 1051 372 ussnxrosornmscsrrrs.

158 487 234 529 novo
247 467 434 528 Testamento
446 468 528 527 litera
540 487 604 543 que
617 466 730 527 occidat
741 486 819 536 eum,
830 467 881 541 qui
895 485 955 526 non
967 465 1131 546 spiritaliter
1140 480 1207 539 qurc
1222 457 1348 527 (ΜΨ

159 565 319 626 adverterit.
359 564 391 623 oi
405 564 483 623 euim
500 564 656 624 secundum
670 564 781 624 literam
801 564 930 638 sequaris
944 563 1001 622 hoc
1022 563 1130 642 ipsum,
1143 556 1225 634 qnod
1247 554 1347 615 ᾱίωιπι

159 673 221 720 est:
244 661 312 720 Nisi
336 658 572 719 manducaveritis
598 679 713 721 carnem
735 679 840 728 meam,
854 668 884 717 et
901 659 1029 718 biberitis
1052 656 1224 736 sanguinem
1246 668 1347 715 meum,

159 756 265 818 occidit
276 756 339 816 hae'c
351 755 477 816 litera.”¹
516 755 589 815 Hree
602 755 722 816 tidenter
735 756 834 833 objicit
847 753 1000 814 Casinus?

198 853 288 932 neap.
311 852 558 912 Notissimum'est
571 851 727 930 Origenem
742 871 795 911 suo
810 851 926 929 ingenio
940 852 1028 911 nimis
1037 848 1203 915 indulsisse,
1215 842 1350 923 mysticus

161 949 314 1029 praebendo
326 950 529 1028 scripturarum
544 950 807 1027 interpretationes3
822 949 905 1027 cujus
916 948 1082 1027 exemplum
1090 947 1161 1007 satis
1172 941 1351 1005 manifestum

161 1047 296 1108 hocloco
309 1047 427 1124 prabet,
441 1048 559 1107 verbum
574 1047 685 1106 Christi
698 1064 783 1105 carne
797 1047 860 1126 ejus
875 1045 1018 1124 designari
1032 1044 1142 1112 dicens,
1157 1053 1188 1101 et
1199 1037 1353 1119 Apostolos

162 1144 259 1204 cibum
272 1156 400 1204 nostrum
425 1145 591 1223 appellans:
614 1144 786 1203 “Carnibus
811 1143 932 1202 enimet
955 1143 1093 1218 sanguine
1117 1137 1269 1207 verbisui.
1289 1149 1354 1195 teor·

163 1260 249 1317 quam
263 1240 371 1300 mundo
383 1243 449 1301 cibo
462 1261 495 1301 ac
508 1253 588 1320 potu,
598 1252 677 1319 potat
690 1252 719 1298 et
731 1240 823 1299 reiicit
835 1258 922 1301 omne
932 1239 1082 1297 hominum
1095 1254 1199 1315 mus.
1225 1229 1356 1293 Semndo
1402 1222 1404 1227 ’

163 1338 194 1397 ἰιι
207 1338 263 1397 hoc
276 1337 341 1398 loco
356 1350 422 1417 post
441 1339 518 1398 illius
532 1358 657 1409 carnem,
672 1338 796 1398 mundus
810 1338 902 1407 cibus,
916 1347 946 1396 et
967 1338 1085 1407 Paulus,
1099 1345 1129 1395 et
1140 1352 1248 1395 omncs
1269 1333 1356 1411 spos

164 1433 246 1493 toli.'’
277 1433 420 1495 Caeterum
435 1437 566 1511 quamvis
579 1454 640 1497 non
653 1435 778 1495 amuuat
791 1454 826 1494 eo
839 1434 896 1495 loci
909 1436 1066 1513 genuinum
1081 1431 1194 1491 Christi
1208 1431 1355 1491 verborum

165 1550 293 1602 sensum,
308 1552 368 1593 non
380 1533 447 1592 ideo
469 1553 535 1592 eum
556 1553 673 1612 prorsus
687 1533 839 1593 excludere
856 1532 1017 1592 censendus
1031 1543 1086 1600 est,
1108 1530 1192 1589 litera
1204 1528 1284 1589 enim
1297 1545 1356 1603 quo

164 1627 270 1688 occidit
283 1639 328 1688 est
339 1648 402 1704 quoe
416 1631 564 1707 sanguinis
578 1630 697 1691 humaui
710 1630 852 1689 fusionem
868 1630 895 1688 vi
909 1640 939 1687 et
952 1628 1137 1707 potationem,
1151 1623 1277 1685 neutrali
1294 1639 1357 1681 eon·

165 1722 285 1792 ditione,
299 1725 398 1803 exigit.
439 1725 587 1800 Quidquid
608 1737 704 1785 autem
728 1725 871 1785 consuerit
891 1724 927 1783 de
949 1723 1044 1783 verbis
1066 1722 1135 1790 illis,
1156 1732 1274 1779 conant
1296 1735 1358 1777 eum

166 1820 285 1881 omniuo
299 1822 452 1899 agnovisse
465 1841 569 1900 corpus
583 1834 612 1881 et
620 1823 789 1901 sanguinem
804 1821 922 1883 Domini
934 1821 1040 1880 semin
1051 1819 1240 1877 Sacramento
1252 1815 1358 1880 adesso·

167 1917 228 1978 dari
239 1929 268 1976 et
277 1918 397 1997 suscipi.
427 1929 447 1957 “
458 1919 593 1989 Nostis‚’'
608 1921 711 1995 iuquit,
727 1929 746 1958 “
757 1921 807 1994 qui
818 1919 923 1979 divinis
936 1917 1082 1997 mysteriis
1093 1916 1236 1975 inwresse
1245 1929 1359 1973 consue·

170 2015 263 2085 vistis,
278 2015 423 2090 quomodo
437 2037 501 2076 curn
517 2018 662 2096 suscipitis
676 2036 781 2094 corpus
796 2016 926 2086 Domini,
941 2035 1006 2076 curn
1021 2014 1100 2075 omni
1114 2013 1227 2073 cautela
1239 2020 1271 2071 et
1283 2027 1360 2070 vene·

167 2115 413 2184 rationeservatis‚
423 2134 459 2174 ne
474 2134 511 2174 ex
522 2135 558 2175 eo
571 2135 670 2193 parum
680 2114 750 2190 quid
761 2114 884 2184 decidat,
899 2134 935 2174 ne
947 2113 1105 2174 consecrati
1116 2110 1249 2191 muneris
1260 2105 1360 2183 aliquid

168 2210 321 2279 dilabatur3
337 2228 402 2269 reos
416 2211 494 2270 enim
509 2229 560 2270 vos
573 2209 700 2279 creditis,
714 2220 744 2268 et
763 2222 837 2270 recte
851 2209 977 2278 creditis,
991 2209 1018 2269 si
1039 2207 1108 2283 quid
1127 2204 1197 2267 indo
1210 2224 1267 2285 per
1279 2202 1360 2283 nogh

169 2309 292 2387 geutim
307 2307 466 2367 decidat.’'⁸

210 2410 260 2465 42.
285 2403 352 2486 obj.
370 2409 417 2465 11.
438 2405 616 2484 Augustinus
641 2405 704 2483 ipse
717 2424 805 2465 sensu
827 2405 969 2484 spirituali
989 2416 1018 2463 et
1038 2403 1188 2482 figurativo
1212 2399 1361 2469 verbsiilt
1402 2398 1404 2407 '

170 2501 354 2580 intelligenda
364 2503 510 2580 agnoscit:
534 2512 554 2539 ‘⁸
565 2502 642 2561 Caro
654 2521 718 2561 mea
726 2515 770 2561 est
780 2521 833 2580 pro
845 2501 944 2561 mundi
957 2501 1023 2561 vita.
1046 2542 1054 2559 .
1076 2540 1085 2559 .
1108 2541 1117 2557 .
1139 2498 1259 2558 Norunt
1268 2496 1361 2557 fideles

172 2616 274 2675 corpus
290 2597 410 2667 Christi,
424 2600 450 2656 si
465 2616 567 2674 corpus
590 2596 700 2656 Christi
713 2617 771 2655 nou
792 2597 938 2674 negligant
956 2615 1020 2655 esse
1024 2635 1159 2655 .....
1182 2593 1255 2663 Non
1275 2603 1362 2671 potest

172 2693 267 2750 vivere
282 2711 386 2768 corpus
412 2692 532 2760 Christi,
546 2691 603 2749 nisi
628 2690 663 2749 dc
689 2693 795 2769 Spiritu
818 2691 938 2751 Christi.
979 2690 1050 2751 Inde
1065 2701 1109 2749 est
1123 2688 1202 2765 quod
1216 2705 1362 2766 exponens

173 2789 255 2848 nobis
270 2788 425 2866 Apostolus
449 2789 557 2847 Paulus
577 2787 655 2847 hunc
675 2807 799 2867 panem:
822 2788 906 2847 Unus
931 2789 1025 2866 panis,
1040 2786 1143 2862 inquit,
1158 2805 1251 2846 unum
1264 2802 1363 2862 corpus

174 2887 256 2946 multi
280 2905 389 2945 sumus.
431 2886 458 2944 C
484 2886 697 2946 Sacramentum
722 2887 847 2964 pietatis,
860 2905 878 2945 o
902 2888 1016 2964 signum
1039 2886 1164 2958 unitatis,
1178 2904 1197 2944 ο
1221 2883 1365 2945 vinculum

174 2984 328 3044 charitatis.
352 3025 360 3042 .
383 3025 391 3041 .
414 3024 422 3040 .
444 2982 532 3042 Hunc
547 2983 641 3056 itaque
655 2984 750 3042 cibum
765 2994 794 3042 et
807 2994 905 3061 potum
920 2985 1086 3043 societatem
1100 2983 1161 3040 vult
1173 2981 1296 3059 intelligi
1309 2998 1366 3039 cor·

175 3081 252 3158 poris
266 3090 296 3138 et
308 3080 500 3139 membrorum
514 3098 642 3146 suorum,
658 3079 733 3153 quod
748 3091 792 3138 est
805 3090 901 3139 sancta
915 3080 1049 3139 Ecclesia
1063 3080 1092 3138 iu
1107 3077 1328 3157 praedestinatis,
1341 3086 1367 3135 et

175 3179 293 3246 vocatis,
314 3189 343 3236 et
358 3178 531 3255 justificatis.
546 3190 575 3236 et
587 3178 751 3256 glorificatis
765 3179 871 3237 sanctis
885 3189 914 3236 et
927 3177 1059 3237 fidelibus
1074 3177 1156 3255 ejus:
1174 3195 1298 3250 quorum
1313 3175 1366 3254 pri·

176 3294 256 3335 mum
265 3277 326 3354 jam
338 3275 444 3334 sactum
457 3284 510 3343 est,
522 3274 551 3332 id
567 3286 611 3332 est
624 3274 849 3352 praedestinatio:
867 3275 1023 3333 secuudum
1035 3284 1063 3332 et
1071 3274 1186 3331 tertium
1196 3273 1305 3332 sactum
1316 3282 1367 3338 est.

176 3383 204 3432 et
214 3373 256 3446 fit,
269 3384 298 3430 et
310 3372 369 3439 fiet,
385 3371 413 3430 id
427 3383 471 3429 est
487 3373 594 3430 vocatio
608 3383 636 3429 et
646 3371 831 3448 justificatio:
848 3381 978 3445 quartum
993 3369 1060 3428 verh
1072 3387 1148 3428 nunc
1161 3369 1193 3427 iu
1208 3387 1262 3446 spe
1276 3378 1329 3433 est.
1338 3367 1367 3426 iu

176 3489 206 3529 re
220 3480 314 3528 autem
328 3469 452 3527 futurum
474 3479 527 3536 est,
542 3466 570 3525 id
585 3478 630 3526 est
642 3467 819 3545 glorificatio.
863 3467 959 3545 Hujus
971 3466 1012 3524 rei
1026 3476 1245 3534 sacramentum,
1267 3464 1297 3524 id
1312 3475 1365 3531 est,

175 3568 289 3626 unitatis
313 3567 441 3644 corporis
456 3577 484 3623 et
505 3565 651 3643 sanguinis
667 3563 776 3624 Christi
791 3566 894 3625 alicubi
908 3563 1045 3638 quotidie,
1060 3563 1163 3621 alicubi
1177 3564 1265 3622 certis
1285 3563 1367 3623 inter·

177 3663 258 3721 vallis
269 3662 378 3721 dierum
391 3663 421 3720 iu
433 3662 575 3720 dominica
585 3680 684 3719 mensa
696 3675 877 3739 praeparatur,
889 3675 917 3720 et
927 3661 962 3720 de
974 3679 1074 3719 mensa
1082 3660 1227 3719 dominica
1237 3659 1367 3726 sumitur,

175 3756 344 3832 quibusdam
355 3757 389 3814 ad
402 3758 498 3824 vitam,
511 3757 679 3831 quibusdam
692 3758 725 3816 ad
735 3760 865 3817 exitium.
887 3758 945 3816 Res
959 3776 1026 3815 vero
1040 3757 1191 3834 ipsacujus
1201 3757 1367 3815 Sacramen-

177 3865 236 3912 tum
250 3865 303 3920 est,
318 3854 396 3912 omni
411 3853 520 3912 homini
532 3853 673 3921 advitam,
687 3856 756 3913 nulli
771 3857 804 3913 ad
820 3855 949 3921 exitium,
963 3855 1136 3928 quicumque
1148 3854 1211 3930 ejus
1226 3855 1368 3932 particeps

176 3948 308 4007 suerit.”⁴
346 3949 425 4008 Alias
439 3950 497 4007 ait:
521 3950 585 4007 “Si
605 3952 777 4028 praeceptiva
796 3951 902 4009 locutio
922 3960 966 4008 est
979 3962 1026 4008 aut
1047 3949 1186 4028 flagitium
1201 3961 1250 4009 aut
1263 3950 1371 4010 facinus

177 4056 286 4114 vetans,
301 4056 350 4104 aut
371 4047 518 4105 utilitatem
533 4057 580 4104 aut
601 4047 770 4107 beneficium
785 4048 902 4126 jubens,
917 4065 975 4106 non
995 4057 1039 4106 est
1058 4048 1176 4127 figurata
1178 4089 1316 4107 .....
1338 4046 1370 4105 Si

213 4282 255 4346 (l)
275 4279 305 4330 In
317 4278 393 4328 Levit.
406 4277 473 4329 hom.
483 4279 525 4329 vii.
535 4295 560 4331 n.
574 4283 597 4331 5.

211 4367 254 4433 (2)
275 4363 352 4415 Aliud
369 4362 483 4426 Origenis
502 4365 669 4418 testimouium
685 4365 751 4431 quod
768 4365 849 4432 objicit
866 4364 975 4418 Cosinus
992 4365 1103 4417 iuvenire
1122 4364 1189 4417 haud
1207 4365 1285 4434 potui,
1295 4359 1374 4432 quoin

176 4456 244 4505 loeus
256 4466 307 4502 non
318 4449 446 4500 iudicetur.
671 4463 675 4469 “

213 4538 256 4604 (3)
274 4535 352 4587 Hom.
362 4550 414 4586 xm
425 4534 452 4584 iu
463 4533 545 4585 Exod.
651 4534 655 4541 '

215 4622 257 4688 (4)
276 4621 359 4672 Trsct
371 4619 439 4672 xxvi.
450 4619 478 4671 in
489 4619 561 4675 loun.
