2774 5056
268 336 329 397 DE
351 336 463 407 AQUA
483 336 537 397 AD
558 334 808 397 BuPTlthtM
829 334 1099 401 Necessitas.
1241 344 1277 403 bl

89 504 184 562 nutes,
199 507 231 554 et
256 495 356 556 Deum
377 495 556 574 diligentese
577 497 651 556 vivis
672 498 761 575 erepti
787 496 899 564 suerint,
923 509 1073 573 antequam
1100 501 1281 578 susceperint

89 592 272 669 baptismum.
820 578 823 583 ¹

124 688 214 767 Βίῳ.
238 691 388 749 Sententia
402 691 449 749 illa
463 690 582 759 Christi,
597 701 681 769 prout
700 701 791 760 sonat,
805 690 969 767 accipienda
989 703 1041 759 est,
1057 703 1086 752 et
1105 712 1157 772 spe
1178 694 1279 753 salutis

90 788 178 864 privet
202 791 254 862 qui
279 807 317 847 ex
341 808 415 863 aqna
435 800 464 847 et
483 790 591 867 Spiritu
611 791 716 849 Sancto
736 808 794 849 non
815 800 986 848 renascatur.
1028 790 1172 852 Ceterum
1186 812 1224 853 ex
1244 813 1281 853 es

91 888 198 945 renmci
213 886 316 946 meritd
329 899 472 956 censetur,
486 890 536 963 qui
550 908 584 946 ea
604 889 786 948 vehementer
806 890 885 966 cupit
897 889 983 957 ablui,
998 889 1072 967 apud
1093 890 1189 950 Deum
1202 892 1280 951 euim

91 985 199 1043 sincera
213 987 302 1045 animi
316 985 446 1045 voluntas
461 1006 511 1064 pro
524 988 632 1064 reipsa
645 988 792 1065 accipitur,
808 988 918 1060 quoties
932 999 1049 1046 externa
1063 988 1143 1047 deest
1156 990 1280 1049 occasio.

92 1081 236 1158 Martyres
259 1081 367 1140 idcirco
382 1082 485 1155 aliique
500 1094 589 1141 morte
612 1084 754 1160 prerepti,
770 1083 836 1141 dum
859 1084 978 1159 cupiunt
992 1086 1174 1161 baptismum,
1190 1086 1282 1162 ingre·

91 1177 205 1236 diuntur
217 1178 355 1237 crelorum
369 1198 498 1256 regnum,
514 1180 579 1252 quia
592 1198 627 1238 ea
640 1179 763 1256 gaudent
776 1181 993 1254 nativitateque
1007 1181 1118 1240 lavacro
1132 1182 1281 1258 contingit.

91 1274 176 1341 Quod
189 1277 216 1332 si
229 1274 265 1333 de
279 1276 314 1333 iis
336 1275 374 1333 sit
387 1294 481 1334 sermo
495 1278 543 1350 qui
563 1278 697 1354 baptismi
722 1279 927 1336 institutionem
948 1278 1089 1355 ignorant,
1106 1280 1150 1337 vel
1171 1278 1282 1338 deside·

90 1371 163 1429 rium
176 1372 328 1449 concipere
341 1384 494 1445 nequeunt,
506 1375 620 1451 sanguis
636 1374 745 1433 Christi
756 1394 842 1432 causa
855 1375 946 1441 susus,
960 1374 1086 1434 hostium
1098 1375 1164 1434 fidei
1176 1377 1282 1446 lurore,

91 1469 191 1528 meritd
205 1470 324 1528 habetur
337 1470 440 1529 lavacri
454 1473 550 1530 instar.
592 1473 730 1531 Praeelare
751 1473 947 1551 Augustinus:
970 1474 1184 1549 “Quicumque
1197 1477 1282 1535 etiarn

92 1583 149 1622 non
171 1576 307 1642 percepto
329 1568 549 1642 regenerationis
569 1567 681 1627 lavacro
705 1587 758 1645 pro
779 1568 887 1627 Christi
910 1571 1091 1629 consessione
1112 1573 1282 1638 moriuntur.

93 1674 200 1720 tantum
214 1664 257 1720 eis
271 1663 346 1721 valet
359 1662 396 1721 ad
408 1664 574 1722 dimittenda
589 1678 712 1742 peccata,
728 1680 863 1739 qnantum
880 1668 904 1725 si
918 1668 1098 1727 abluerentur
1111 1689 1192 1729 sacro
1207 1670 1282 1730 fonte

93 1759 282 1834 baptismatis.
305 1759 363 1826 Qui
377 1759 454 1817 enirn
466 1760 555 1818 dixit:
571 1772 579 1797 ⁴
592 1762 625 1819 Si
636 1763 699 1835 quis
715 1781 772 1821 nnn
784 1775 896 1821 renatus
911 1764 995 1822 suerit
1004 1785 1041 1823 ex
1052 1785 1125 1840 aqua
1136 1777 1164 1825 et
1176 1768 1284 1844 Spiritu

93 1858 210 1925 Sancto,
225 1876 282 1916 non
297 1859 411 1916 intrabit
420 1860 450 1916 in
464 1878 582 1935 regnum
592 1861 749 1928 coelorum,’
764 1861 819 1919 alia
829 1864 968 1920 sententia
979 1864 1048 1921 istos
1061 1865 1126 1922 lecit
1136 1877 1284 1942 exceptos,

93 1955 140 2011 ubi
156 1973 214 2011 uon
230 1956 325 2013 minus
339 1956 506 2032 generaliter
520 1956 608 2014 dixit:
632 1958 709 2025 ‘Qui
727 1977 772 2016 me
787 1960 936 2017 confessus
951 1959 1034 2017 luerit
1047 1979 1141 2018 eoram
1163 1962 1285 2021 homini·

93 2054 157 2121 bus,
172 2053 330 2111 confitebor
344 2064 372 2110 et
385 2072 439 2130 ego
453 2072 519 2111 euin
540 2073 634 2114 coram
657 2056 739 2114 Patre
762 2076 826 2116 men
847 2058 938 2130 quiin
960 2059 1040 2116 coelis
1062 2059 1125 2116 est.’
1167 2060 1207 2118 Et
1227 2059 1287 2120 alio

93 2153 175 2210 loco:
199 2151 279 2218 ‘Qui
293 2151 447 2228 perdiderit
460 2154 583 2211 animatu
598 2172 678 2213 suam
693 2166 809 2232 propter
822 2174 879 2223 me,
893 2156 1018 2214 inveniet
1028 2158 1137 2216 enm.’'¹

134 2256 182 2309 tn.
208 2248 275 2328 otj.
295 2253 341 2308 13.
364 2249 408 2308 De
423 2251 531 2326 Spiritu
553 2264 698 2326 tamquam
717 2272 789 2326 aqua
805 2253 937 2312 Christus
959 2255 1024 2312 alibi
1044 2257 1155 2314 locutus
1176 2268 1229 2319 est,
1245 2258 1286 2315 uti

98 2350 299 2407 certiores'nos
312 2347 379 2405 facit
392 2346 538 2407 loannes:
561 2351 705 2422 “Siquis
725 2351 794 2416 sitit,
810 2351 903 2407 veniat
926 2350 960 2407 ad
982 2370 1038 2418 me,
1053 2364 1082 2409 ct
1102 2353 1186 2409 bibat.
1228 2353 1286 2418 Qui

98 2446 184 2506 credit
203 2449 233 2506 in
259 2466 316 2514 me,
335 2447 407 2506 sicut
428 2445 496 2505 dicit
519 2448 674 2523 Scriptura,
699 2447 818 2505 flumine
838 2447 874 2503 de
894 2457 991 2504 ventre
1012 2449 1073 2524 ejus
1096 2449 1186 2506 fiuent
1206 2468 1287 2523 aquae

96 2543 177 2602 virm
200 2545 268 2603 Hoc
277 2556 371 2604 autem
386 2546 457 2604 dixit
471 2545 506 2603 de
521 2544 638 2620 Spiritu,
655 2560 739 2616 quem
755 2543 896 2619 accepturi
910 2555 989 2600 erant
1000 2544 1146 2602 credentes
1157 2547 1186 2604 iu
1198 2565 1285 2604 eum:

95 2643 222 2701 nondum
237 2644 313 2701 enim
329 2654 387 2701 erat
401 2644 525 2720 Spiritus
539 2641 632 2706 datus,
647 2642 714 2714 quia
728 2640 814 2699 Jesus
830 2640 956 2699 nondum
970 2652 1029 2699 eret
1044 2642 1269 2719 glorificatus.”’

134 2738 225 2817 Resp.
246 2739 415 2817 De·Spiritu
430 2739 537 2806 divino,
553 2737 707 2814 Apostolos
722 2737 885 2814 replente‚a
899 2757 955 2810 quo
970 2739 1057 2797 veluti
1072 2760 1087 2797 a
1101 2740 1178 2798 sonte
1191 2741 1288 2799 celes·

96 2835 131 2894 tis
146 2836 282 2895 doctrine
293 2856 373 2910 aquae
389 2837 518 2904 fluerent,
530 2835 663 2892 Christus
677 2836 788 2892 loeutus
801 2845 853 2892 est.
883 2835 982 2912 Ipsum
998 2837 1136 2912 Spiritum
1148 2856 1204 2895 non
1219 2837 1288 2895 dicit

96 2954 208 3008 equam,
224 2935 275 2993 sed
289 2936 412 2993 celestia
426 2935 500 2993 dona
520 2934 622 3007 quibus
638 2934 794 3001 credentes,
817 2935 972 3010 presertim
994 2935 1135 3011 Apostoli,
1152 2954 1288 3012 augeren-

95 3044 148 3100 tur,
159 3034 241 3106 nquis
251 3033 352 3106 quibus
362 3031 568 3089 fecundaretur
576 3031 651 3088 orbis
662 3042 794 3088 terrarum
805 3031 956 3089 adsimilat.
973 3032 1044 3089 Haec
1056 3032 1145 3108 ligura
1159 3051 1194 3089 ex
1206 3032 1282 3090 serie

96 3133 230 3189 orationis
251 3131 320 3188 satis
342 3139 429 3206 patet,
450 3129 594 3186 sitientem
619 3128 695 3185 enim
710 3127 744 3185 ad
768 3147 799 3185 se
823 3130 933 3186 vocavit
953 3128 1097 3197 Christus,
1120 3140 1149 3186 ut
1170 3131 1289 3198 biberet,

96 3229 238 3287 credendo
259 3229 367 3286 scilieet
391 3227 515 3285 divinam
529 3227 683 3285 doctrInem
699 3227 831 3295 hauriret,
847 3241 875 3284 et
895 3228 934 3284 ita
955 3228 1017 3285 aliis
1038 3229 1100 3304 ipse
1122 3229 1202 3285 fieret
1222 3229 1288 3287 sous

96 3328 205 3386 salutis.
248 3327 421 3386 Praedixerat
440 3326 548 3384 lenies:
572 3335 591 3361 ‘⁶
604 3325 752 3382 Haurietis
766 3344 853 3398 aquae
875 3327 905 3383 in
920 3326 1024 3403 gaudio
1037 3327 1074 3382 de
1088 3325 1212 3383 sontibus
1227 3327 1290 3384 Sal-

98 3425 247 3493 vatoris,''⁸
272 3426 403 3483 homines
426 3423 459 3480 ad
483 3422 636 3481 bibendum
658 3435 822 3481 vocaverat:
849 3423 986 3481 “Omnes
1001 3423 1128 3479 sitientes
1144 3416 1236 3479 venite
1252 3420 1287 3480 ad

97 3525 232 3600 aquas.'’⁴
262 3525 404 3583 Praeterea
417 3521 556 3598 explicate
570 3532 613 3579 est
639 3523 730 3599 figura
753 3525 786 3579 ab
815 3521 1009 3598 Evangelists,
1022 3521 1073 3592 qui
1096 3533 1190 3577 tamen
1216 3519 1288 3579 nihil

97 3622 237 3696 dixitque
252 3640 326 3694 aqua
346 3620 431 3698 priori
447 3619 510 3677 loco
526 3619 665 3696 Spiritum
680 3619 816 3678 Sanctum
832 3618 1000 3695 designaret.

136 3724 184 3778 tt.
210 3717 343 3798 obj.14.
366 3716 500 3774 Christus
521 3735 624 3789 equam
649 3716 741 3789 siluit,
751 3716 819 3773 dum
843 3734 923 3772 suam
945 3725 1070 3773 mentem
1092 3716 1182 3792 magis
1205 3716 1289 3775 vellet

99 3817 250 3894 explicare,
266 3815 302 3872 de
316 3814 378 3871 sola
394 3813 499 3889 Spiritu
522 3813 664 3871 nativitate
686 3815 769 3870 verba
790 3812 914 3870 iaciens:
937 3812 1053 3879 “Quod
1075 3824 1171 3870 natum
1187 3823 1230 3870 est
1250 3830 1287 3870 ex
1317 3794 1327 3823 ³

98 3916 211 3993 Spiritu,
227 3914 348 3990 spiritus
361 3911 437 3978 est,'’
451 3922 479 3967 et
493 3912 567 3969 venti
584 3912 687 3976 flantis,
701 3931 737 3968 ex
751 3931 807 3983 qua
822 3924 908 3992 parte,
921 3910 965 3968 vel
986 3930 1053 3984 quo,
1066 3911 1221 3980 nescimus,
1236 3910 1285 3970 ad·

96 4014 175 4073 ducta
188 4010 392 4078 similitudine,
408 4008 498 4066 addit:
522 4021 541 4047 ⁶⁸
552 4009 595 4066 sic
608 4019 653 4066 est
666 4009 761 4066 omnis
776 4010 825 4081 qui
840 4021 923 4066 natus
937 4019 1026 4066 estex
1041 4006 1184 4085 spiritu.”⁵

528 4378 539 4443 )
558 4375 628 4424 lenius
640 4376 682 4426 xii.
694 4378 717 4425 3.

508 4462 538 4526 4)
557 4461 648 4511 Ibidem
659 4463 690 4510 lv.
702 4462 718 4511 i.

493 4545 535 4612 (5)
553 4545 625 4597 toan.
636 4546 670 4597 iii.
681 4549 704 4596 6.
716 4549 740 4596 8.
