2774 5056
80 4716 114 4762 k

122 310 182 369 tte
531 303 589 365 ΠΕ
610 303 917 367 commemores.

121 465 235 527 mtrem
259 476 337 525 tuam
362 464 499 542 primario
518 482 553 523 sc
574 463 720 543 precipue
743 480 803 523 non
827 464 947 540 recipio,
960 480 1016 521 nec
1038 463 1091 521 tibi
1111 461 1322 525 absoiutionsm

121 564 259 631 concedo,
274 562 326 623 ted
340 581 392 640 per
408 580 454 621 me
468 560 550 621 Deus
570 601 581 621 .
603 603 612 620 .
634 602 643 620 .
666 602 675 620 .
696 560 806 621 Revela
825 561 912 638 igitur
931 571 960 620 et
979 560 1091 620 declara
1103 564 1320 621 commendetis

121 662 242 740 engolis,
256 660 385 735 nihilque
400 677 447 719 me
460 658 521 717 ecla
534 677 646 727 emuru,
660 676 755 732 quiea
778 659 900 717 teclam
921 657 996 716 saeta
1018 669 1096 726 suut,
1124 659 1206 717 velut
1224 659 1327 719 silico

120 760 232 820 occulta
244 759 374 819 cordium
386 757 572 835 cognoscenti
585 755 773 822 confitereris,
792 767 822 813 et
842 756 905 833 ipse
922 756 1100 816 occultorum
1121 758 1263 834 cognitor·
1275 757 1324 816 de·

120 858 190 918 iebit
200 858 299 917 omnia
311 874 376 931 quae
390 854 571 914 revelaverit.
591 894 602 914 .
627 893 637 912 .
656 853 850 913 .Licetenim
866 854 923 913 hoc
934 852 1099 931 podendum
1110 868 1141 912 et
1151 856 1324 932 probrosum

122 955 173 1015 u'bi
187 955 314 1015 rideatur
326 971 413 1031 opert
427 953 537 1030 probris
550 962 580 1011 et
592 950 695 1029 pudori
708 951 834 1010 obnoxie
854 950 1002 1019 revelare3
1024 964 1149 1010 attamen
1172 953 1283 1012 eximie
1296 964 1324 1012 et

122 1064 251 1113 seeumte
264 1051 315 1111 tibi
329 1067 498 1128 persumm
511 1062 585 1117 esto,
599 1066 651 1126 per
668 1060 837 1126 presentem
851 1048 992 1125 pudorem
1006 1060 1034 1107 te
1048 1067 1066 1107 a
1087 1049 1186 1108 sutoro
1199 1051 1325 1120 liberari,

121 1162 152 1211 et
163 1149 303 1211 mendatis
316 1146 487 1215 obediendo,
499 1165 558 1206 non
567 1146 654 1205 modo
668 1145 855 1224 indulgentia,
876 1146 1025 1206 sedetiam
1034 1148 1151 1205 coronis
1164 1159 1195 1205 te
1208 1147 1324 1225 dignum

123 1246 219 1307 sieri.”
261 1244 322 1323 lpsi
343 1244 479 1323 deinceps
504 1254 525 1281 ‘⁸
538 1254 686 1304 mansueta
705 1254 735 1302 et
753 1254 856 1303 serem
868 1262 939 1303 rece
952 1243 1039 1302 dicit:
1061 1244 1220 1311 Quomodo
1240 1245 1325 1305 stater

121 1345 166 1405 vei
187 1362 268 1403 soror
293 1343 417 1421 primurn
440 1342 586 1419 virginitas
612 1352 660 1400 tua
685 1353 818 1419 corrupte
837 1342 904 1399 esti
945 1341 1003 1400 Per
1022 1340 1257 1412 fornicationem,
1281 1343 1324 1403 tel

121 1444 280 1522 legitimum
295 1440 520 1508 matrimonium,
542 1440 586 1499 vei
607 1458 659 1516 per
683 1440 907 1505 mollitionem
926 1438 1034 1513 aliquid
1047 1458 1148 1499 eorum
1164 1458 1231 1515 qne
1261 1453 1325 1501 snut

122 1550 219 1601 eontra
233 1551 372 1599 naturam.
414 1537 651 1596 Consentientem
665 1555 733 1596 vero
746 1549 776 1595 et
788 1536 929 1595 dicentem
939 1537 982 1594 sic
995 1547 1024 1595 et
1036 1536 1091 1604 sic,
1105 1537 1211 1597 iterum
1225 1538 1320 1616 ipsum

122 1639 286 1713 interrogat,
308 1635 338 1693 in
359 1645 429 1706 quot
448 1632 582 1691 mulieres
604 1632 746 1702 inciderit,
766 1645 918 1706 antequam
940 1651 1062 1692 uxorem
1080 1633 1221 1693 duceret:
1244 1636 1322 1695 Num

122 1734 224 1808 alique
244 1750 341 1790 earum
356 1742 455 1789 essent
475 1728 727 1803 suentensem
740 1730 843 1797 vidue,
858 1742 886 1788 et
901 1742 1014 1813 quante
1027 1732 1150 1807 nupturi
1173 1773 1182 1790 .
1198 1772 1208 1790 .
1224 1772 1234 1791 .
1252 1731 1321 1791 Hoc

121 1830 262 1911 imprimit
276 1828 470 1889 consessorem
482 1838 594 1906 oportet
607 1828 778 1905 interrogare
790 1829 974 1888 confitentem
987 1848 996 1886 s
1010 1829 1041 1888 in
1055 1829 1224 1889 uuiversum
1236 1829 1319 1889 timui

122 1931 152 1989 in
167 1939 267 2002 quotes
288 1925 396 1984 incidit.
437 1926 512 1983 Ante
532 1924 609 1984 enim
630 1925 728 1983 omnia
752 1943 888 1984 numerus
913 1925 1057 1998 queritur,
1080 1934 1111 1983 et
1134 1943 1319 2002 personarum

123 2021 315 2085 differentia.''
345 2024 435 2077 Ταῦτα
449 2025 473 2075 Ιν
489 2022 594 2092 κρότοις
608 2024 658 2093 sni
675 2027 719 2077 rev
735 2020 780 2084 nis
794 2019 972 2093 sermonen
991 2020 1266 2093 &enxemena
1280 2028 1319 2079 rer

122 2120 608 2193 ἐξομωγέμινονκαὶτόὄλονίιςπόσας
622 2120 828 2189 ὄμοῦποριέπεσε·
840 2121 1190 2192 uponmovpupddmdr
1198 2120 1320 2193 ζητίια,

122 2208 165 2266 xtt‘t'
176 2210 192 2282 ἡ
202 2215 251 2265 τῶν
262 2208 394 2278 spossus
410 2205 536 2277 διαφορά.ι

164 2312 230 2367 104.
252 2307 406 2383 Egbertus,
422 2304 614 2363 Eboraceusis
629 2304 881 2383 Archiepiseopus,
901 2323 978 2365 enno
998 2306 1112 2367 circiter
1124 2311 1184 2367 rel
1201 2318 1319 2375 creatus,

121 2405 223 2465 librum
238 2402 461 2482 poeniteutialem
475 2412 658 2479 exceptume
680 2401 836 2459 canonibus
857 2401 1061 2462 catholicorum
1083 2414 1197 2479 petrum
1220 2402 1315 2470 edidit,

122 2523 209 2577 quem
222 2522 258 2562 ex
280 2502 378 2560 codice
403 2512 554 2558 sexcentos
580 2517 669 2557 annos
691 2509 773 2558 aetate
794 2512 945 2576 superante
960 2498 1112 2576 descripsit
1125 2520 1182 2559 suo
1195 2511 1319 2579 tempore

122 2602 265 2661 Morinos.
307 2600 341 2658 In
363 2619 398 2656 eo
420 2600 559 2675 poenitens
581 2598 668 2655 dicit:
693 2598 824 2655 “Nimis
847 2601 961 2680 peceavi
988 2600 1018 2656 in
1039 2600 1261 2675 cogitationibus
1277 2618 1319 2658 ne·

122 2700 306 2763 sandissimis,
323 2698 487 2754 delectando
502 2697 555 2763 eis,
578 2709 605 2752 et
619 2696 823 2753 consentiendo
847 2697 914 2764 iliis,
930 2708 958 2754 et
979 2696 1142 2755 meditando
1157 2712 1245 2771 atque
1265 2698 1317 2756 dis·
1354 2756 1363 2768 ,,

122 2795 255 2875 ponendo
271 2796 400 2852 insensu
421 2807 448 2850 et
469 2795 498 2851 in
520 2794 665 2860 memoria,
693 2807 777 2865 atque
799 2794 941 2851 voluntate
964 2814 1036 2861 mea,
1061 2795 1183 2867 qualiter
1205 2797 1317 2873 expiere

123 2893 280 2971 potuissem
303 2910 388 2967 opera
410 2909 472 2962 qum
495 2890 568 2947 male
597 2890 804 2965 cogitabam.''⁹
844 2891 945 2948 Plures
966 2891 1035 2948 elias
1057 2891 1250 2951 consessionis
1272 2893 1319 2951 sor·
1352 2910 1362 2932 ⁸

122 2991 212 3050 mulas
227 2990 352 3046 continet
367 2989 413 3044 ille
428 2989 506 3054 liber,
521 2989 592 3044 inter
606 3006 676 3059 quas
691 2989 845 3046 sacerdotis
862 2989 1005 3046 consessio
1020 2990 1149 3047 habetur.
1192 2991 1239 3049 De
1261 2991 1319 3066 ipso

122 3106 239 3147 munere
254 3084 448 3143 consessiones
463 3082 616 3140 audiendi:
640 3094 658 3119 “
672 3085 794 3142 Peccavi
810 3085 843 3142 de
859 3086 915 3142 illis
931 3086 1146 3161 poenitentibus,
1163 3088 1214 3161 qui
1230 3088 1263 3146 ad
1277 3103 1318 3144 me

122 3197 237 3263 propter
250 3183 459 3241 consessionem
475 3191 620 3247 venerunt,
637 3200 708 3253 quos
723 3200 777 3258 ego
799 3201 851 3239 neo
874 3181 1029 3240 secundnm
1055 3182 1150 3259 legem
1173 3183 1313 3248 admonui,

123 3302 175 3343 nec
190 3283 318 3340 solicitus
334 3281 373 3339 sui
389 3280 422 3337 de
439 3280 505 3346 iliis,
521 3280 594 3336 siout
608 3279 741 3338 debui.’'³

161 3380 313 3439 Probatur
334 3377 365 3437 V.
381 3375 530 3453 enernplis.

162 3484 228 3536 105.
251 3480 382 3535 Socrates
404 3476 543 3533 celebrem
565 3493 622 3532 rem
639 3486 747 3552 gestam
763 3487 891 3551 tempore
914 3476 1040 3534 Nectarii
1057 3476 1226 3551 patriarohae
1242 3477 1313 3535 Con·

121 3576 362 3652 stantinopolitani
377 3574 460 3630 resert
472 3573 648 3649 singulorum
664 3584 729 3648 post
743 3573 884 3648 baptisma
899 3585 1070 3649 patratorum
1086 3594 1102 3629 a
1117 3575 1237 3633 muliere
1252 3593 1314 3632 oon·

122 3674 275 3730 sessionem
289 3670 363 3745 apud
385 3670 583 3745 presbytorum
602 3669 840 3744 poenitentiarium
863 3682 1021 3747 peractam
1042 3668 1110 3723 sard
1127 3671 1197 3739 μέρος
1209 3671 1312 3740 ἐξομολο-

121 3774 202 3842 ficret
214 3788 257 3830 τας
268 3766 393 3837 ἁμαρτίας,
403 3765 430 3829 ἇς
441 3765 575 3834 ἐπεπράχει
586 3767 650 3835 μετὰ
662 3773 691 3822 se
702 3766 859 3835 ,resarcisses⁴
889 3779 907 3804 “
922 3769 1074 3845 Sigillatim
1090 3771 1241 3828 confitetur
1252 3789 1312 3846 pec·

122 3883 182 3928 cata
203 3888 266 3942 quae
290 3867 441 3924 admiserat
466 3884 530 3942 post
553 3867 756 3942 baptismum.”
800 3868 869 3924 Erat
894 3885 961 3941 ergo
983 3885 1046 3923 mos
1068 3868 1183 3942 singula
1204 3879 1318 3944 peecata

122 3965 260 4025 sacerdoti
278 3963 440 4021 confitendi.
484 3962 527 4019 De
541 3963 572 4019 S.
589 3964 740 4020 Ambrosio
756 3976 848 4020 narrat
863 3962 1000 4020 Paulinus
1017 3961 1165 4020 diaeonus.
1210 3973 1229 4000 ‘⁶
1244 3964 1318 4030 Quo·

122 4066 297 4135 tiesoumque
312 4060 353 4117 illi
368 4060 469 4132 aliquis
484 4061 520 4117 ob
535 4060 746 4136 percipiendam
762 4060 956 4137 poenitentiam
971 4058 1069 4134 lapsus
1086 4079 1155 4117 suos
1169 4059 1318 4119 consessus

157 4294 198 4361 (l)
218 4293 292 4358 Apud
304 4291 427 4340 Morinum
440 4291 465 4339 in
485 4291 550 4339 calce
562 4291 655 4354 operis:
678 4289 881 4342 Commentarius
893 4289 1036 4340 Histnrs'cue
1048 4288 1077 4340 de
1090 4290 1228 4358 disciplina
1240 4292 1269 4343 in
1280 4292 1321 4342 nd·

123 4379 306 4431 ministratione
319 4379 474 4427 Sacramenis
488 4377 647 4428 Poenitenriae
659 4394 681 4443 p.
695 4380 735 4426 79.

158 4465 196 4526 (2)
214 4465 243 4513 ln
255 4464 319 4512 culce
331 4464 425 4511 Comm.
438 4480 460 4526 p.
476 4466 512 4509 13.

158 4550 199 4616 (3)
218 4547 311 4599 ibidem
324 4564 348 4611 p.
364 4549 400 4597 14.

159 4636 200 4699 (4)
219 4635 249 4684 L.
261 4651 284 4682 v.
295 4633 351 4682 hist.
363 4649 383 4682 o.
393 4633 443 4682 xix.
