2812 5062
412 338 469 401 nn
491 295 768 403 ssonuunnuu
788 341 986 404 enmono.
1234 343 1293 401 aas
1319 342 1322 347 ·

563 819 706 883 CAPUT
726 823 811 884 XIII.

347 962 424 1046 ‘nn
451 993 757 1049 secernerem
781 998 1003 1052 nemone.

122 1181 193 1238 287.
214 1178 263 1238 Ex
277 1179 323 1237 his
337 1198 401 1253 quae
415 1178 486 1240 adeo
500 1181 564 1240 susa
578 1181 768 1243 disseruimus
788 1182 881 1258 liquet
900 1184 1104 1245 eucharistiam
1120 1188 1216 1247 omnia
1231 1183 1281 1244 ha-

82 1274 152 1335 bere
163 1293 228 1351 quae
242 1294 324 1335 nove
337 1276 410 1355 legis
424 1279 599 1338 constituunt
613 1293 842 1341 sacramentum:
864 1292 909 1340 est
922 1283 1001 1341 enim
1022 1282 1092 1341 ritus
1106 1292 1242 1343 externus
1263 1303 1281 1342 a

82 1368 203 1430 Christo
216 1371 370 1441 institutus,
384 1373 480 1451 ipsum
501 1374 598 1452 gratie
612 1385 641 1434 et
660 1377 759 1436 salutis
779 1385 923 1436 auctorem
947 1376 1108 1445 confluens,
1130 1396 1215 1451 quem
1229 1377 1280 1454 qui

81 1463 169 1544 dignm
182 1469 322 1545 recipiunt
337 1468 440 1545 pignus
454 1470 559 1530 habent
573 1472 763 1532 certissimum
779 1474 843 1531 vite
864 1483 987 1542 eterne,
1002 1483 1030 1531 et
1043 1473 1205 1534 caelestibus
1216 1476 1278 1553 jam

81 1558 222 1621 donantur
236 1565 412 1623 muneribus·
454 1564 526 1625 Haec
540 1568 627 1626 exiis
642 1586 706 1642 quas
719 1569 847 1629 loannes
862 1568 948 1627 refert
960 1588 977 1627 a
991 1568 1109 1628 Christo
1123 1567 1199 1628 dicta
1212 1589 1280 1630 cou-

79 1665 167 1726 stant,
181 1668 259 1719 etex
278 1662 344 1739 ipsa
367 1659 546 1722 eucharistie
561 1675 673 1734 natura,
687 1674 719 1723 ut
738 1664 874 1724 sileamus
889 1664 925 1724 de
939 1676 981 1724 tot
1000 1666 1157 1724 traditionis
1172 1666 1278 1726 divine

78 1759 273 1816 monumentis
288 1758 317 1817 in
331 1759 437 1832 quibus
452 1759 667 1821 Sacramentum
682 1772 809 1831 vocatur,
824 1771 854 1820 et
866 1761 982 1836 quidem
996 1780 1078 1822 nova
1091 1762 1165 1840 legis
1179 1766 1280 1842 praeci·

77 1868 180 1929 puum.
222 1851 287 1912 Nec
300 1865 399 1913 natura
418 1854 595 1915 sacramenti
619 1856 726 1916 tollitur
744 1856 1053 1926 transubstantiatione,
1069 1868 1184 1917 manent
1197 1860 1276 1919 enirn

78 1950 203 2027 species,
215 1967 279 2024 ques
293 1951 370 2029 signi
382 1949 488 2010 habent
501 1953 650 2022 rationem,
666 1953 816 2013 Christum
829 1954 931 2013 anime
946 1954 1040 2013 cibum
1055 1953 1224 2015 indicantes.

116 2050 188 2105 288.
208 2045 342 2107 Materia
355 2066 392 2106 ex
407 2066 465 2122 qua
477 2049 648 2108 eucharistia
659 2051 808 2110 conficitur
821 2051 903 2128 panis
917 2060 962 2109 est
974 2059 1004 2108 et
1016 2050 1125 2110 viuum.
1182 2051 1279 2110 Erant

76 2143 147 2204 olim
161 2144 286 2205 heretici
300 2145 478 2226 Artotyrc‘toe
491 2147 570 2216 dicti,
581 2147 632 2222 qui
645 2165 721 2226 pane
734 2158 764 2207 et
776 2166 861 2207 caseo
875 2148 905 2207 in
919 2166 954 2206 ee
966 2147 1145 2207 conficienda
1158 2149 1276 2207 uteban-

75 2249 133 2311 tur,
148 2245 256 2321 primos
271 2245 415 2316 homines,
434 2246 534 2320 quide
555 2245 694 2306 fructibus
708 2255 789 2306 terrae
803 2257 833 2306 et
852 2247 949 2305 ovium
964 2244 1129 2315 offerebant,
1150 2247 1277 2305 imitatis

76 2337 213 2398 Gnostici
240 2339 413 2399 horrendum
440 2341 551 2401 facinus
571 2352 681 2419 patrare
699 2343 886 2401 consuevisse
906 2341 1048 2410 dicuntur,
1063 2340 1274 2400 contundebant

73 2433 188 2492 scilicet
201 2436 358 2495 abortivum
372 2436 510 2497 infantem
531 2438 561 2497 in
586 2438 719 2496 mortario
740 2438 858 2516 plstillo‚
873 2438 957 2512 eique
972 2436 1030 2495 mel
1043 2447 1073 2495 et
1096 2438 1179 2514 piper
1202 2456 1268 2497 curn

74 2534 249 2592 aromatibus
263 2544 292 2593 et
302 2536 455 2614 unguentis
469 2535 663 2622 admiscebant
677 2555 685 2594 :
707 2545 766 2595 tum
781 2536 812 2594 In
826 2554 913 2594 unium
928 2534 1051 2603 collecti,
1066 2554 1082 2593 e
1096 2536 1274 2595 comminuto

73 2632 247 2707 corpusculo
273 2632 406 2692 infantuli
427 2631 517 2710 digito
536 2631 705 2702 delibabant‚
721 2633 879 2710 perlectum
892 2630 1006 2691 Pascha
1025 2630 1054 2689 id
1070 2632 1272 2709 appellantes!¹

73 2725 123 2785 De
150 2727 381 2807 cataphrygibus
409 2730 494 2790 refert
513 2731 710 2809 Augustinus:
742 2739 761 2768 “
777 2731 959 2788 Sacramenta
973 2727 1156 2807 perhibentur
1167 2728 1274 2789 habere

72 2822 208 2883 funesta:
230 2845 296 2885 nem
311 2825 346 2884 de
369 2826 485 2885 infantis
506 2826 631 2885 anniculi
651 2826 802 2905 sanguine,
823 2844 909 2900 quem
930 2824 965 2883 de
985 2833 1046 2883 toto
1066 2825 1129 2901 ejus
1150 2836 1271 2903 corpore

72 2919 192 2978 minutis
205 2922 393 2998 punctionum
408 2921 571 2981 vulneribus
582 2933 763 2996 extorquent,
778 2922 860 2996 quasi
874 2920 1074 2980 eucharistiam
1088 2939 1170 2980 suam
1182 2922 1274 2980 conli-

72 3032 140 3075 eere
160 3018 352 3095 perhibentur,
374 3019 527 3078 miscentes
549 3038 616 3079 eum
643 3020 750 3087 seriose,
771 3036 932 3096 panemque
952 3016 1020 3076 inde
1044 3016 1198 3077 iacientes:
1212 3006 1272 3091 ¹qni

73 3128 147 3190 puer
159 3115 185 3172 si
198 3126 327 3174 mortuus
341 3115 434 3186 suerit,
447 3116 565 3176 habetur
578 3116 654 3195 apud
669 3135 720 3176 eos
734 3134 788 3194 pro
802 3125 937 3194 martyre,
952 3115 978 3173 si
989 3124 1085 3173 autem
1100 3114 1204 3173 vixerit
1217 3132 1274 3191 pro

72 3212 379 3289 magnosacerdote.”³

112 3312 183 3368 289.
215 3310 320 3381 Graeei,
350 3310 494 3371 Michaele
522 3310 682 3379 Gerulario,
711 3309 869 3387 patriarcha
890 3305 1216 3383 ConstantInopolitano‚
1241 3317 1274 3364 et

69 3405 182 3484 ¹Leone,
196 3408 412 3487 archiepiscopo
425 3407 578 3476 heridano,
593 3408 623 3466 in
638 3407 773 3485 Bulgaria
783 3406 913 3474 ducibus,
928 3423 1004 3464 anno
1023 3408 1109 3470 1053,
1121 3402 1268 3461 'Latinum

71 3522 182 3564 morem
196 3505 293 3564 utendi
308 3525 414 3583 azymo
429 3524 502 3584 pane
524 3523 641 3582 carpere
656 3515 684 3563 et
704 3504 864 3581 Improbare
886 3504 948 3560 ausi
969 3510 1045 3569 sunt,
1067 3518 1140 3573 quos
1161 3499 1268 3558 ichreo

71 3603 241 3682 gravissima
254 3604 420 3681 perstrinxit
433 3603 554 3681 epistola
568 3603 600 3661 8.
616 3602 677 3660 Leo
695 3601 749 3661 IX.
783 3601 819 3660 In
833 3600 956 3659 concilio
968 3597 1268 3689 Florentino'Graecos
1344 3610 1352 3681 g

69 3700 145 3759 inter
157 3711 187 3760 et
196 3700 314 3759 Latinos
327 3701 459 3759 convenit
471 3694 607 3773 utrosque
621 3716 705 3756 suum
716 3698 801 3756 ritum
813 3696 896 3770 sequi
910 3713 996 3773 posse
1009 3715 1017 3753 :
1033 3694 1227 3753 “Definimus
1239 3694 1270 3753 iu
1337 3720 1345 3783 3·-

69 3814 187 3873 azymo,
215 3798 275 3854 sive
301 3797 468 3856 fermentato
495 3814 569 3873 pane
597 3794 707 3853 triticeo
728 3812 832 3871 corpus
854 3791 965 3851 Christi
988 3791 1126 3850 veraciter
1152 3791 1267 3859 confici,
1334 3786 1342 3873 l

69 3891 289 3966 sacerdotesque
303 3893 333 3951 iu
348 3893 491 3961 alterutro,
506 3893 601 3970 ipsum
622 3890 743 3950 Domini
763 3908 868 3968 corpus
880 3888 1022 3949 conficere
1038 3886 1152 3955 debere,
1168 3906 1270 3946 unum·
1333 3886 1339 3987 ἰ

71 4006 215 4066 quemque
226 3991 345 4060 scilicet,
351 3990 363 4068 j
368 4000 435 4050 uxta
442 4008 502 4049 sure
511 3989 651 4049 Ecclesiae
663 3988 827 4057 orientalis,
835 3988 896 4046 sive
911 3984 1104 4046 Occidentalis
1117 3998 1270 4045 consuetu·

68 4086 201 4147 diuem.”
215 4088 298 4157 Quod
306 4092 515 4147 consueverunt
524 4087 619 4146 Greci
627 4087 1011 4164 objicerepanemauymum
1019 4082 1080 4143 veri
1088 4081 1214 4144 nominis
1221 4100 1271 4159 pa-

67 4203 137 4245 nem
147 4204 204 4244 non
219 4204 294 4254 esse,
305 4204 393 4259 quum
404 4183 475 4260 cipro,
484 4183 590 4243 indicet
601 4202 702 4243 massae
712 4182 875 4250 elationem,
891 4199 955 4256 quae
966 4181 999 4238 fir
1010 4176 1159 4248 fermento,
1170 4177 1268 4237 lunda·

65 4294 167 4343 mento
192 4295 277 4352 caret,
292 4302 381 4358 quum
396 4283 445 4340 illa
463 4282 638 4360 etymologia
651 4281 751 4340 fictitia
764 4281 811 4348 sit,
826 4291 854 4338 et
867 4280 898 4338 in
921 4296 990 4338 voce
1006 4276 1149 4337 Hebraico
1162 4240 1269 4356 Du}

337 4478 380 4545 (¹)
398 4477 524 4544 Etiuhan.
531 4477 589 4528 her.
596 4476 657 4527 xlix.
665 4476 731 4540 Aug,
742 4474 795 4527 Lae
805 4474 862 4527 hm·
873 4490 896 4529 ο,
905 4489 992 4527 m

337 4565 379 4631 (2)
398 4563 640 4632 Eprpnuaesxxo.
731 4574 736 4581 -

338 4652 379 4718 (3)
396 4650 427 4703 1¹·
438 4651 536 4705 deber.
548 4649 646 4705 cxxvi.
