2774 5056
98 307 138 365 8⁰
436 304 493 365 DE
516 302 723 364 MINISTRO
744 303 953 364 BAPTISMI.

140 469 206 525 177.
228 465 325 533 Quum
339 486 355 523 a
369 463 513 542 plerisque
526 463 653 521 sectariis
673 462 833 540 baptismus
846 464 940 522 valere
955 472 1116 531 censeatur,
1127 480 1145 520 a
1157 477 1304 536 quocum·

96 577 152 633 qne
166 560 250 620 suerit
276 561 404 628 collatus,
429 559 530 618 saltem
544 558 668 617 siluerit
694 557 862 628 ordinatus,
877 559 1071 619 necessarium
1098 576 1158 617 nou
1185 556 1302 616 videtur

96 658 267 736 principium
283 657 352 716 illud
362 656 532 733 explicatius
558 674 748 732 propugnare,
763 655 970 731 quodquidam
992 668 1081 717 totum
1097 654 1133 714 ad
1154 654 1300 715 Ecclesiae

60 739 62 744 ¹
98 755 276 814 traditionem
289 767 319 813 et
338 754 531 812 auctoritatem
557 751 739 811 referendum
759 762 813 812 ert.
857 753 1003 814 Ceterum
1024 751 1157 830 quadam
1177 749 1303 810 difficul-

96 861 166 910 tates
181 851 324 911 solvenda
339 860 414 918 sunt,
430 869 466 909 ne
481 850 545 924 quis
559 850 614 909 hac
627 849 657 909 in
671 868 702 908 re
713 850 827 910 haereat.
1138 928 1141 933 ι

139 951 204 1007 178.
227 947 399 1006 Mandatum
413 944 577 1024 baptizandi
598 945 745 1023 Apostolis
760 947 877 1021 quidem
898 946 995 1016 datum
1008 954 1072 1014 est3
1093 962 1148 1005 nec
1162 943 1226 1002 aliis
1240 943 1301 1003 uisi

96 1063 195 1104 eorum
217 1045 432 1103 successoribus
455 1043 603 1121 legitimis,
631 1044 780 1120 episcopis
803 1045 914 1103 scilicet
935 1042 1093 1110 catholicis,
1117 1041 1163 1100 vel
1186 1041 1236 1115 qni
1262 1041 1300 1100 ab

96 1141 132 1201 iis
146 1142 181 1201 ad
195 1142 385 1201 sacerdotium
398 1142 490 1201 evecti
504 1149 580 1209 sunt,
594 1141 662 1199 licet
681 1141 752 1200 illud
773 1142 888 1220 aggredi
909 1158 1024 1210 munus,
1039 1149 1120 1198 extra
1143 1137 1299 1198 necessita·

96 1248 165 1307 tem,
181 1238 252 1298 adeo
279 1251 311 1297 ut
330 1249 450 1316 peccent
472 1237 601 1298 haeretici
624 1257 772 1316 praecones
786 1238 858 1297 illud
870 1239 926 1297 sibi
940 1247 1119 1314 usurpantes.
1162 1234 1296 1293 Attamen

96 1335 173 1394 valet
186 1336 346 1413 baptismus
361 1355 378 1394 a
392 1353 574 1410 quocumque
589 1334 719 1402 collatus,
735 1335 803 1408 quia
814 1336 850 1394 ob
861 1336 924 1412 ejus
939 1352 1081 1392 summam
1096 1331 1297 1391 necessitatem

95 1433 230 1492 Christus
244 1434 283 1491 ita
296 1434 402 1502 statuit,
414 1433 456 1492 uti
469 1451 506 1491 ex
529 1430 735 1491 consuetudine
749 1443 778 1490 et
798 1431 947 1491 traditione
968 1431 1108 1490 Ecclesia
1130 1428 1296 1489 didicimus.

95 1529 285 1600 “Proinde”
312 1531 353 1589 uti
374 1529 573 1590 animadvertit
597 1530 786 1607 Augustinus,
800 1531 963 1603 “qrramvis
986 1529 1072 1606 hujus
1095 1527 1137 1585 rei
1158 1537 1236 1585 certe
1259 1524 1297 1584 ds

94 1627 250 1706 Scripturis
261 1629 406 1688 canonicis
421 1646 478 1687 non
491 1628 648 1706 proseratur
660 1628 837 1704 exemplum,
847 1626 1012 1685 earumdem
1027 1635 1121 1684 umen
1136 1624 1297 1701 Scriptura·

92 1743 155 1784 rum
173 1725 259 1784 etiam
273 1726 304 1785 in
317 1725 370 1784 hac
390 1743 452 1783 rea
471 1725 554 1783 nobis
579 1734 691 1782 tenetur
711 1725 824 1794 veritas,
840 1744 906 1783 cum
927 1725 984 1785 hoc
1003 1723 1125 1783 facimus
1140 1719 1219 1796 quod
1232 1721 1297 1780 uni·

68 1839 185 1905 'verse
208 1823 270 1899 jam
298 1821 406 1900 placuit
431 1820 582 1888 Ecclesia,
608 1839 694 1894 quam
721 1821 849 1898 ipsarum
873 1822 1083 1899 scripturarum
1111 1817 1298 1878 commendat

91 1919 246 1979 authoritas
261 1940 269 1988 ς
290 1931 321 1979 ut
334 1920 468 1993 quoniam
485 1931 582 1977 sancta
597 1919 743 1994 Scriptura
765 1918 861 1978 lallare
882 1937 940 1977 non
962 1927 1066 1995 potest,
1081 1916 1214 1992 quisquis
1233 1914 1297 1974 salli

91 2015 193 2075 metuit
218 2016 305 2093 hujus
331 2017 502 2076 obscuritate
523 2015 701 2088 questionis,
716 2015 836 2074 eandem
856 2015 1021 2074 Ecclesiam
1034 2013 1070 2073 de
1084 2013 1133 2072 illa
1153 2012 1294 2082 consulat,

90 2129 177 2187 quam
192 2113 254 2171 sine
269 2112 326 2171 ulla
339 2112 521 2190 ambiguitate
536 2125 633 2169 sancta
648 2109 1026 2188 Scripturademonstrat·”¹

133 2213 199 2270 179.
222 2210 307 2278 Quod
319 2210 353 2268 ad
368 2228 493 2269 canones
512 2208 603 2267 dictos
618 2209 801 2286 Apostolicos
816 2209 925 2278 attinet,
938 2210 988 2283 qui
1002 2208 1134 2289 rejiciunt
1148 2207 1295 2267 haeretieo-

90 2328 154 2369 rum
169 2310 353 2386 baptismum,
375 2307 534 2386 Apostolos
557 2326 615 2367 non
640 2308 745 2367 habent
769 2319 897 2367 auctores
920 2319 951 2367 et
973 2307 1143 2367 hacsrrltem
1156 2324 1194 2366 ex
1214 2316 1296 2384 parte

91 2404 164 2466 nihil
190 2406 296 2473 valent,
324 2405 433 2483 quippe
461 2405 511 2479 qui
536 2423 603 2464 cum
630 2405 746 2479 antiqua
773 2405 925 2482 disciplina
949 2414 979 2464 et
1001 2403 1130 2465 doctrina
1154 2415 1295 2482 pugnant.

91 2503 190 2562 Patres
205 2515 298 2563 autern
313 2503 453 2571 nonnulli,
469 2513 533 2561 ante
549 2503 691 2561 Ecclesia
703 2502 910 2571 definitionem,
925 2503 1043 2562 heresis
1057 2501 1135 2571 odio,
1149 2501 1296 2578 baptismo

90 2600 175 2659 abiis
190 2601 293 2659 collato
317 2610 521 2677 repugnarunt,
537 2600 677 2657 nonsatis
693 2612 870 2676 perspectam
892 2599 1030 2659 habentes
1044 2600 1130 2658 totius
1150 2598 1294 2657 Ecclesiae

91 2697 337 2780 cousuetudinem.
380 2697 437 2763 Qui
452 2705 552 2772 postea
571 2696 758 2772 seripserunt,
780 2697 826 2754 vel
855 2696 1009 2770 loquuntur
1029 2690 1065 2756 de
1080 2697 1221 2755 hereticis
1244 2697 1295 2770 qui

81 2793 220 2876 formum
232 2789 382 2852 verborum
397 2793 592 2860 immutarunt,
607 2792 653 2850 vel
667 2792 702 2851 de
711 2793 870 2863 effectibus,
886 2795 981 2872 gratiae
996 2795 1106 2854 scilicet
1119 2793 1213 2861 donis,
1228 2813 1296 2867 quae

91 2907 178 2968 prava
204 2888 348 2948 voluntate
373 2888 476 2946 haeresi
501 2887 709 2947 adherentibus
731 2908 789 2948 uon
812 2891 1007 2962 conseruntur,
1036 2890 1169 2967 “quin'’
1197 2901 1229 2950 ut
1256 2893 1296 2951 ait

92 2985 280 3062 Augustinus,
294 2994 313 3021 ‘⁶
324 2985 387 3061 ejus
400 2983 520 3042 effectus
547 2995 631 3058 atque
659 3003 728 3043 usus
742 2987 772 3044 iu
798 2986 965 3048 liberatione
980 3009 996 3048 a
1010 2989 1146 3067 peccatis,
1158 2998 1188 3046 et
1197 2988 1295 3048 cordis

92 3083 259 3143 rectitudine
274 3082 349 3160 apud
363 3083 512 3141 haereticos
527 3101 585 3141 uon
599 3083 841 3142 inveniebatur.”³

135 3185 201 3240 180.
224 3181 294 3248 Quae
308 3180 398 3258 gratia
417 3180 547 3238 tribuitur
562 3180 716 3239 infantibus
726 3181 760 3240 ab
771 3182 912 3241 hereticis
931 3184 1092 3262 baptizatis,
1104 3185 1134 3243 vi
1147 3184 1295 3263 baptismi,

91 3278 141 3352 qui
169 3277 279 3336 Christi
299 3286 354 3345 est,
375 3274 562 3335 conceditur:
585 3275 675 3334 “Est
696 3277 847 3351 quidem,'’
870 3280 933 3357 ipss
953 3280 1080 3354 loquitur
1100 3281 1293 3359 Augustinus,

92 3375 233 3434 “Christi
247 3375 400 3452 baptisma,
415 3373 493 3447 quod
512 3374 620 3447 ubique
634 3386 764 3434 sanctum
779 3387 833 3445 est,
848 3388 877 3435 et
890 3378 1021 3451 quamvis
1037 3377 1113 3454 apud
1127 3379 1293 3449 haereticos,

91 3476 135 3533 vel
150 3475 360 3542 schismaticos,
376 3473 467 3549 ipsius
483 3481 577 3531 tamen
599 3473 717 3531 haeresis
732 3474 778 3533 vel
798 3476 962 3534 schismatis
977 3495 1035 3535 non
1049 3485 1103 3545 est,
1114 3487 1144 3536 et
1157 3476 1224 3535 ideo
1239 3497 1295 3538 nec

89 3569 125 3628 ad
138 3572 230 3647 ipsam
256 3569 433 3628 catholicam
459 3567 526 3627 inde
547 3569 694 3627 sortientes
709 3581 820 3649 oportet
844 3571 938 3631 denuo
961 3573 1151 3650 baptizare.”³
1191 3575 1294 3635 Adulti

90 3679 184 3725 sutem
198 3685 260 3726 suae
273 3666 425 3725 voluntatis
440 3677 504 3724 actu
526 3666 628 3725 haeresi
648 3668 871 3737 consentientes,
884 3681 912 3727 et
925 3671 1103 3747 usurpationi
1129 3672 1295 3742 ministerii,

90 3763 198 3821 nnllam
219 3762 336 3839 gratiam
362 3770 585 3835 consequuntur,
600 3781 688 3836 quum
710 3782 815 3840 pravus
836 3783 935 3823 eorum
950 3767 1062 3825 animus
1076 3768 1178 3826 obstet.
1222 3768 1295 3829 Ideo

91 3859 221 3933 quamvis
249 3858 406 3934 baptismus
434 3858 510 3916 haud
538 3859 636 3917 iterato
666 3861 868 3938 suscipiendus
901 3862 949 3931 sit,
975 3865 1160 3922 vehementer
1196 3873 1294 3925 tamen

91 3958 206 4019 doleant
218 3976 337 4017 necesse
358 3969 402 4016 est
424 3958 567 4025 haereseos
583 3957 660 4032 quod
681 3959 806 4018 inierunt
820 3961 983 4030 consortior
1005 3973 1034 4021 et
1044 3962 1146 4021 humili
1166 3965 1294 4042 amplec-

90 4066 184 4115 tantur
197 4055 293 4113 animo
307 4044 341 4113 ea
354 4073 418 4128 quae
432 4055 634 4132 paenitentibus
649 4053 733 4114 offert
746 4055 872 4114 remedia
885 4055 995 4117 Christi
1010 4057 1153 4117 Ecclesia.
1182 4059 1216 4119 ln
1228 4061 1293 4139 ejus

91 4153 232 4232 gremium
253 4150 323 4210 olim
343 4151 560 4230 recipiebantur,
582 4152 689 4230 eiurata
724 4151 838 4221 haeresi,
864 4167 1002 4215 manuum
1022 4155 1207 4234 impositione
1228 4175 1293 4232 quor

391 4370 433 4435 (1)
452 4367 484 4420 1..
495 4369 511 4419 i.
522 4377 607 4420 eontra
616 4368 776 4421 cresconium
788 4385 809 4420 c.
820 4370 909 4422 xxxiii.

392 4455 435 4521 (2)
454 4453 484 4506 L.
496 4455 528 4505 ri.
539 4456 570 4507 de
581 4455 709 4522 Baptismo
719 4463 804 4507 contra
814 4455 904 4509 Donat

316 4592 323 4616 x
390 4538 702 4606 (³)1bidemti.e.xix.
