2774 5056
105 256 165 311 212
549 260 606 321 DE
627 261 851 326 LITURGIIS.

105 412 151 470 nis
161 411 192 481 ;”
207 413 237 471 in
250 413 385 483 secunda,
407 417 565 495 “sumptio
583 421 743 481 intemerati
755 424 883 501 corporis
903 425 944 485 tui
958 437 987 485 et
1006 429 1126 505 pretiosi
1145 429 1300 510 sanguinis

105 509 146 566 tui
155 507 186 577 ;”
199 510 228 568 in
242 511 332 579 tertia,
348 520 368 548 “
380 514 557 592 participatio
566 519 738 578 sanctissimi
750 522 877 599 corporis
893 535 921 581 et
931 525 1049 601 pretiosi
1063 527 1213 604 sanguinis
1237 526 1303 589 uni·

105 607 194 684 geniti
214 606 282 665 Filii
295 608 368 667 tui.”
779 636 782 644 ¹

143 706 212 762 213.
234 703 361 783 Liturgia
375 725 438 780 quae
452 708 524 768 inter
538 712 756 772 constitutiones
770 716 950 792 Apostolicas
970 720 1124 797 reperitur,
1134 721 1198 781 hec
1211 720 1301 783 hebet

104 800 135 859 in
149 800 343 861 invocatione:
367 805 490 883 “Supra
503 807 558 866 hoc
578 828 770 871 sscnrrrormr
784 815 878 872 mittas
899 827 1028 876 sanctum
1044 828 1124 876 tuum
1138 818 1300 897 Spiritum,

104 907 205 956 testem
219 901 384 976 passionum
399 902 518 963 Domini
531 906 618 976 lesu:
639 917 671 966 ut
683 909 817 968 exhibeat
836 929 939 988 panem
965 912 1041 973 huno
1055 934 1163 992 corpus
1184 915 1302 978 Christi

103 996 246 1057 tui-dnos
255 993 363 1067 ἀποφήνῃ
372 1014 416 1053 ror
425 999 497 1070 ἄρτον
508 1019 581 1058 τετυ
592 1007 661 1073 σῶμα
670 1022 700 1060 rs
711 1008 791 1074 Χριςιῐ
801 1016 897 1066 oa—et
907 1008 1026 1068 calicem
1038 1011 1114 1070 hunc
1125 1002 1300 1091 sanguinem

104 1092 213 1153 Christi
237 1093 359 1153 tui-cut
370 1101 401 1155 sd
412 1097 526 1171 nosipsos
537 1103 598 1156 riso
607 1102 672 1172 αἷμα
687 1120 718 1158 rs
729 1104 809 1173 Χριςέ
819 1103 870 1160 os·”
921 1106 1087 1188 Episcopus
1116 1122 1184 1187 post
1205 1111 1298 1188 plan

102 1202 241 1278 populum
255 1202 424 1276 alloquitur:
446 1201 580 1261 “Sancta
594 1201 851 1275 Sanctis-urbm
867 1203 921 1267 sols
930 1207 1009 1277 ὅνγωις
1029 1249 1038 1266 .
1062 1249 1070 1267 .
1093 1249 1101 1267 .
1124 1208 1297 1287 Episcopus

102 1299 217 1373 quidem
233 1301 334 1360 tribuat
346 1300 479 1368 oblatam,
493 1299 608 1360 dicens:
631 1300 750 1360 Connus
765 1301 1004 1372 Garmai—educ
1014 1309 1103 1375 Χριςὲ,
1117 1316 1146 1364 et
1160 1307 1210 1385 qui
1223 1308 1298 1367 reci·

102 1397 154 1475 pit,
169 1397 352 1475 respondeat:
374 1401 486 1465 Amen:
507 1397 652 1456 Diacouus
667 1416 734 1457 vero
749 1410 841 1458 teneat
853 1401 983 1468 calicem,
998 1420 1031 1459 ao
1045 1401 1181 1461 tradendo
1194 1402 1293 1463 dicat:

102 1495 233 1554 Sasonis
245 1495 384 1563 Cnamrr,
393 1515 482 1555 osum
491 1496 665 1565 vrum-uiuo
675 1500 763 1567 Xporah
773 1496 974 1570 nwitwifflirt
988 1511 1017 1558 et
1030 1502 1170 1574 quibibit,
1185 1501 1296 1563 Amen.

100 1592 316 1670 respondeat.’'¹
356 1591 522 1671 Descriptio
536 1592 686 1662 Ecclesia,
700 1602 728 1654 et
744 1595 831 1665 cleri,
844 1596 957 1675 etquid
967 1596 1071 1678 facere
1085 1597 1187 1658 debeat
1200 1617 1296 1660 meus·

100 1689 225 1769 quisque
241 1688 431 1750 Clericusuel
452 1690 561 1750 wicus
573 1691 608 1750 in
631 1690 750 1772 Synoai
771 1701 983 1772 congregatus,
999 1696 1066 1754 alibi
1088 1696 1119 1755 in
1143 1697 1294 1757 Constitu·

100 1788 225 1846 tionibus
239 1787 329 1855 datur,
343 1787 425 1865 cujus
438 1788 470 1846 iu
489 1797 617 1847 extrema
631 1800 708 1866 parte
729 1789 791 1849 haec
813 1791 969 1850 habentur:
993 1800 1012 1829 ‘⁶
1026 1791 1098 1850 Post
1117 1792 1168 1851 illa
1182 1794 1294 1852 sacrifi·

101 1885 176 1943 cium
191 1886 249 1953 fiat,
261 1894 352 1943 smnte
365 1886 444 1944 omni
458 1886 575 1963 populo,
589 1898 618 1945 et
631 1889 714 1946 tacite
729 1902 880 1965 precante:
903 1910 1027 1965 cumque
1047 1892 1174 1952 oblatum
1196 1894 1294 1964 suerit,

100 1983 297 2056 unusquisque
321 1981 391 2041 ordo
411 2002 540 2042 seorsum
560 1983 735 2044 dominicum
756 2005 861 2064 corpus
881 2007 914 2046 ac
936 1989 1092 2065 pretiosum
1119 1991 1293 2067 sanguinem

99 2079 450 2151 suman-permanebam
467 2101 543 2152 ιωςη
559 2081 628 2146 τάξις
644 2084 702 2146 καθ’
719 2083 805 2155 ἑαυτὴν
823 2103 853 2141 rs
863 2087 966 2154 xipmaei
982 2085 1092 2156 σώματός
1111 2085 1293 2155 messinis

97 2180 406 2250 &mm-accedentes
420 2181 556 2249 ordinate,
568 2201 601 2240 ac
611 2201 676 2240 cum
689 2184 844 2241 reverentia
857 2194 887 2241 et
898 2184 1010 2251 timore,
1022 2194 1119 2260 utpote
1133 2183 1171 2242 ad
1185 2203 1291 2263 corpus

97 2280 221 2359 regis.”²
259 2279 357 2339 Oratio
370 2290 437 2358 post
449 2281 680 2340 communionem
694 2281 812 2358 incipit:
833 2283 1002 2360 “Percepto
1022 2283 1151 2359 pretioso
1165 2302 1289 2361 corpore

96 2389 126 2438 et
138 2380 263 2456 pretioso
274 2379 412 2456 sanguine
427 2377 536 2437 Christi
548 2379 789 2443 :-Mssmoudrrn
805 2398 836 2436 rs
857 2377 926 2450 septb
944 2377 1061 2449 σωμάτος,
1079 2381 1122 2434 cci
1142 2381 1188 2436 τόν
1205 2381 1293 2451 τιμίω

97 2475 201 2546 depascor
212 2479 256 2532 rio
267 2485 517 2555 xpum-agamus
532 2478 634 2554 'gratias
648 2477 708 2535 ei.''

137 2580 205 2633 214.
227 2576 353 2652 Liturgia
363 2577 394 2634 S.
407 2575 506 2633 Basilii
519 2588 574 2656 tres
588 2576 730 2652 praecipue
740 2576 885 2633 varietates
900 2574 1030 2634 codicum
1044 2576 1139 2642 habet,
1152 2575 1292 2636 :usualem

98 2674 215 2740 scilicet,
231 2673 392 2750 Copticum,
404 2671 687 2731 etAleoeundrinum.
709 2673 742 2730 In
757 2674 848 2731 usuali
864 2684 992 2751 precatur
1002 2674 1146 2741 sacerdos,
1159 2686 1227 2751 post
1241 2693 1292 2733 ex·

97 2771 267 2848 explicatum
283 2770 438 2846 corporale,
453 2769 570 2827 linteum
585 2770 757 2843 scilicetquo
773 2772 865 2830 hostia
875 2782 919 2829 est
927 2771 1113 2848 excipienda:
1138 2782 1160 2808 ‘⁶
1170 2772 1230 2831 Fac
1242 2790 1290 2831 me

34 2934 37 2940 ,
97 2868 199 2925 virtute
213 2867 303 2923 sancti
318 2866 357 2922 tui
373 2865 495 2941 Spiritus
509 2864 654 2934 idoneum,
667 2878 697 2923 ut
710 2867 858 2925 sacerdotii
872 2868 960 2945 gratia
972 2867 1087 2925 indutus
1102 2868 1169 2925 huic
1181 2878 1289 2926 sanctie

97 2982 202 3023 mense
210 2963 351 3029 assistam,
361 2971 389 3018 et
397 2973 523 3019 sanctum
534 2975 612 3020 tuum
622 2973 649 3019 et
659 2962 867 3021 immaculatum
878 2983 981 3041 corpus
992 2973 1070 3023 tuum
1081 2977 1109 3022 et
1118 2966 1289 3042 sanguinem

97 3063 251 3141 pretiosum
264 3078 426 3118 consecrem
443 3100 451 3116 .
474 3102 482 3117 .
505 3101 512 3117 .
528 3069 556 3117 tu
569 3061 688 3118 enimes
701 3061 750 3133 qui
759 3061 855 3129 offers,
868 3075 897 3120 et
908 3062 1087 3120 offerris—co
1099 3085 1145 3133 γαρ
1156 3066 1181 3117 ἐι
1192 3069 1206 3117 ὀ
1217 3081 1290 3133 κροσ-

95 3173 168 3227 φερων
178 3159 220 3212 xci
232 3153 437 3226 apocpmopovocss’
459 3156 493 3214 ln
510 3157 630 3233 Coptica
643 3157 685 3214 sic
700 3170 829 3233 precatur
840 3159 990 3217 sacerdos:
1014 3169 1034 3196 ‘⁴
1047 3160 1165 3218 ostende
1182 3161 1286 3219 faciem

96 3270 172 3318 tuam
187 3277 273 3335 super
286 3257 361 3315 hunc
375 3273 478 3333 panem
493 3265 521 3313 et
534 3274 621 3334 super
634 3256 710 3314 huno
725 3256 853 3324 calicem,
869 3276 941 3329 quos
956 3276 1043 3333 super
1056 3278 1188 3318 mensam
1210 3261 1285 3320 hanc

95 3370 171 3417 tuam
184 3356 387 3416 sacerdotalem
402 3355 567 3432 posuimus:
590 3354 781 3422 benedicens,
797 3356 942 3413 sanctifica
957 3375 1006 3413 eos
1028 3366 1056 3414 et
1070 3376 1209 3416 consecra
1223 3378 1286 3418 eos.

94 3457 258 3515 Tnsnsrnn
270 3474 334 3521 nos,
349 3472 401 3511 ran
414 3471 454 3511 on
466 3471 554 3510 naurs
568 3470 682 3516 curnem
697 3471 748 3510 :110
763 3471 833 3510 arar
853 3471 963 3510 coneus
977 3472 1066 3512 ,uuum
1081 3474 1231 3523 sanonum,
1247 3473 1287 3514 nr

94 3574 152 3613 rroo
166 3573 278 3612 uranon
292 3571 325 3610 ru
339 3571 397 3609 noo
411 3569 529 3619 canace,
544 3569 668 3607 sanours
681 3569 756 3608 uuus
771 3552 963 3609 rnerrosus.”
1005 3553 1039 3610 ln
1053 3553 1176 3630 singulis
1188 3573 1286 3613 exem·

95 3655 218 3732 pleribus
232 3652 350 3728 liturgiae
365 3651 461 3728 hujus,
477 3640 552 3723 quod
567 3650 634 3708 iecit
648 3649 781 3708 Christus
803 3651 1001 3708 eucharistiam
1017 3651 1193 3711 instituendo
1215 3654 1288 3712 reci·

93 3762 165 3810 tatur
179 3769 279 3827 magna
293 3769 357 3807 cum
372 3749 559 3815 solemnitate,
574 3760 602 3806 et
615 3748 647 3805 fit
661 3750 802 3808 invocatio
817 3750 940 3826 Spiritus
955 3750 1063 3807 Sancti.
1106 3750 1139 3809 In
1155 3750 1280 3811 usuali:

93 3858 310 3926 “proponentes
325 3848 464 3923 antitypa³
474 3846 564 3903 sancti
576 3847 702 3923 corporis
716 3859 744 3905 et
754 3847 900 3924 sanguinis
914 3847 1022 3905 Christi
1036 3847 1086 3914 tui,
1100 3859 1127 3904 te
1139 3867 1281 3926 rogamus

92 3959 121 4008 et
133 3959 160 4006 te
174 3947 366 4015 obsecramus,
377 3947 480 4004 Sancte
492 3945 660 4003 Sanctorum
674 3965 723 4023 per
737 3955 791 4005 tuae
806 3946 937 4005 bonitatis
950 3946 1096 4024 placitum,
1110 3956 1142 4004 ut
1156 3947 1285 4024 Spiritus

125 4166 168 4233 (l)
188 4163 252 4213 Vide
264 4162 369 4214 Coustlt.
381 4164 467 4228 Apost.
478 4163 495 4213 l.
506 4161 555 4213 viii.
566 4177 588 4212 c.
599 4164 666 4213 olo.

125 4253 168 4319 (2)
186 4250 278 4300 Ibidem
290 4248 373 4299 liic
388 4251 428 4298 57.

127 4339 169 4405 (3)
188 4337 246 4386 Vox
262 4336 314 4385 hoc
331 4342 391 4399 typo
407 4349 595 4398 nonnumquam
613 4332 748 4398 respondet,
766 4332 897 4398 aliquando
914 4334 967 4399 typi
984 4333 1130 4398 impletioni.
1165 4333 1243 4384 Panis
1261 4341 1286 4384 et

88 4427 173 4477 vinum
184 4425 295 4489 antitypa
304 4430 362 4474 sunt
372 4421 478 4487 corporis
489 4430 514 4472 et
523 4422 651 4484 sanguinis
663 4421 761 4481 Christi,
773 4421 823 4471 h'ac
834 4421 902 4471 enim
920 4421 1041 4472 oblatione
1058 4421 1285 4473 Melchisedeciane

88 4511 231 4578 presignato
241 4517 313 4561 sunt:
331 4507 495 4559 recedebam
512 4507 678 4573 possunthoc
696 4507 795 4559 nomine
812 4507 904 4573 specics
922 4507 1011 4572 quibus
1027 4506 1141 4558 velentur
1152 4523 1244 4574 corpus
1261 4515 1287 4558 et

91 4597 200 4660 angnia
