2774 5056
485 308 542 369 DE
564 308 788 370 LITURGHS.
1175 310 1234 369 213

76 460 170 525 moue
187 475 252 525 tuus
267 465 304 525 ad
318 485 371 527 nos
385 467 488 535 veniat,
503 478 532 527 et
544 467 580 526 sd
594 468 656 527 hec
676 468 821 546 proposita
841 465 915 526 dona
928 477 957 526 et
976 486 1010 527 es
1031 467 1187 537 benedicat,
1207 478 1236 527 et

75 564 209 635 noctiicet,
220 576 251 624 et
260 566 366 625 efficiat
386 607 394 625 .
416 607 424 625 .
446 585 550 644 panem
561 565 677 640 quidem
691 567 846 644 pretiosum
857 583 961 644 corpus
973 566 1092 626 Domini
1103 576 1132 626 et
1142 566 1199 625 Dei
1208 577 1236 625 et

73 660 189 721 nlntoris
202 665 294 723 sesni
305 664 378 723 lesu
392 664 602 723 Christi-ciet
611 669 643 720 st
653 662 733 733 τίμια
742 669 812 735 σῶμα
821 665 866 719 τοῦ
876 662 951 733 aspis,
961 666 1003 719 xci
1015 668 1067 727 tes,
1079 667 1121 719 καὶ
1134 680 1237 735 coemo:

72 758 175 831 iuuenci
185 762 385 831 chfi—hunc
398 760 465 820 verd
477 762 594 821 calicem
609 763 765 840 pretiosum
779 763 946 839 sanguinem
962 761 1080 821 Domini
1094 772 1123 820 et
1137 762 1193 821 Dei
1207 770 1236 822 et

73 855 198 919 sunum
211 861 303 919 nostri
316 860 387 919 lesu
402 860 512 919 Christi
535 904 542 918 .
565 903 573 921 .
596 904 604 919 .
627 863 676 935 qui
691 879 742 939 pro
758 860 856 919 mundi
870 861 928 918 vita
942 860 1049 918 effusus
1064 868 1109 918 est
1130 901 1138 919 .
1161 901 1168 917 .
1193 903 1200 919 .
1225 901 1233 919 .

71 954 531 1037 unanimorum-spiritu
543 961 649 1019 Sancto
663 959 746 1018 tu0.’'
788 960 821 1018 ln
836 958 957 1037 Coptica
969 959 1082 1017 invocat
1095 958 1234 1035 Spiritum

71 1048 177 1113 &retum
199 1064 248 1114 ut:
270 1064 406 1133 “panem
429 1056 544 1130 quidem
567 1056 644 1114 hunc
666 1055 722 1136 (ter
741 1072 851 1133 punem
874 1072 957 1113 cruce
981 1052 1127 1134 signabit)
1150 1054 1235 1112 iaciat

70 1164 147 1225 corpus
159 1159 287 1210 sanctum
302 1152 393 1230 ipsius
408 1152 528 1211 Domini
543 1152 598 1210 Dei
613 1164 641 1210 et
654 1152 807 1211 Salvatoris
822 1151 912 1210 nostri
932 1150 1004 1210 lesu
1019 1150 1141 1220 Christi,
1156 1148 1234 1224 quod

68 1242 162 1307 istorio
175 1248 375 1310 remissionem
389 1260 568 1329 peccstomm
583 1259 611 1309 et
624 1250 711 1309 vitam
727 1259 859 1310 aeoemam
870 1250 898 1307 ei
911 1249 960 1322 qui
974 1247 1045 1308 illud
1059 1247 1232 1327 percipiet.”

67 1340 194 1423 Populus:
215 1348 320 1408 Amen.
364 1347 507 1409 Sacerdos
527 1356 571 1407 ter
594 1366 678 1408 cruce
698 1348 816 1409 calicem
841 1347 977 1426 signabit
999 1354 1026 1406 et
1047 1346 1142 1407 dicet:
1164 1346 1235 1406 “Et

68 1440 123 1503 huuc
133 1444 250 1505 calicem
264 1447 433 1525 sanguinem
454 1446 610 1524 pretiosum
630 1447 697 1505 novi
723 1446 903 1504 Testamenti
923 1445 974 1514 tui,
990 1445 1075 1522 (tunc
1089 1461 1193 1523 corpus
1207 1452 1235 1503 et

67 1540 223 1619 inguinem
237 1545 405 1621 pretiosum
423 1542 608 1621 designabit)
622 1544 714 1621 ipsius
729 1543 848 1602 Domini
863 1542 919 1601 Dei
933 1554 962 1601 et
976 1542 1131 1601 Salvatoris
1145 1542 1235 1601 nostri

66 1635 117 1697 lem
128 1640 247 1709 Christi,
263 1639 407 1715 quidatur
421 1641 664 1700 inremissionem
679 1649 872 1718 peccatorum,
886 1652 915 1698 et
930 1641 1018 1699 tilam
1033 1649 1166 1699 sternam
1177 1640 1235 1699 illis
1319 1638 1322 1643 ’

66 1736 100 1823 qui
109 1735 183 1795 illum
199 1736 389 1816 percipient.”
419 1736 628 1797 Alexandrino
641 1737 768 1796 continet
778 1737 863 1796 etiam
879 1736 1087 1796 invocationem
1099 1738 1234 1806 similem,

64 1829 142 1894 iisdem
155 1836 215 1895 sere
228 1837 334 1905 verbis,
349 1834 421 1896 odeo
434 1849 467 1895 ut
479 1854 513 1895 ea
526 1846 656 1914 repetere
672 1854 926 1913 supervacaneum.

89 1934 148 1990 tls.
182 1933 320 1992 Precatur
339 1932 497 2011 deinceps:
520 1942 539 1970 “
549 1934 593 1993 sac
608 1942 639 1991 ut
652 1951 738 1992 nemo
752 1942 880 1991 nostrum
901 1930 936 1990 ad
952 1932 1094 2009 judicium
1108 1932 1153 1991 vel
1167 1950 1235 1993 con·

64 2025 252 2091 lsnmdonem
266 2032 305 2090 rit
317 2033 460 2110 particeps
474 2033 565 2091 sancti
585 2032 716 2109 corporis
737 2041 765 2089 et
779 2031 927 2109 sanguinis
945 2030 1057 2090 Christi
1078 2029 1151 2089 tui.”
1191 2030 1236 2089 Ita

64 2124 188 2191 humuli
200 2130 330 2190 habetur.
371 2130 423 2190 ,lu
436 2130 672 2191 communionem
686 2138 748 2189 orat
767 2128 936 2189 Christum:
966 2131 1044 2205 “qui
1063 2148 1149 2207 supra
1168 2148 1235 2189 cum

10 2306 12 2311 Ι
64 2220 129 2285 lans
151 2226 247 2295 sedes,
261 2237 291 2288 et
311 2228 360 2287 hic
379 2228 532 2288 nobiscum
561 2228 741 2287 invisibiliter
761 2226 915 2297 versaris,”
930 2225 1046 2305 dignare
1067 2227 1172 2305 potenti
1186 2235 1235 2285 tua
1346 2258 1349 2264 ·

10 2324 14 2359 ¹
63 2336 128 2383 mnu
146 2325 286 2404 impertiri
301 2326 383 2385 nubis
403 2326 541 2386 illibatum
557 2344 661 2404 corpus
683 2336 773 2394 tuum,
787 2335 817 2385 et
837 2328 991 2405 pretiosum
1013 2327 1190 2403 sanguinem,
1205 2336 1235 2384 et

63 2426 221 2495 praesinti
236 2421 377 2501 populo.'’
417 2422 452 2483 In
471 2420 591 2502 Coptica
604 2434 670 2501 post
682 2424 848 2483 fractionem
863 2424 964 2482 hostin
978 2433 1034 2481 tres
1048 2422 1124 2480 illius
1139 2432 1233 2499 partes

63 2512 161 2578 hrum
174 2520 272 2578 manui
284 2520 408 2601 imponit
416 2528 445 2579 et
455 2518 542 2578 dicite
565 2528 584 2556 “
595 2519 714 2579 Guneus
723 2536 864 2579 ssucruu
873 2538 912 2578 ur
923 2537 1047 2578 ssuoms
1061 2535 1232 2587 rnurrosus,

62 2628 256 2687 termnum,
270 2617 346 2677 Jssn
360 2616 490 2677 Gunmnr
503 2618 583 2677 an
600 2618 662 2678 Dur
676 2636 792 2677 uosrru.
833 2620 937 2677 Amen.
980 2617 1151 2677 Consusnr
1165 2634 1234 2676 san·
1353 2674 1357 2683 ,

63 2713 323 2777 mirumne
337 2714 530 2781 Durnosnru,
545 2733 952 2775 uocssrrunurrumrsru.
987 2717 1091 2773 Amen.
1126 2713 1232 2783 Credo,

10 2868 12 2889 ,
62 2808 134 2877 sudo,
147 2810 236 2871 credo
248 2821 278 2877 et
290 2812 429 2871 confiteor
442 2830 534 2886 usque
548 2812 582 2870 ad
597 2822 758 2873 extremum
779 2816 844 2872 vite
864 2814 996 2891 spiritum
1017 2814 1073 2872 hoc
1093 2829 1158 2870 esse
1172 2830 1234 2871 cor·

10 2892 13 2929 ¹
61 2908 253 2978 munem
267 2909 334 2969 uun
348 2910 389 2968 m
410 2950 418 2968 .
441 2950 449 2966 .
473 2950 481 2968 .
502 2909 573 2969 neu
602 2908 745 2968 onrsu.·’
800 2910 833 2969 n
861 2908 1067 2971 armassem
1094 2909 1234 2969 sacerdos

10 3012 12 3017 '
61 3000 151 3066 dotans
164 3010 307 3063 emtum
318 3008 375 3076 sit;
397 3016 417 3044 ‘⁴
428 3007 533 3065 Sancta
548 3008 662 3066 Sanctis
684 3048 692 3066 .
714 3048 722 3066 .
745 3049 754 3067 .
778 3049 786 3065 .
802 3007 917 3086 Corpus
932 3020 1059 3068 sanctum
1075 3019 1103 3066 et
1117 3008 1234 3086 sanguis

10 3112 13 3153 ἰ
60 3102 189 3173 muman,
203 3122 290 3163 verus
303 3104 375 3164 lesu
389 3102 499 3162 Christi
513 3104 581 3163 Filii
596 3104 662 3163 Dei.
703 3107 806 3164 Amen.
852 3105 967 3183 Corpus
982 3116 1111 3165 sanctum
1126 3116 1154 3164 et
1169 3124 1233 3165 san-

59 3198 269 3278 nupserimus,
282 3218 367 3260 verus
381 3200 453 3260 lesu
469 3200 579 3259 Christi
601 3201 667 3261 Filii
690 3203 756 3261 Dei.
798 3204 901 3262 Amen.
944 3205 1058 3281 Corpus
1073 3215 1101 3262 et
1114 3204 1232 3281 sanguis

59 3288 238 3359 Emmanuelis
266 3298 323 3357 Dei
350 3300 450 3367 nostri,
479 3299 534 3358 hoo
555 3308 599 3357 est
623 3300 723 3359 vere.’'
764 3299 1080 3378 Popnlnse‘1Amen.
1124 3299 1230 3369 Credo,

59 3394 131 3465 udo,
145 3396 232 3457 credo
244 3406 273 3456 et
286 3396 424 3457 confiteor
445 3396 587 3470 usquead
608 3398 739 3456 ultimum
754 3398 895 3475 spiritum,
911 3397 987 3471 quod
1015 3399 1075 3455 haec
1100 3399 1163 3474 ipsa
1187 3406 1232 3455 est

59 3494 342 3568 nonnumquam
367 3494 513 3569 occepisti,
538 3494 672 3553 Christus
698 3494 779 3553 Deus
800 3504 907 3562 noster,
932 3514 969 3552 ex
984 3503 1079 3552 sancta
1102 3494 1231 3553 Domina

58 3598 140 3660 mm,
154 3590 293 3667 Deipara,
314 3608 428 3668 semper
444 3590 564 3667 Virgine
581 3591 672 3649 Maria
693 3631 701 3649 .
724 3631 732 3649 .
756 3632 763 3648 .
786 3589 954 3664 tradiditque
969 3608 1021 3667 pro
1042 3591 1125 3649 nobis
1140 3591 1231 3650 omni·

59 3677 96 3741 hut
107 3686 198 3763 ipram
210 3703 327 3745 curnem
341 3705 427 3764 super
438 3686 547 3764 lignum
559 3687 652 3745 crucis
665 3685 806 3746 sanctae.”

82 3786 144 3843 21⁰.
157 3784 289 3862 liturgia
302 3784 335 3843 S.
350 3784 555 3862 Chrysostumi
569 3786 664 3846 Graeci
674 3796 791 3845 utuntur
801 3786 978 3865 plerumque,
989 3799 1087 3865 utpote
1099 3789 1231 3849 breviori.

59 3870 136 3939 lodii
149 3880 310 3959 Liturgiam
322 3881 483 3941 Dominicis
505 3901 556 3960 per
569 3902 702 3960 magnam
717 3884 982 3962 Quadragesimam,
998 3886 1147 3945 Paschalis
1163 3899 1233 3946 tem·

60 3976 318 4044 unumunurm
339 3977 402 4035 aliis
423 3976 524 4037 diebus
551 3978 729 4047 adhibentes,
752 3991 835 4058 prout
856 3990 973 4039 testatus
1001 3992 1046 4040 est
1067 3983 1231 4042 Hieremias

61 4072 195 4141 numia
209 4072 543 4152 constantinopolitanus
558 4094 632 4134 anno
656 4080 733 4137 1576
757 4076 920 4136 acatholicis
936 4077 1101 4137 Germanis
1115 4098 1231 4157 respon·

62 4160 122 4227 leus.
158 4170 194 4229 ln
206 4188 242 4229 ea
254 4170 396 4231 Sacerdos
411 4191 494 4231 cruce
503 4180 546 4231 ter
558 4173 651 4251 signat
664 4186 771 4243 sancta,
785 4185 814 4233 et
827 4174 895 4233 dicit
908 4186 1018 4236 secreto
1031 4197 1039 4235 ε
1061 4186 1082 4214 “
1092 4177 1155 4236 Fsc
1168 4196 1232 4242 our·

64 4274 215 4327 messe!
228 4286 321 4337 nuuc,
336 4286 504 4328 eusmmmr
523 4288 633 4329 coneus
648 4270 778 4329 Cunrsrr
791 4270 877 4329 πῖθ’
919 4270 1084 4333 Diaconos.
1126 4275 1229 4336 Arnen.

66 4352 206 4426 litterum
229 4364 407 4427 Diaconos:
430 4376 450 4405 ‘⁴
463 4367 600 4436 Benedic,
621 4368 755 4435 Domine,
770 4377 900 4427 sanctum
914 4371 1043 4429 calicem.
1087 4368 1231 4429 Sacerdos

68 4462 144 4520 Mem
153 4460 331 4531 benedicens,
343 4462 409 4523 ait.-
425 4473 444 4501 “
457 4464 543 4532 Quor>
552 4482 655 4522 suurn
666 4483 720 4522 ssu
734 4482 767 4522 ru
782 4484 841 4523 noc
855 4483 1150 4537 consumpserim
1161 4485 1231 4526 ssu-

71 4566 162 4617 wuurr
173 4554 301 4621 Cnursrr
314 4560 400 4620 rur.”
434 4560 599 4621 moronus.
631 4564 734 4620 Amen.
763 4560 810 4621 Et
824 4563 1232 4645 coementatorum-retroque

73 4662 151 4717 mue
161 4658 232 4721 stolo
244 4660 462 4730 denmnstrons,
476 4660 532 4719 uit:
550 4670 570 4698 ‘⁶
581 4659 877 4721 BenedicDomine.”
896 4663 939 4720 At
955 4659 1098 4721 Sacerdos
1106 4670 1233 4743 utruque
