2774 5056
524 354 852 418 rauracorum.
1229 368 1266 427 ῃ

72 529 157 590 opere
180 515 333 594 operatio
356 515 453 582 oratio,
477 514 669 594 eleemosyna.
694 517 804 590 aliaque
825 518 900 576 bona
921 536 1007 596 opera
1029 522 1132 593 volent,
1145 541 1198 601 pro
1212 524 1261 601 pio

74 609 163 668 animi
191 612 317 670 affectu:
354 610 406 669 aed
432 611 613 670 Sacramenta
635 612 699 689 ipsa
722 613 779 670 vim
804 612 908 671 habent
934 617 1049 691 gratiam
1074 600 1259 696 producendi.

75 706 219 767 Caeterum
231 711 303 768 oicut
318 709 390 768 oolio
403 709 498 768 lumen
512 710 592 768 obice
606 710 717 787 objecto
731 709 843 768 excludi
858 720 960 787 potent.
976 713 1013 771 ita
1026 727 1055 773 ot
1067 692 1261 777 Sacramenta·

74 826 136 868 rum
150 813 238 887 gratia
250 830 301 869 oua
312 810 398 887 eulpa
407 811 540 888 privatur,
550 811 599 884 qui
613 828 646 868 ea
658 809 735 868 irrud
748 811 800 868 rite
811 810 967 888 dispositus
981 814 1093 891 accipit.
1132 812 1185 874 etc
1197 816 1261 875 infi-

72 904 158 975 delia,
170 908 216 966 vel
228 918 346 985 peccato
360 908 446 967 animi
460 906 560 965 affectu
576 906 733 975 adherens,
742 908 885 985 baptismi,
901 909 926 967 oi
937 927 1003 968 enm
1017 912 1163 988 euocipiat,
1173 914 1262 990 gratia

71 1014 160 1073 caret,
175 1025 261 1080 quarn
274 1007 377 1083 recipit
389 1005 480 1064 insane
501 1005 610 1065 nullum
629 1006 740 1064 obicem
760 1006 908 1082 objiciens.
949 1006 1018 1068 ldoo
1032 1010 1212 1084 requiruntur
1230 1013 1262 1070 in

69 1101 188 1171 adultis,
203 1104 252 1176 qui
263 1103 367 1161 fuerint
379 1104 424 1160 oui
437 1115 594 1179 compotes.
609 1101 810 1178 diopooitioneo
825 1102 954 1176 quedam
967 1106 1065 1176 animi,
1080 1107 1143 1166 aino
1157 1107 1260 1180 quibua

67 1200 258 1259 Sacramenta
270 1199 327 1258 illie
341 1201 458 1277 gratiam
473 1217 529 1257 non
543 1199 677 1257 tribuunt.
719 1197 935 1259 calumniantur
946 1201 1042 1279 igitur,
1057 1204 1107 1277 qui
1131 1214 1262 1263 aruerunt

65 1316 102 1356 ea
122 1316 165 1356 ex
179 1298 329 1357 catholiea
342 1297 469 1356 doctrina
482 1296 687 1375 peecatoribus,
702 1297 789 1356 animi
803 1296 905 1357 affectu
919 1310 1038 1376 peccato
1051 1300 1260 1361 adherentibux

66 1394 223 1473 prodeeoe.

109 1498 160 1552 1³.
185 1493 321 1552 “Omnia
341 1491 552 1559 Sacramenta‚”
567 1493 660 1565 inquit
673 1491 822 1568 Eugeniur
845 1493 989 1563 Pontifex,
1004 1495 1035 1554 iu
1048 1494 1163 1556 decreto
1184 1494 1262 1570 qnod

11 1660 13 1682 Ι
63 1589 241 1650 Florentino
255 1589 285 1646 in
298 1588 430 1655 concilio,
440 1607 491 1665 pro
505 1590 693 1646 Armenorum
708 1589 892 1649 instructione
903 1589 1001 1659 edidit,
1017 1599 1038 1627 ‘⁸
1048 1591 1135 1651 tribuo
1150 1591 1263 1669 perfici·

62 1701 164 1754 untur,
177 1685 312 1744 videlicet
324 1685 408 1743 rebua
421 1700 563 1757 tamquam
578 1685 702 1752 materia,
716 1686 808 1744 verbio
820 1696 963 1761 tamquam
985 1686 1086 1756 forma.
1098 1699 1127 1747 ot
1140 1707 1262 1767 perrona

63 1784 194 1844 ministri
224 1781 395 1840 conferentia
423 1781 635 1839 Sacramentum
662 1800 727 1839 cum
756 1783 911 1842 intentione
944 1783 1066 1843 faciendi
1090 1784 1168 1860 quod
1194 1785 1263 1843 facit

63 1879 235 1945 Ecclesiat
269 1896 389 1950 quorum
417 1878 442 1933 oi
467 1876 580 1949 aliquod
610 1876 694 1943 debit,
722 1896 780 1935 non
818 1877 962 1953 perficitur
998 1878 1263 1939 Sacramentum.”²

61 1975 205 2036 Materia
216 1985 249 2034 et
250 1972 357 2053 formu
371 1992 455 2032 roceo
469 1983 535 2031 aunt
548 1992 617 2046 quae
632 1992 669 2032 ex
688 1973 872 2050 philosophia
886 1975 1074 2045 aristotelica,
1086 1978 1201 2035 ineunte
1215 1975 1263 2034 do·

60 2076 139 2133 rimo
153 2073 244 2132 tertio
265 2071 380 2138 ceculo,
396 2068 577 2128 Guillielmuo
598 2069 848 2128 Altiaaiodorenria
868 2071 977 2147 primur
991 2082 1134 2131 mutuatus
1148 2072 1260 2140 dicitur.

62 2169 201 2245 quamvis
213 2166 386 2249 etsormum
399 2167 542 2225 vocaverit
554 2166 749 2224 Tertullianus
766 2168 827 2244 jam
847 2186 900 2225 ruo
914 2178 1041 2245 tempore
1066 2170 1150 2228 verba
1163 2170 1262 2228 Sacra·

63 2268 162 2336 menti,
179 2264 237 2324 aad
259 2282 356 2328 aenou,
371 2263 682 2331 utvidotur‚diveroo.¹
722 2263 845 2321 Materia
860 2262 1033 2324 elementum
1051 2266 1086 2323 ab
1100 2267 1262 2342 Augustino

63 2378 161 2425 voerta
174 2373 247 2423 eat:
270 2362 360 2421 forma
373 2361 447 2419 dicto
466 2370 511 2420 ert
531 2362 648 2419 verbum
664 2380 671 2428 ;
695 2369 714 2397 ⁸⁶
725 2360 853 2429 Verbo‚”
876 2363 977 2434 inquit.
993 2371 1012 2399 ‘⁸
1022 2363 1180 2439 baptismus
1195 2382 1262 2422 cou-

50 2476 213 2540 aeoraturr
236 2460 355 2519 detrahe
370 2461 495 2527 verbum.
511 2458 618 2530 etquid
632 2467 676 2516 eat
689 2476 771 2530 aqua,
786 2459 842 2515 niai
858 2460 952 2531 aquai
973 2459 1082 2518 accedit
1095 2460 1213 2520 verbnm
1227 2460 1263 2520 ad

62 2562 254 2626 elementum,
270 2567 300 2615 et
309 2557 342 2615 tit
354 2554 614 2614 Sacramentum.”⁸
653 2552 784 2613 Materia
798 2555 882 2632 igitur
895 2572 940 2613 rer
953 2565 1007 2623 aot,
1020 2555 1066 2613 rol
1079 2565 1158 2614 actor
1172 2558 1263 2615 ocuti·

62 2660 135 2728 lilia,
148 2678 180 2717 v.
198 2676 230 2735 g.
246 2673 323 2729 aqua
336 2655 366 2712 in
379 2655 519 2731 baptismo
533 2673 540 2711 :
552 2650 660 2731 formu
673 2663 717 2709 eat
742 2653 890 2712 verborum
913 2654 1003 2713 terior
1025 2655 1130 2729 quibus
1144 2656 1263 2715 materia

64 2755 253 2815 adoffeotum
270 2749 508 2808 sacramentalem
523 2747 747 2806 determinatur.t

100 2856 147 2911 ll.
169 2847 306 2910 Intentio
327 2846 448 2904 ministri
472 2846 557 2903 etiam
577 2845 708 2920 exigitur.
723 2856 754 2903 ut
774 2844 884 2903 scilicet
907 2845 974 2904 velit
993 2845 1085 2906 facere
1099 2847 1176 2922 quod
1196 2849 1264 2909 iacit

68 2948 210 3015 Ecclesia,
224 2962 296 3003 nam
310 2942 363 3001 hac
377 2952 484 3003 tanturn
507 2943 612 3000 ratione
637 2941 686 2998 liet
710 2952 741 2998 ut
768 2941 877 3000 Christi
907 2943 1022 3003 nominc
1043 2953 1116 3021 agat,
1138 2945 1261 3021 ideoque

72 3062 173 3104 trorum
188 3038 327 3121 perficiat
336 3041 430 3097 ritum.
472 3038 614 3096 Ceterum
626 3038 694 3096 satia
708 3039 801 3114 gravis
810 3039 929 3115 agitatur
937 3040 967 3098 in
979 3039 1085 3099 scholia
1097 3052 1259 3103 controver-

74 3141 211 3201 riautrum
227 3140 267 3197 iia
282 3137 313 3196 in
325 3153 419 3195 rerum
434 3134 583 3213 adjunctis,
599 3136 629 3194 in
643 3135 750 3208 quibua
760 3153 792 3192 oe
806 3137 879 3213 gerit
889 3135 1030 3196 Eccleoiae
1040 3139 1173 3206 nomine.
1182 3141 1261 3200 nullo

77 3235 127 3297 tato
138 3236 255 3297 indicio
277 3252 309 3292 ae
323 3232 396 3291 velle
411 3235 528 3291 mimum
544 3250 636 3309 agere,
650 3231 694 3289 vel
708 3231 826 3291 illudere
846 3231 1031 3303 adorantibus.
1047 3236 1140 3311 potuit
1163 3237 1261 3296 Sacra·

9 3386 13 3394 .
79 3348 191 3395 uentum
202 3333 346 3400 frustrari,
361 3330 472 3389 occulto
485 3329 573 3389 animi
587 3329 709 3389 oonsilio
723 3329 797 3389 haud
812 3330 932 3390 faciendi
947 3332 1023 3405 quod
1036 3333 1102 3391 lacit
1116 3333 1260 3395 Ecclesia.

9 3506 16 3517 ,
82 3430 255 3501 catharinae,
265 3429 385 3489 celebria
400 3427 577 3504 Theologuo‚
586 3428 636 3500 qui
647 3425 735 3486 adsuit
749 3429 870 3488 concilio
878 3429 1058 3496 Tridentino,
1074 3433 1184 3488 cenauit
1194 3450 1262 3493 eum

84 3546 124 3590 tou
144 3549 248 3609 pocae,
274 3526 405 3587 sufficere
425 3526 500 3585 enim
529 3526 714 3585 intentionem
736 3537 885 3588 externum
906 3528 990 3585 ritum
1007 3526 1080 3584 scrrd
1094 3528 1259 3605 peragendi,

85 3625 204 3689 telesia
227 3626 359 3692 nomine,
380 3642 443 3697 que
463 3624 581 3682 intentio
603 3629 725 3682 ectemu
750 3623 816 3683 inde
850 3623 946 3682 vocari
972 3625 1130 3683 cousuevit.
1173 3627 1260 3688 Hunc

87 3739 221 3800 nouantur
244 3723 398 3789 Jueniuuo,
413 3720 575 3788 Dronenuo,
591 3721 764 3797 plurimique
785 3722 858 3780 inter
872 3721 973 3781 Gallor
988 3723 1155 3799 presertim.
1197 3726 1261 3786 Itali

88 3824 190 3901 totque
204 3831 331 3884 censent
343 3838 459 3879 neceooe
483 3838 548 3879 ease
571 3830 601 3877 ut
623 3817 698 3876 aerid
722 3820 791 3878 velit
815 3820 908 3879 facere
932 3820 1009 3895 quod
1030 3821 1097 3880 facit
1119 3823 1260 3894 Ecclesia,

90 3922 151 3983 riui
162 3919 291 3983 coneilio
305 3927 422 3976 externo
441 3917 514 3975 actui
527 3914 716 3993 respondente
729 3936 737 3974 t
759 3936 812 3976 nec
823 3917 892 3976 alias
906 3929 1002 3976 actum
1020 3917 1129 3977 Christi
1143 3923 1258 3981 nomino

8 4015 22 4114 γ’
90 4022 209 4082 arefieri.
259 4014 503 4078 Hancintemam
516 4027 618 4074 vocant
627 4015 821 4075 intentionem.
852 4016 1257 4096 Scholasticaediaputationio‚

91 4130 201 4191 umore
211 4128 246 4181 et
260 4115 392 4177 instituto
406 4126 513 4180 nostro,
534 4112 610 4171 haud
623 4112 736 4182 soliciti,
752 4113 938 4174 intentionem
951 4113 1073 4174 faciendi
1098 4116 1175 4190 quod
1190 4116 1256 4175 facit

256 4316 299 4375 (1)
319 4308 389 4359 Inter
399 4316 452 4359 acta
466 4306 542 4359 Gonc
554 4306 618 4357 Flor.

252 4401 300 4469 (2)
321 4393 354 4445 1.
366 4393 397 4443 do
407 4394 533 4459 Baptiomo
543 4409 564 4443 c.
575 4391 629 4442 xiii.

247 4488 294 4558 (3)
318 4480 398 4532 Troot
408 4480 479 4530 lxxx.
487 4479 513 4529 in
523 4478 595 4529 Joan.

239 4576 293 4648 (4)
317 4568 405 4620 Voooo
414 4566 452 4617 ha
464 4565 610 4617 oolrolootico
618 4567 765 4628 uturpautur
775 4560 802 4612 in
813 4559 915 4610 Bumeti
926 4560 1019 4623 molyri
1030 4576 1053 4626 p.
1061 4556 1118 4607 418.

654 4650 692 4708 2*
