2812 5062
507 304 563 363 DE
585 305 808 366 LITURGIIS.
1203 317 1261 371 209

63 460 150 538 cipua
163 470 231 520 sunt
244 463 478 539 prescripserunt
491 463 556 521 viva
576 482 657 532 vocs,
672 476 700 522 et
720 470 808 524 sacris
831 466 968 526 ministris
990 466 1204 538 demandarunt,
1225 470 1262 528 ad

12 572 15 577 '
63 575 167 618 eorum
195 577 377 618 successores
405 560 629 618 transmittenda.
685 561 761 621 Earn
783 565 884 639 primis
909 565 981 641 ipsis
1006 565 1120 625 saeculis
1156 566 1261 643 scripto

63 654 194 714 traditam
217 657 378 714 verosimile
400 668 453 724 est,
480 675 546 715 nam
567 657 603 715 de
618 676 702 734 prece
722 659 808 718 altera
828 661 1076 720 schismaticorum
1097 672 1126 720 et
1149 662 1260 721 hereti·

62 769 163 809 corum
191 751 226 809 ad
259 751 355 820 altare,
383 752 489 810 illicitis
510 753 627 811 vocibus
655 763 802 813 constante
835 754 1000 833 Cyprianus
1020 756 1169 830 loquitur3
1191 778 1259 832 qua·

62 859 181 927 propter
191 851 252 927 jam
267 870 381 927 precem
401 851 561 909 solemnem
575 851 659 908 certis
674 862 851 911 constantem
866 855 959 913 verbis
980 854 1107 914 adhiberi
1128 876 1146 914 a
1167 856 1260 915 Gath-

62 947 158 1015 olieis,
173 946 253 1006 datur
281 947 448 1024 intelligere.
491 946 566 1006 Eam
596 945 662 1005 verd
691 948 754 1007 sola
779 950 973 1009 ministrorum
998 951 1136 1009 memoria
1161 953 1259 1013 nixam

62 1055 95 1103 ut
108 1054 275 1112 servaretur,
292 1046 340 1103 vix
360 1044 455 1103 credet
475 1045 525 1118 qui
545 1046 690 1123 Liturgias
711 1049 919 1107 vetustissimas
941 1049 1101 1126 perlegerit,
1116 1068 1179 1123 quaa
1194 1070 1260 1127 pro·

62 1143 131 1202 lixoe
145 1144 231 1201 nimis
245 1152 312 1201 sunt
331 1152 362 1201 ut
385 1143 468 1201 facile
492 1143 676 1202 retineantur.
718 1144 831 1203 Harum
853 1146 925 1204 mira
944 1147 976 1205 in
1000 1148 1083 1207 rebus
1104 1150 1259 1226 praecipuis

62 1241 227 1310 concordia,
242 1259 424 1300 communem
439 1257 454 1298 e
469 1259 526 1314 quo
542 1240 687 1300 fluxerunt
700 1241 808 1300 iontem
823 1242 946 1313 denotat,
962 1254 990 1302 et
1006 1263 1069 1318 quae
1084 1264 1122 1304 ex
1143 1247 1258 1322 publica

63 1340 192 1398 oratione
207 1359 224 1397 a
238 1339 387 1416 cypriano
401 1339 521 1412 aliisque
541 1339 671 1407 citantur,
685 1339 722 1397 iis
743 1340 927 1399 inveniuntur
947 1360 1083 1411 consona,
1105 1343 1188 1401 itaut
1202 1353 1259 1403 tota

62 1433 193 1511 Liturgia
206 1432 273 1492 inde
287 1434 382 1511 colligi
394 1433 606 1507 quodammodo
619 1435 721 1510 possit.
764 1435 910 1496 Ceterum
931 1438 1095 1496 verosimile
1109 1448 1153 1496 est
1166 1439 1259 1498 Litur

63 1531 126 1608 glas
147 1548 199 1608 per
225 1533 277 1588 tria
305 1530 397 1607 priora
421 1531 526 1589 secula
550 1531 681 1591 manibus
702 1531 882 1591 sacerdotum
903 1533 949 1591 vel
970 1534 1091 1593 aliorum
1112 1553 1258 1596 sacrorum

63 1629 257 1687 ministrorum
272 1638 379 1686 tantum
395 1629 447 1686 teri
462 1629 656 1696 consuevisse,
672 1647 725 1687 nec
739 1629 830 1687 luisse
844 1630 981 1707 vulgatas.

96 1729 164 1785 197.
181 1726 338 1801 Praecipuae
349 1725 484 1802 Liturgiae
492 1724 662 1794 orientales,
673 1726 778 1784 Gracc
786 1726 930 1795 idiomate,
941 1739 1063 1786 exaratae
1072 1738 1148 1787 sunt.
1163 1730 1257 1788 Litun

62 1825 108 1902 gia
119 1826 152 1882 S.
162 1822 181 1882 J
183 1825 263 1882 acobi
277 1841 311 1881 ea
325 1822 426 1881 dicitur
440 1841 503 1896 quae
513 1817 727 1900 Hierosolymis
738 1835 767 1882 et
774 1825 850 1901 apud
862 1825 1009 1884 Ecclesiae
1021 1827 1090 1884 alias
1105 1827 1257 1886 orientales

62 1922 91 1980 in
105 1939 162 1979 usu
176 1935 245 1979 erat.
271 1921 377 1979 Extitit
389 1932 464 1978 certe
479 1930 543 1978 aute
557 1919 663 1996 Gyrilli
676 1920 1080 2000 Hierosolymitanitsmpora,
1093 1924 1142 1997 qui
1155 1933 1256 1998 quarto

61 2019 169 2078 seculo
181 2017 275 2078 medio
289 2018 402 2087 floruit3
425 2036 459 2075 ea
471 2019 547 2076 enim
562 2037 630 2077 usus
646 2031 699 2087 est,
715 2020 755 2077 uti
769 2020 905 2094 liquetex
920 2019 1062 2079 catechesi
1077 2020 1140 2096 ejus
1156 2020 1255 2093 quinta

62 2134 129 2174 cum
159 2114 287 2192 Liturgia
315 2132 377 2188 que
398 2125 530 2191 superest
549 2113 661 2173 collata.
704 2115 778 2175 Eam
799 2115 830 2174 iu
850 2116 1054 2193 compendium
1075 2115 1256 2193 redegerunt,

60 2222 185 2271 testante
199 2212 231 2270 S.
249 2212 364 2279 Proclo‚
377 2211 409 2270 S.
419 2211 543 2270 Basilius
564 2212 608 2270 M.
621 2220 651 2270 et
664 2212 695 2270 S.
707 2211 726 2271 J
728 2231 836 2272 oannes
846 2212 1085 2291 Ohrysostomus.
1126 2213 1256 2291 Liturgia

35 2298 38 2311 ’
61 2310 257 2367 vetustissima
271 2326 334 2383 quae
354 2309 385 2367 in
406 2309 479 2367 libro
499 2319 599 2367 octavo
621 2308 866 2369 Constitutionum
891 2311 1123 2386 Apostolicorum
1143 2310 1256 2387 legitur,

57 2416 126 2465 ante
144 2406 296 2464 Nicaenum
312 2405 478 2472 concilium,
494 2405 534 2462 uti
551 2403 653 2462 eruditi
675 2417 803 2472 censent,
818 2406 988 2482 conscripta,
1004 2407 1200 2482 praesupponit
1212 2407 1261 2464 Li·

58 2502 312 2581 turgiamJaeobi.
342 2487 344 2492 ⁵

103 2605 172 2660 198.
196 2600 323 2678 Liturgia
336 2601 369 2658 S.
385 2599 489 2668 Marci,
504 2602 534 2658 in
549 2598 741 2659 Alexandrina
762 2599 904 2667 Ecclesia,
920 2598 1047 2657 adhiberi
1061 2601 1210 2658 consuevit
1223 2601 1259 2659 ab

58 2700 263 2773 antiquissima
277 2708 376 2767 semte3
392 2698 570 2775 Eutychiani
583 2699 671 2765 enim,
684 2699 734 2772 qui
747 2698 766 2758 J
768 2699 884 2757 acubitae
899 2697 1039 2765 dicuntur,
1050 2698 1085 2756 ab
1100 2716 1174 2757 anno
1189 2703 1258 2767 451,

56 2816 119 2872 quo
135 2795 370 2855 chalcedonense
384 2794 511 2853 habitum
526 2803 571 2852 est
590 2795 756 2863 concilium,
775 2796 809 2853 ab
831 2795 964 2854 Ecclesia
978 2793 1130 2854 catholica
1142 2792 1258 2863 divulsi,

57 2914 96 2954 ca
109 2894 204 2954 adhuc
218 2904 344 2953 utuntur.

103 2994 172 3049 199.
194 2991 322 3068 Liturgia
333 2989 493 3048 Clementis
504 2990 628 3049 Romani
640 3007 674 3048 ea
685 2989 787 3048 dicitur
801 3007 864 3063 qum
879 2988 909 3047 in
922 2988 995 3047 libro
1011 2987 1258 3049 Constitutionum

59 3087 294 3164 Apostolicorum
309 3086 436 3145 habetur.
1186 3100 1192 3113 ·

100 3188 172 3242 200.
194 3184 322 3261 Liturgia
333 3182 469 3258 Dionysii
484 3182 664 3259 Areopagitae
684 3181 800 3239 nomine
822 3180 967 3258 insignita,
982 3180 1012 3237 in
1032 3179 1105 3238 libro
1120 3181 1202 3238 tertio
1223 3179 1260 3238 de

59 3281 233 3340 Hierarchia
245 3279 452 3338 Ecclesiastica
469 3279 600 3337 occurrit.
643 3277 788 3353 Scriptum
807 3277 863 3335 hoc
886 3295 959 3354 opus
981 3275 1128 3335 nonnullis
1140 3275 1259 3334 eruditis

59 3376 173 3437 videtur
186 3388 249 3435 ante
265 3375 390 3434 medium
407 3375 541 3448 quintum
555 3372 705 3432 saeculum.
805 3399 810 3407 ·

99 3477 171 3532 aul.
192 3473 321 3550 Liturgia
341 3493 358 3530 a
376 3472 484 3531 Basilio
506 3471 616 3548 Magno
640 3471 670 3528 iu
691 3488 798 3529 novum
819 3469 949 3528 ordinem
964 3469 1103 3546 disposita
1116 3468 1255 3536 noscitur,

58 3572 137 3630 sicut
150 3580 179 3630 et
191 3590 209 3628 a
223 3570 446 3646 chrysostomo,
462 3586 581 3642 quarum
597 3577 691 3625 tamen
712 3566 826 3625 codices
840 3567 949 3640 aliquas
965 3567 1071 3624 habent
1085 3566 1257 3623 varietates:

58 3668 115 3728 sed
128 3679 245 3742 utraque
260 3667 387 3744 Liturgia
402 3686 419 3723 a
434 3665 512 3724 mille
526 3664 658 3722 trecentis
673 3672 702 3721 et
721 3664 844 3740 amplius
866 3663 947 3721 anuis
969 3683 989 3720 a
1007 3663 1117 3721 Grecis
1133 3661 1258 3721 adhibita

57 3776 116 3824 est.
149 3764 324 3831 Nestoriaui,
340 3763 375 3821 ab
390 3762 522 3821 Ecclesia
537 3761 571 3820 ab
586 3779 661 3819 anuo
675 3764 730 3818 431
747 3759 862 3828 divulsi,
878 3757 1083 3836 Ohrysostomi
1098 3759 1256 3837 Liturgiam

59 3863 196 3923 retinent.

101 3964 172 4020 203.
194 3960 271 4019 Inter
282 3959 424 4036 Liturgias
440 3956 639 4017 occidentales
654 3957 778 4034 primum
792 3964 913 4032 occupat
924 3953 1021 4013 locum
1036 3953 1176 4022 Romana,
1192 3972 1257 4027 qum

59 4058 93 4119 S.
110 4058 189 4117 Petri
203 4057 314 4125 dicitur,
328 4065 429 4134 utpote
444 4056 528 4132 juxta
548 4055 611 4131 ejus
625 4054 754 4112 instituta
767 4053 936 4129 composita.
978 4049 1082 4109 Codex
1096 4051 1256 4110 vetustissi-

58 4175 126 4216 mus
140 4154 188 4214 illc
202 4164 246 4213 est
260 4155 309 4227 qui
323 4153 448 4212 dicitur:
470 4150 559 4211 rodere
574 4150 835 4210 Soerommtorum
848 4155 932 4208 uetus
945 4145 1090 4207 Romanu
1104 4145 1256 4213 Ecclesia,

59 4274 80 4315 a
98 4253 131 4315 S.
147 4254 244 4314 mone
256 4251 382 4332 Papol.
399 4251 555 4332 conferma.
584 4251 706 4328 Superat
723 4257 840 4307 ceteros
853 4265 954 4305 omues
968 4246 1083 4306 codices
1096 4247 1255 4323 liturgicus,

57 4353 122 4411 sive
137 4349 308 4417 Orientales,
323 4349 385 4407 sive
403 4348 612 4414 Occidentales,
634 4355 713 4404 aetate
737 4354 766 4402 et
787 4343 956 4420 integritate,
978 4343 1107 4416 nihilque
1127 4341 1254 4400 continet

60 4445 140 4522 quod
154 4447 254 4521 quinto
274 4444 374 4503 saltem
400 4444 504 4502 saeculo
532 4444 569 4501 sit
593 4442 745 4518 posterius.
788 4439 871 4504 Alter
891 4438 984 4497 codex
1004 4447 1049 4496 est
1070 4436 1256 4503 Gelasianus,
1365 4428 1373 4441 '

59 4545 180 4608 Gelasio
202 4543 295 4622 primo
309 4551 433 4609 auctore,
455 4539 547 4600 dictus
570 4539 677 4598 idcirco
701 4534 813 4594 Gelasii
835 4534 1101 4595 sacramentarium.
1143 4531 1177 4590 In
1197 4542 1257 4589 tres

635 4635 690 4696 la*
