2812 5062
320 298 377 362 ou
399 300 495 363 mou
517 302 813 365 unicornuum
841 302 1082 364 scuranum.
1241 306 1300 363 aaa
1342 267 1345 277 ’

100 475 210 518 remus.
232 461 578 523 Transubstautiationem
591 462 637 521 his
651 463 745 522 verbis
756 462 1058 532 declarat-slstwcpo
1069 466 1153 533 emat,
1169 463 1211 518 καὶ
1227 460 1300 533 dape·

99 573 145 621 ror
155 563 398 625 maronem-“¹
408 561 438 620 in
452 562 585 620 virtutem
599 562 693 621 cernis
707 572 736 621 et
749 563 896 640 sanguinis
911 572 1077 622 transmutat
1085 564 1116 633 ;”
1130 540 1188 623 seu·
1204 566 1300 642 potius
1329 642 1332 647 Ι

100 655 134 714 iu
143 657 235 734 ipsam
249 677 364 719 caruem
379 661 601 737 stsanguinem,
611 660 673 720 haec
687 671 731 718 est
743 663 820 720 enim
835 662 879 719 vis
891 662 1050 731 verborum,
1065 663 1106 721 uti
1120 682 1157 722 ex
1171 664 1299 740 pluribus
1326 656 1335 735 'J'

102 754 167 831 ejus
181 754 264 813 dictis
279 756 378 828 liquet,
390 766 473 815 vocat
485 757 564 816 enim
586 757 902 818 Sacramentum-mea
913 762 944 813 rt
953 763 1022 828 adpo
1031 759 1063 813 ri
1072 757 1300 836 xopiffl-ipsum
1320 748 1332 857 j*

102 869 208 929 corpus
224 852 343 911 Domini
353 844 461 928 ;”ἑ-τφ
472 869 525 918 oet
535 858 698 928 supteri-⁴⁸
708 874 808 932 reapse
822 865 941 913 caroest
952 854 1080 929 dhaere}
1091 862 1123 913 rt
1132 855 1199 926 euple
1208 856 1301 927 σάρξ-

101 957 125 987 “
136 951 200 1027 ipsa
214 950 333 1010 Domini
349 951 460 1010 caro.’'²
498 957 581 1007 Eordo
588 955 623 1012 ot,
634 954 695 1009 rire
704 974 735 1023 pa
746 955 782 1020 ἐςό
791 958 822 1010 rt
834 952 1020 1023 admiscendo
1030 949 1137 1007 ὃτιάυτὸ
1153 953 1184 1005 τὸ
1193 951 1302 1017 sapori

101 1044 172 1115 ‘¹95⁸
188 1048 237 1112 illl
254 1051 267 1102 ὅ
284 1046 441 1120 dimdium
458 1055 482 1103 ἓν
498 1051 534 1118 ’ῖᾷ
557 1049 710 1122 ἓνσιαςήρίφ,
728 1053 770 1106 rud
788 1052 829 1116 apt
846 1048 987 1111 ἀντίτυπον,
1004 1053 1018 1103 d
1033 1046 1081 1119 γὰς
1098 1050 1153 1102 ione
1174 1049 1234 1101 ried
1250 1049 1300 1110 ἐςιν

100 1134 244 1194 derisore,
254 1151 315 1191 om
325 1138 386 1193 τὲτό
394 1139 427 1207 ui
437 1140 472 1204 ἐςί
480 1143 510 1194 τὸ
519 1143 597 1208 ςῶμα.
608 1136 701 1210 ἀρρήτῳ
711 1138 757 1210 γὰρ
767 1137 872 1211 ἐνεργείᾳ
878 1138 1058 1207 momontum,
1068 1135 1114 1202 κᾷν
1123 1131 1235 1204 edentur
1242 1132 1302 1203 ἡμῖν

99 1222 198 1294 deror-⁸
217 1232 237 1261 ‘⁶
249 1225 339 1285 Porro
349 1225 457 1295 dicens,
471 1227 537 1286 Hoc
552 1236 706 1304 estcorpus
718 1246 831 1296 meum;
847 1225 980 1295 ostendit,
994 1223 1073 1299 quod
1087 1225 1180 1301 ipsum
1195 1239 1299 1298 corpus

100 1306 224 1380 Domini
236 1332 281 1379 est
293 1324 375 1399 panis
390 1324 582 1408 sanctificatus
595 1324 626 1383 in
639 1324 748 1393 altario,
763 1335 791 1383 et
804 1343 862 1383 uon
877 1321 1053 1400 respondens
1067 1322 1158 1398 figura
1173 1316 1297 1399 (antity-

95 1418 188 1495 port).
231 1420 300 1477 Non
314 1420 392 1480 enim
407 1420 499 1479 dixit:
523 1421 589 1480 Hoc
600 1431 644 1480 est
663 1423 754 1500 figura
769 1420 962 1501 (antitypon),
977 1419 1048 1478 sed:
1070 1417 1125 1476 hoc
1138 1429 1181 1474 est
1194 1432 1297 1491 corpus

106 1533 216 1575 meum.
257 1517 397 1577 Ineffabili
412 1520 489 1577 enirn
511 1521 675 1596 operatione
689 1520 913 1588 transformatur,
928 1519 1014 1576 etiam
1034 1517 1061 1574 si
1074 1515 1156 1575 uobis
1172 1512 1299 1572 rideatur
1393 1544 1396 1549 ·

104 1615 224 1690 panis.”
265 1617 390 1677 lterum:
412 1618 483 1691 ὁγὰρ
493 1616 627 1682 ἀντίτυπος
637 1621 669 1674 rai
679 1622 781 1680 smmi
797 1617 908 1688 adponi,
924 1621 976 1683 ἐςιν
995 1622 1009 1670 o
1025 1631 1104 1686 apro,-
1129 1611 1183 1668 ἄνι’
1194 1616 1227 1676 trs
1238 1611 1297 1667 dori

99 1714 179 1768 {eicco
189 1714 371 1783 pernumerem
388 1721 417 1772 ri>
430 1721 498 1787 σῶμα
508 1718 539 1773 ri
556 1718 660 1787 Χριςιῖ.4
687 1727 706 1756 “
721 1718 790 1776 Non
805 1717 882 1775 enim
898 1718 988 1795 figura
1001 1726 1030 1774 et
1042 1715 1188 1792 exemplar
1210 1712 1298 1787 quod·

101 1813 169 1872 dam
184 1814 330 1874 Dominici
344 1816 471 1893 corporis
493 1816 576 1893 panis
588 1825 632 1873 est
645 1834 652 1884 ;
674 1815 726 1874 sed
741 1816 771 1874 in
785 1815 867 1875 illum
888 1816 982 1892 ipsum
1004 1813 1177 1872 convertitur
1190 1829 1295 1890 corpus

103 1909 250 1969 Christi.’'

143 2012 212 2068 241.
234 2009 283 2068 Ex
297 2010 556 2086 crucesignatorum
570 2009 652 2068 bellis
666 2009 734 2067 fidei
748 2009 913 2068 Graecorum
929 2017 957 2066 et
972 2007 1138 2066 Latinorum
1152 2005 1206 2064 hac
1220 2005 1255 2064 de
1265 2025 1295 2064 re

102 2104 259 2163 concordia
272 2106 370 2178 liquet.
412 2105 550 2165 Immanis
564 2105 713 2165 hominum
728 2104 889 2171 multitudo,
905 2105 940 2163 ad
962 2104 1118 2164 millionem
1132 2104 1214 2162 facile
1235 2121 1297 2179 per·

101 2204 228 2278 tingens,
243 2202 272 2259 in
287 2200 433 2260 Orientem
448 2203 586 2272 transivit,
601 2203 704 2277 quibus
725 2203 857 2263 omnibus
878 2203 960 2261 firma
984 2214 1043 2260 erat
1057 2201 1092 2260 de
1107 2200 1297 2259 transubstan-

102 2299 221 2359 tiatione
246 2298 328 2367 fides,
354 2318 417 2373 quae
442 2318 479 2358 ex
503 2301 610 2359 recenti
635 2300 799 2378 Berengarii
824 2299 1006 2359 damnatione
1032 2300 1123 2375 magis
1149 2299 1295 2356 claruerat.

107 2395 237 2457 Urbibus
251 2396 340 2472 captis
354 2396 521 2472 plerumque
536 2396 689 2474 episcopus
710 2395 828 2454 Latinus
849 2396 1069 2454 constituebatur
1084 2396 1114 2453 in
1129 2392 1297 2453 Occidenta-
1353 2392 1363 2485 'p

81 2552 84 2557 .
104 2492 178 2553 lium
199 2493 358 2561 utilitatem,
379 2493 428 2550 cui
448 2492 597 2566 aliquando
612 2492 769 2551 Orientales
790 2511 854 2550 sese
874 2492 1069 2569 subjiciebant,
1084 2493 1187 2566 quibus
1202 2502 1298 2548 tamen
1359 2490 1364 2533 t

101 2608 183 2666 saepe
195 2609 364 2648 concessum
378 2599 431 2658 est,
443 2598 475 2647 ut
487 2593 625 2667 episcopo
638 2589 733 2648 Groeci
745 2590 813 2648 ritus
825 2590 946 2667 subjecti
957 2600 1112 2648 manerent.
1134 2588 1297 2648 Patriarcha
1361 2578 1369 2665 ἶ

103 2688 316 2756 Antiocheuus,
332 2688 462 2757 Graeous,
477 2697 559 2766 capta
572 2688 693 2756 civitate,
709 2708 726 2745 a
746 2686 855 2745 Latinis
869 2688 900 2745 in
913 2705 967 2745 suo
987 2686 1075 2764 gradu
1090 2697 1134 2745 est
1158 2698 1296 2754 servatus,
1364 2668 1370 2825 j

108 2785 160 2858 qui
175 2799 203 2844 et
217 2787 243 2844 ei
262 2803 326 2843 sese
341 2787 531 2863 subjecerunt.
572 2785 712 2862 Magnum
726 2785 813 2862 igitur
826 2794 885 2842 erat
905 2784 1023 2844 Graecos
1046 2785 1119 2843 inter
1132 2793 1160 2842 et
1179 2783 1296 2843 Latinos

102 2882 308 2940 commercium
324 2883 444 2955 vitaeque
459 2882 590 2949 societas,
606 2890 634 2939 et
647 2869 831 2954 utrorumque
846 2879 1002 2940 doctrinam
1018 2889 1045 2939 et
1058 2880 1145 2939 fidem
1159 2879 1298 2939 noscendi
1343 2830 1367 2983 J

102 2979 236 3036 occasio:
259 2996 312 3035 nec
326 2989 420 3036 tamen
434 2977 469 3036 de
484 2976 540 3035 fide
554 2976 640 3055 hujus
655 2977 786 3055 mysterii
799 2977 857 3034 ulla
870 2977 989 3054 contigit
1002 2976 1178 3054 disceptatio.

144 3079 214 3132 242.
237 3073 396 3157 Occasione
410 3075 583 3143 schismatis,
596 3073 672 3147 quod
687 3073 799 3133 taudem
809 3073 963 3133 conflatum
978 3086 1032 3142 est,
1048 3074 1211 3151 prodierunt
1224 3083 1296 3135 utra-

102 3190 161 3246 que
175 3190 212 3230 ex
226 3185 304 3248 parte
330 3173 444 3249 scripta,
459 3181 487 3229 et
507 3172 642 3230 acerrima
659 3171 737 3247 jacta
756 3180 824 3228 sunt
844 3172 960 3248 probra,
975 3172 1045 3244 quin
1066 3172 1294 3230 transubstantia-

101 3267 189 3326 tionis
204 3266 307 3344 dogma
320 3269 349 3327 in
364 3266 489 3327 medium
504 3265 654 3338 adductum
670 3266 715 3324 sit.
748 3265 870 3342 Scripsit
883 3265 1000 3339 quidem
1012 3265 1041 3322 N
1044 3266 1162 3332 icolaus,
1181 3265 1296 3323 Metho-

102 3363 203 3422 nensis
217 3364 382 3441 episcopm,
397 3362 562 3422 Latinorum
577 3363 789 3421 infensissimus
804 3361 906 3429 hostis,
921 3362 1025 3421 librum
1046 3375 1143 3420 contra
1157 3360 1297 3434 quosdam

102 3460 265 3519 dubitantes
280 3461 316 3519 de
331 3461 385 3519 hoc
400 3460 549 3538 mysterio,
565 3458 642 3533 quod
658 3479 675 3516 a
689 3456 833 3517 nonnullis
849 3458 878 3516 in
893 3457 1010 3516 dubium
1025 3466 1186 3516 revocatum
1201 3469 1298 3515 contra

101 3555 191 3614 fidem
217 3556 360 3634 publicam
383 3556 552 3615 Graecorum
577 3556 642 3614 inde
664 3555 825 3632 colligitur:
856 3553 934 3612 nulla
962 3564 1056 3613 tamen
1081 3565 1158 3612 secta
1183 3553 1297 3612 illorum

102 3651 207 3710 extitit
241 3651 357 3710 Titulus
371 3652 435 3711 libri
449 3655 594 3722 esi—Upis
605 3656 646 3714 adr
656 3648 798 3718 διςάζοντας
807 3650 849 3703 arud
860 3664 974 3720 λεγοντας
983 3653 1024 3704 ὅτι
1035 3651 1048 3704 ὃ
1060 3652 1217 3720 ιέρυργέμενος
1226 3648 1299 3719 ἄρτος

138 3917 150 3982 (
154 3918 181 3983 1)
201 3917 230 3967 In
241 3917 316 3968 Maro.
329 3917 468 3969 comment.
477 3935 499 3969 c
510 3918 578 3969 xxiv.

138 4004 182 4069 (2)
203 4001 235 4053 In
244 4005 332 4056 Matth.
343 4021 432 4056 comm.
442 4022 463 4056 c.
470 4007 538 4056 xxvi.
555 4004 619 4056 Vide
630 4011 655 4055 et
665 4012 795 4056 comment.
811 4004 838 4054 in
854 4003 925 4054 loun.
937 4018 958 4053 c.
968 4001 1000 4053 vi.

138 4090 181 4155 (3)
203 4089 235 4140 Iu
246 4090 317 4141 Mart.
329 4108 417 4157 comm.
435 4108 457 4142 c.
467 4092 536 4141 xxvi.

140 4175 184 4242 (4)
203 4178 298 4228 comm.
312 4177 339 4226 in
351 4177 462 4227 Marcum
473 4193 525 4242 cap.
534 4175 585 4226 xiv.
595 4192 620 4242 p.
631 4176 689 4227 272.
722 4174 830 4242 Gonjioit
841 4174 969 4226 Walchius
979 4173 1047 4224 hunc
1057 4173 1139 4223 locum
1150 4180 1205 4224 unte
1214 4175 1297 4225 oculos

102 4263 220 4314 habuisse
231 4265 441 4326 Melanchtonem,
452 4266 511 4316 dum
521 4265 548 4315 in
560 4267 670 4331 apologie
677 4265 827 4328 Augusteum
839 4265 998 4315 confessionis
1008 4265 1119 4316 scriberet
1131 4265 1298 4331 Theophylac·

101 4359 157 4401 tum
166 4352 289 4418 scripsisse
296 4368 392 4420 ponem
403 4368 455 4403 nou
467 4359 568 4406 tontum
573 4338 692 4422 figuram
704 4352 810 4414 emereri
819 4369 871 4404 uere
881 4352 911 4404 in
927 4369 1027 4406 carnem
1043 4357 1148 4408 mutari.
1168 4356 1258 4407 lntrod.
1266 4357 1296 4406 ad

101 4437 176 4488 libros
188 4439 290 4502 symbol.
302 4437 402 4488 Luther.
414 4441 431 4490 l.
448 4441 463 4490 i.
475 4457 495 4491 c.
512 4440 547 4489 iii.
563 4456 587 4505 p.
600 4442 659 4489 289.
693 4439 793 4489 Frustra
810 4448 891 4490 eutem
908 4441 999 4503 laboret
1016 4442 1143 4494 Walchius
1162 4441 1299 4493 testimonia
1370 4488 1373 4491 .

99 4521 284 4588 Theophylucti
296 4524 326 4574 de
343 4525 632 4575 mutationecccidentali
642 4524 800 4590 interpretari.
1152 4531 1165 4544 '
