2774 5056
384 939 824 1022 TRAOTATUS
872 940 1016 1021 XIV.

157 1227 274 1348 DE
313 1227 739 1352 EXTREMA
771 1227 1228 1351 UNOTIONE.

609 1857 751 1920 CAPUT
771 1858 796 1919 l.

335 2134 394 2187 DE
423 2134 757 2186 SACRAMENTI
784 2133 1057 2190 VERITATE.

133 2366 160 2421 l.
182 2361 333 2422 Extremo
342 2373 457 2421 vocatur
472 2358 577 2422 Unctio
586 2362 635 2421 illa
648 2380 714 2437 quae
728 2362 790 2422 fieri
801 2364 950 2424 consuevit
961 2365 1074 2443 egrotis
1086 2363 1116 2424 in
1127 2363 1226 2423 mortis
1238 2362 1296 2424 dis·

90 2458 211 2517 crimine
234 2459 405 2518 constitutis.
447 2459 522 2518 Earn
549 2468 757 2518 sacramentum
771 2477 836 2519 esse
859 2461 973 2539 negavit
992 2460 1125 2520 audacter
1138 2460 1295 2531 Lutherus,

90 2554 193 2614 Jacobi
207 2556 369 2632 epistolam,
384 2560 414 2616 in
428 2576 485 2631 qua
496 2555 719 2626 commendatur,
734 2559 918 2618 stramineam
929 2577 1005 2629 esse,
1019 2568 1048 2618 et
1061 2558 1202 2636 Apostolo
1215 2576 1296 2636 pror·

90 2670 141 2711 aus
157 2651 314 2730 indignam,
335 2651 491 2712 affirmans.
534 2653 675 2712 “Omitto
695 2653 803 2723 euim,”
819 2655 913 2731 inquit
928 2653 1037 2729 “quod
1057 2654 1132 2714 hanc
1143 2654 1295 2732 epistolam

90 2769 150 2811 uon
164 2769 230 2809 esse
244 2751 376 2829 Apostoli
389 2750 501 2820 Jacobi,
516 2770 570 2811 nec
592 2752 749 2829 apostolico
771 2754 881 2831 Spiritu
902 2753 1017 2832 dignam
1038 2753 1120 2813 multi
1134 2752 1216 2812 raldo
1231 2770 1297 2832 pro·

91 2849 221 2909 habiliter
232 2860 369 2919 asserant,
383 2850 451 2910 licet
465 2849 674 2911 cousuetudine
688 2851 897 2922 authoritatem,
919 2853 1126 2930 cujuscumque
1140 2852 1190 2921 sit,
1203 2852 1297 2913 obtin·

91 2946 174 3007 uerit.
216 2947 329 3007 Tamen
346 2948 373 3006 si
397 2947 484 3006 etiam
498 2958 575 3007 esset
594 2948 740 3026 Apostoli,
753 2948 878 3009 dicerem
898 2968 957 3010 non
976 2949 1061 3009 licere
1075 2949 1223 3027 Apostolis
1241 2967 1295 3008 sua

90 3042 260 3102 authoritate
275 3043 490 3102 Sacramentum
506 3044 671 3103 instituere:
693 3045 749 3104 hoc
760 3047 837 3106 enim
851 3045 887 3105 ad
900 3045 1049 3106 Christum
1062 3047 1156 3106 solum
1169 3046 1294 3124 pertine·

90 3139 187 3199 bat.’'1
227 3139 367 3201 Calvinus
394 3139 483 3198 dicit:
516 3148 535 3177 ‘⁶
549 3140 681 3199 Tertium
701 3142 832 3200 fictitium
859 3152 1067 3202 sacramentum
1095 3154 1141 3201 est
1167 3153 1296 3202 extrema

92 3237 191 3296 unctio
193 3279 328 3297 .....
351 3235 494 3316 Ejusdem
509 3237 626 3296 rationis
651 3247 695 3296 est
715 3238 771 3296 ista
784 3238 891 3307 unctio,
906 3240 988 3316 cujus
1002 3257 1067 3298 esse
1081 3257 1218 3297 manuum
1242 3239 1296 3299 im·

91 3335 268 3413 positionem
292 3353 380 3411 supra
403 3332 686 3393 demonstravimus:
708 3352 812 3413 nempe
840 3333 1009 3394 histrionice
1032 3334 1208 3412 hypocrisis,
1236 3318 1309 3410 qua*

90 3431 161 3489 citra
174 3429 313 3489 rationem
328 3441 357 3489 et
369 3429 433 3488 sine
447 3429 538 3490 fructu
554 3430 709 3508 Apostolos
723 3431 828 3491 referre
839 3430 983 3490 volunt.’'1
1024 3432 1144 3490 Errores
1155 3431 1210 3490 hos
1227 3449 1295 3491 oon·

90 3529 156 3587 fixit
169 3527 322 3588 concilium
338 3526 561 3587 Tridentinum:
583 3529 728 3603 “Siquis
743 3529 857 3597 dixerit,
872 3540 1031 3589 extremam
1044 3529 1210 3588 unctionem
1231 3530 1291 3588 don

91 3642 238 3683 assevero
253 3633 281 3682 et
294 3625 409 3702 proprie
423 3634 631 3684 sacramentum
647 3645 663 3682 a
678 3625 797 3686 Christo
817 3622 945 3686 Domino
966 3636 1064 3685 nostro
1078 3625 1296 3696 institutum-et

92 3741 110 3779 a
123 3721 214 3780 Beato
227 3719 337 3779 Jacobo
351 3720 492 3798 Apostolo
512 3720 734 3798 promulgatum,
749 3720 802 3780 sed
822 3723 906 3795 ritum
928 3731 1037 3781 tautum
1051 3730 1200 3799 acceptum
1215 3741 1233 3780 a
1246 3741 1296 3800 pa·

90 3819 192 3886 tribus,
221 3829 269 3876 aut
298 3818 467 3896 figmentum
496 3817 672 3888 humanum
702 3819 853 3878 anathema
879 3819 949 3878 sit”
991 3819 1056 3879 “Si
1086 3818 1151 3893 quis
1180 3818 1295 3888 dixerit,

89 3935 202 3975 sacram
239 3915 417 3975 infirmorum
440 3915 605 3976 unctionem
641 3935 700 3976 non
733 3917 861 3977 conserte
894 3919 1023 3996 gratiam,
1058 3935 1112 3977 nec
1150 3917 1296 3977 remittere

90 4023 219 4091 peecata,
235 4031 289 4072 nec
305 4012 438 4071 alleviare
452 4013 601 4082 infirmos;
617 4012 670 4072 sed
679 4014 741 4091 jam
753 4032 892 4084 cessasse,
908 4015 990 4089 quasi
1004 4015 1074 4075 olim
1088 4024 1197 4075 tantum
1213 4013 1298 4073 luerit

90 4111 182 4189 gratia
194 4111 383 4180 curationum,
405 4110 556 4169 anathema
579 4110 651 4169 sit.”
692 4121 713 4151 ‘⁸
726 4112 758 4171 si
783 4113 848 4188 quis
869 4112 984 4182 dixerit,
999 4122 1137 4173 extremae
1151 4111 1296 4171 unedonis

90 4210 179 4270 ritum
203 4219 233 4269 et
256 4228 353 4278 usum,
367 4227 454 4283 quem
477 4209 608 4269 observat
631 4210 736 4269 Sancta
750 4210 883 4272 Romana
896 4210 1040 4280 Ecclesia,
1055 4228 1213 4289 repugnare
1228 4227 1295 4289 sen·=

90 4307 189 4366 tentiae
203 4306 286 4367 Beati
299 4307 319 4367 J
320 4306 402 4366 acobi
415 4304 559 4383 Apostoli,
573 4305 697 4381 ideoque
720 4326 786 4367 eum
806 4307 984 4377 mutandum,
1005 4325 1150 4386 posseque
1164 4326 1181 4366 a
1195 4306 1298 4368 Ohris·

92 4405 179 4465 tionis
194 4407 303 4483 absque
333 4413 452 4486 peccato
466 4405 632 4475 contemni3
652 4405 805 4466 anathema
822 4405 893 4468 sit.”
935 4415 955 4445 ‘⁸
965 4407 999 4466 Si
1013 4405 1078 4483 quis
1091 4404 1205 4479 dixerit,
1220 4423 1298 4487 pres·

462 4562 505 4629 (1)
524 4560 556 4612 1..
569 4562 600 4614 de
611 4563 699 4630 ceptis.
711 4564 835 4630 Babylon.

464 4647 507 4715 (2)
526 4644 797 4703 lustramina„
811 4655 850 4703 te.
