<?xml version="1.0" encoding="UTF-8"?>
<!DOCTYPE html PUBLIC "-//W3C//DTD XHTML 1.0 Transitional//EN"
    "http://www.w3.org/TR/xhtml1/DTD/xhtml1-transitional.dtd">
<html xmlns="http://www.w3.org/1999/xhtml" xml:lang="en" lang="en">
 <head>
  <title>
</title>
<meta http-equiv="Content-Type" content="text/html;charset=utf-8" />
  <meta name='ocr-system' content='tesseract 3.04.00' />
  <meta name='ocr-capabilities' content='ocr_page ocr_carea ocr_par ocr_line ocrx_word'/>
</head>
<body>
  <div class='ocr_page' id='page_1' title='image "./theologidogmati03kenrgoog_0315.png"; bbox 0 0 2774 5056; ppageno 0'>
   <div class='ocr_carea' id='block_1_1' title="bbox 141 228 1166 373">
    <p class='ocr_par' dir='ltr' id='par_1_1' title="bbox 141 228 1166 373">
     <span class='ocr_line' id='line_1_1' title="bbox 141 228 1166 373; baseline 0.003 -19"><span class='ocrx_word' id='word_1_1' title='bbox 141 298 200 354; x_wconf 77' lang='lat'><strong>812</strong></span> <span class='ocrx_word' id='word_1_2' title='bbox 256 228 271 268; x_wconf 78' lang='lat' dir='ltr'><strong>t</strong></span> <span class='ocrx_word' id='word_1_3' title='bbox 310 292 367 354; x_wconf 83' lang='lat' dir='ltr'><strong>DE</strong></span> <span class='ocrx_word' id='word_1_4' title='bbox 389 292 640 354; x_wconf 83' lang='lat' dir='ltr'><strong>POTESTATE</strong></span> <span class='ocrx_word' id='word_1_5' title='bbox 662 294 936 356; x_wconf 78' lang='grc' dir='ltr'><strong>ΒΕΜῙΤΤΕΝΠΙ</strong></span> <span class='ocrx_word' id='word_1_6' title='bbox 956 294 1166 373; x_wconf 71' lang='lat' dir='ltr'><strong>Pacorus.</strong></span> 
     </span>
    </p>
   </div>
   <div class='ocr_carea' id='block_1_2' title="bbox 141 452 1351 716">
    <p class='ocr_par' dir='ltr' id='par_1_2' title="bbox 141 452 1351 716">
     <span class='ocr_line' id='line_1_2' title="bbox 142 452 1351 533; baseline 0.005 -23"><span class='ocrx_word' id='word_1_7' title='bbox 142 452 292 511; x_wconf 85' lang='lat' dir='ltr'><strong>verborum</strong></span> <span class='ocrx_word' id='word_1_8' title='bbox 313 452 417 511; x_wconf 84' lang='lat' dir='ltr'><strong>virtuts</strong></span> <span class='ocrx_word' id='word_1_9' title='bbox 437 452 557 527; x_wconf 82' lang='lat' dir='ltr'>quilibet</span> <span class='ocrx_word' id='word_1_10' title='bbox 577 452 724 512; x_wconf 79' lang='lat' dir='ltr'><strong>absolvere</strong></span> <span class='ocrx_word' id='word_1_11' title='bbox 744 454 837 532; x_wconf 86' lang='lat' dir='ltr'><strong>possit</strong></span> <span class='ocrx_word' id='word_1_12' title='bbox 860 468 986 533; x_wconf 84' lang='lat' dir='ltr'><strong>peccata,</strong></span> <span class='ocrx_word' id='word_1_13' title='bbox 1010 455 1125 533; x_wconf 91' lang='lat' dir='ltr'><strong>publica</strong></span> <span class='ocrx_word' id='word_1_14' title='bbox 1150 453 1275 530; x_wconf 90' lang='lat' dir='ltr'><strong>quidem</strong></span> <span class='ocrx_word' id='word_1_15' title='bbox 1297 474 1351 533; x_wconf 88' lang='lat' dir='ltr'><strong>per</strong></span> 
     </span>
     <span class='ocr_line' id='line_1_3' title="bbox 141 548 1349 632; baseline 0.004 -24"><span class='ocrx_word' id='word_1_16' title='bbox 141 550 349 626; x_wconf 87' lang='lat' dir='ltr'><strong>correptionem</strong></span> <span class='ocrx_word' id='word_1_17' title='bbox 363 548 519 618; x_wconf 84' lang='lat' dir='ltr'><strong>dumtaxat,</strong></span> <span class='ocrx_word' id='word_1_18' title='bbox 534 551 560 608; x_wconf 86' lang='lat' dir='ltr'><strong>si</strong></span> <span class='ocrx_word' id='word_1_19' title='bbox 573 562 720 628; x_wconf 86' lang='lat' dir='ltr'><strong>correptus</strong></span> <span class='ocrx_word' id='word_1_20' title='bbox 735 552 918 626; x_wconf 80' lang='lat' dir='ltr'>acquieverit,</span> <span class='ocrx_word' id='word_1_21' title='bbox 933 563 1042 612; x_wconf 91' lang='lat' dir='ltr'><strong>secreta</strong></span> <span class='ocrx_word' id='word_1_22' title='bbox 1062 552 1132 612; x_wconf 83' lang='lat' dir='ltr'><strong>verb</strong></span> <span class='ocrx_word' id='word_1_23' title='bbox 1158 571 1213 632; x_wconf 91' lang='lat' dir='ltr'><strong>per</strong></span> <span class='ocrx_word' id='word_1_24' title='bbox 1228 563 1349 631; x_wconf 89' lang='lat' dir='ltr'><strong>sponta-</strong></span> 
     </span>
     <span class='ocr_line' id='line_1_4' title="bbox 141 645 738 716; baseline 0.002 -11"><span class='ocrx_word' id='word_1_25' title='bbox 141 663 224 706; x_wconf 87' lang='lat' dir='ltr'><strong>neam</strong></span> <span class='ocrx_word' id='word_1_26' title='bbox 238 645 469 716; x_wconf 71' lang='lat' dir='ltr'><strong>consessionem</strong></span> <span class='ocrx_word' id='word_1_27' title='bbox 490 647 640 706; x_wconf 87' lang='lat' dir='ltr'><strong>anathema</strong></span> <span class='ocrx_word' id='word_1_28' title='bbox 654 647 738 706; x_wconf 85' lang='lat' dir='ltr'><strong>sit.”¹</strong></span> 
     </span>
    </p>
   </div>
   <div class='ocr_carea' id='block_1_3' title="bbox 650 841 835 884">
    <p class='ocr_par' dir='ltr' id='par_1_3' title="bbox 650 841 835 884">
     <span class='ocr_line' id='line_1_5' title="bbox 650 841 835 884; baseline 0.005 -1"><span class='ocrx_word' id='word_1_29' title='bbox 650 841 835 884; x_wconf 73' lang='lat' dir='ltr'><strong>PROPOSI&#39;HO.</strong></span> 
     </span>
    </p>
   </div>
   <div class='ocr_carea' id='block_1_4' title="bbox 141 979 1351 1233">
    <p class='ocr_par' dir='ltr' id='par_1_4' title="bbox 141 979 1351 1233">
     <span class='ocr_line' id='line_1_6' title="bbox 183 979 1348 1063; baseline 0.005 -22"><span class='ocrx_word' id='word_1_30' title='bbox 183 981 326 1044; x_wconf 82' lang='lat' dir='ltr'><strong>Concessa</strong></span> <span class='ocrx_word' id='word_1_31' title='bbox 339 987 382 1040; x_wconf 84' lang='lat' dir='ltr'><strong>est</strong></span> <span class='ocrx_word' id='word_1_32' title='bbox 395 1001 414 1041; x_wconf 88' lang='lat' dir='ltr'><strong>o</strong></span> <span class='ocrx_word' id='word_1_33' title='bbox 431 980 549 1040; x_wconf 77' lang='lat' dir='ltr'><strong>Christo</strong></span> <span class='ocrx_word' id='word_1_34' title='bbox 564 979 695 1041; x_wconf 86' lang='lat' dir='ltr'><strong>Domino</strong></span> <span class='ocrx_word' id='word_1_35' title='bbox 708 979 871 1061; x_wconf 71' lang='lat' dir='ltr'><strong>Apostolis,</strong></span> <span class='ocrx_word' id='word_1_36' title='bbox 886 989 914 1042; x_wconf 87' lang='lat' dir='ltr'><strong>et</strong></span> <span class='ocrx_word' id='word_1_37' title='bbox 922 1001 976 1060; x_wconf 88' lang='lat' dir='ltr'><strong>per</strong></span> <span class='ocrx_word' id='word_1_38' title='bbox 985 1001 1033 1043; x_wconf 84' lang='lat' dir='ltr'><strong>eos</strong></span> <span class='ocrx_word' id='word_1_39' title='bbox 1046 983 1087 1044; x_wconf 79' lang='lat' dir='ltr'><strong>iis</strong></span> <span class='ocrx_word' id='word_1_40' title='bbox 1101 983 1156 1063; x_wconf 81' lang='lat' dir='ltr'><strong>qui</strong></span> <span class='ocrx_word' id='word_1_41' title='bbox 1168 983 1348 1047; x_wconf 80' lang='lat' dir='ltr'><strong>ministerio</strong></span> 
     </span>
     <span class='ocr_line' id='line_1_7' title="bbox 141 1077 1351 1159; baseline 0.006 -22"><span class='ocrx_word' id='word_1_42' title='bbox 141 1077 317 1139; x_wconf 81' lang='lat' dir='ltr'><strong>sacerdotali</strong></span> <span class='ocrx_word' id='word_1_43' title='bbox 333 1077 526 1159; x_wconf 80' lang='lat' dir='ltr'><strong>funguntur,</strong></span> <span class='ocrx_word' id='word_1_44' title='bbox 542 1084 675 1156; x_wconf 83' lang='lat' dir='ltr'><strong>potestus</strong></span> <span class='ocrx_word' id='word_1_45' title='bbox 701 1095 769 1138; x_wconf 82' lang='lat' dir='ltr'><strong>uere</strong></span> <span class='ocrx_word' id='word_1_46' title='bbox 786 1077 948 1158; x_wconf 69' lang='lat' dir='ltr'><strong><em>judicialia</em></strong></span> <span class='ocrx_word' id='word_1_47' title='bbox 968 1078 1003 1139; x_wconf 84' lang='lat' dir='ltr'><strong>in</strong></span> <span class='ocrx_word' id='word_1_48' title='bbox 1023 1087 1220 1158; x_wconf 83' lang='lat' dir='ltr'><strong>peccatorum</strong></span> <span class='ocrx_word' id='word_1_49' title='bbox 1240 1083 1351 1144; x_wconf 86' lang='lat' dir='ltr'><strong>remis·</strong></span> 
     </span>
     <span class='ocr_line' id='line_1_8' title="bbox 141 1190 237 1233; baseline 0 -1"><span class='ocrx_word' id='word_1_50' title='bbox 141 1190 237 1233; x_wconf 83' lang='lat' dir='ltr'><strong>saone.</strong></span> 
     </span>
    </p>
   </div>
   <div class='ocr_carea' id='block_1_5' title="bbox 141 1267 1381 4374">
    <p class='ocr_par' dir='ltr' id='par_1_5' title="bbox 180 1267 613 1350">
     <span class='ocr_line' id='line_1_9' title="bbox 180 1267 613 1350; baseline 0 -20"><span class='ocrx_word' id='word_1_51' title='bbox 180 1269 333 1331; x_wconf 80' lang='lat' dir='ltr'><strong><em>Probatur</em></strong></span> <span class='ocrx_word' id='word_1_52' title='bbox 346 1267 373 1330; x_wconf 91' lang='lat' dir='ltr'><strong>I.</strong></span> <span class='ocrx_word' id='word_1_53' title='bbox 388 1289 425 1330; x_wconf 79' lang='lat' dir='ltr'><strong>es</strong></span> <span class='ocrx_word' id='word_1_54' title='bbox 439 1267 613 1350; x_wconf 81' lang='lat' dir='ltr'><strong>Scriptnrir.</strong></span> 
     </span>
    </p>

    <p class='ocr_par' dir='ltr' id='par_1_6' title="bbox 141 1367 1352 2508">
     <span class='ocr_line' id='line_1_10' title="bbox 180 1367 1352 1450; baseline 0.005 -21"><span class='ocrx_word' id='word_1_55' title='bbox 180 1373 210 1429; x_wconf 85' lang='lat'><strong>8.</strong></span> <span class='ocrx_word' id='word_1_56' title='bbox 232 1369 319 1429; x_wconf 89' lang='lat' dir='ltr'><strong>Petro</strong></span> <span class='ocrx_word' id='word_1_57' title='bbox 332 1368 467 1446; x_wconf 79' lang='lat' dir='ltr'><strong>promisit</strong></span> <span class='ocrx_word' id='word_1_58' title='bbox 481 1367 616 1428; x_wconf 84' lang='lat' dir='ltr'><strong>Christus</strong></span> <span class='ocrx_word' id='word_1_59' title='bbox 630 1368 724 1428; x_wconf 86' lang='lat' dir='ltr'><strong>clares</strong></span> <span class='ocrx_word' id='word_1_60' title='bbox 739 1370 819 1447; x_wconf 89' lang='lat' dir='ltr'><strong>regni</strong></span> <span class='ocrx_word' id='word_1_61' title='bbox 833 1369 982 1439; x_wconf 74' lang='lat' dir='ltr'><strong>caelorum,</strong></span> <span class='ocrx_word' id='word_1_62' title='bbox 1003 1381 1032 1430; x_wconf 89' lang='lat' dir='ltr'><strong>at</strong></span> <span class='ocrx_word' id='word_1_63' title='bbox 1045 1371 1154 1450; x_wconf 89' lang='lat' dir='ltr'><strong>ligandi</strong></span> <span class='ocrx_word' id='word_1_64' title='bbox 1168 1383 1199 1432; x_wconf 90' lang='lat' dir='ltr'><strong>et</strong></span> <span class='ocrx_word' id='word_1_65' title='bbox 1210 1373 1352 1435; x_wconf 87' lang='lat' dir='ltr'><strong>solvendi</strong></span> 
     </span>
     <span class='ocr_line' id='line_1_11' title="bbox 142 1466 1352 1545; baseline 0.005 -19"><span class='ocrx_word' id='word_1_66' title='bbox 142 1477 324 1545; x_wconf 89' lang='lat' dir='ltr'><strong>potestatem,</strong></span> <span class='ocrx_word' id='word_1_67' title='bbox 339 1467 423 1544; x_wconf 88' lang='lat' dir='ltr'><strong>cujus</strong></span> <span class='ocrx_word' id='word_1_68' title='bbox 438 1467 605 1526; x_wconf 82' lang='lat' dir='ltr'><strong>exercitium</strong></span> <span class='ocrx_word' id='word_1_69' title='bbox 618 1477 709 1526; x_wconf 91' lang='lat' dir='ltr'><strong>ratum</strong></span> <span class='ocrx_word' id='word_1_70' title='bbox 723 1466 913 1526; x_wconf 89' lang='lat' dir='ltr'><strong>habereturin</strong></span> <span class='ocrx_word' id='word_1_71' title='bbox 925 1468 1016 1528; x_wconf 83' lang='lat' dir='ltr'><strong>coelis.</strong></span> <span class='ocrx_word' id='word_1_72' title='bbox 1047 1469 1147 1529; x_wconf 83' lang='lat' dir='ltr'><strong>“Tibi</strong></span> <span class='ocrx_word' id='word_1_73' title='bbox 1163 1469 1239 1531; x_wconf 89' lang='lat' dir='ltr'><strong>dabo</strong></span> <span class='ocrx_word' id='word_1_74' title='bbox 1253 1472 1352 1533; x_wconf 85' lang='lat' dir='ltr'><strong>claves</strong></span> 
     </span>
     <span class='ocr_line' id='line_1_12' title="bbox 141 1563 1349 1646; baseline 0.005 -21"><span class='ocrx_word' id='word_1_75' title='bbox 141 1566 222 1644; x_wconf 88' lang='lat' dir='ltr'><strong>regni</strong></span> <span class='ocrx_word' id='word_1_76' title='bbox 235 1563 416 1623; x_wconf 80' lang='lat' dir='ltr'><strong>coelorum.”¹</strong></span> <span class='ocrx_word' id='word_1_77' title='bbox 456 1564 626 1640; x_wconf 88' lang='lat' dir='ltr'><strong>Metaphora</strong></span> <span class='ocrx_word' id='word_1_78' title='bbox 640 1565 701 1623; x_wconf 82' lang='lat' dir='ltr'><strong>lraec</strong></span> <span class='ocrx_word' id='word_1_79' title='bbox 716 1576 888 1642; x_wconf 85' lang='lat' dir='ltr'><strong>potestatem</strong></span> <span class='ocrx_word' id='word_1_80' title='bbox 905 1566 1054 1644; x_wconf 83' lang='lat' dir='ltr'><strong>aperiendi</strong></span> <span class='ocrx_word' id='word_1_81' title='bbox 1068 1567 1135 1626; x_wconf 83' lang='lat' dir='ltr'><strong>coeli</strong></span> <span class='ocrx_word' id='word_1_82' title='bbox 1145 1571 1268 1646; x_wconf 75' lang='lat' dir='ltr'><strong>Januas,</strong></span> <span class='ocrx_word' id='word_1_83' title='bbox 1283 1589 1349 1646; x_wconf 76' lang='lat' dir='ltr'><strong>qum</strong></span> 
     </span>
     <span class='ocr_line' id='line_1_13' title="bbox 142 1661 1348 1746; baseline 0.004 -24"><span class='ocrx_word' id='word_1_84' title='bbox 142 1663 277 1722; x_wconf 88' lang='lat' dir='ltr'><strong>adversus</strong></span> <span class='ocrx_word' id='word_1_85' title='bbox 293 1673 483 1740; x_wconf 81' lang='lat' dir='ltr'><strong>&#39;peccatorem</strong></span> <span class='ocrx_word' id='word_1_86' title='bbox 507 1661 611 1721; x_wconf 82' lang='lat' dir='ltr'><strong>clausae</strong></span> <span class='ocrx_word' id='word_1_87' title='bbox 636 1674 711 1730; x_wconf 91' lang='lat' dir='ltr'><strong>sunt,</strong></span> <span class='ocrx_word' id='word_1_88' title='bbox 733 1664 871 1733; x_wconf 90' lang='lat' dir='ltr'><strong>enuntiat,</strong></span> <span class='ocrx_word' id='word_1_89' title='bbox 892 1663 1016 1740; x_wconf 83' lang='lat' dir='ltr'><strong>ideoque</strong></span> <span class='ocrx_word' id='word_1_90' title='bbox 1036 1665 1200 1726; x_wconf 87' lang='lat' dir='ltr'><strong>dimittendi</strong></span> <span class='ocrx_word' id='word_1_91' title='bbox 1225 1680 1348 1746; x_wconf 84' lang='lat' dir='ltr'><strong>peccata</strong></span> 
     </span>
     <span class='ocr_line' id='line_1_14' title="bbox 142 1759 1346 1842; baseline 0.007 -23"><span class='ocrx_word' id='word_1_92' title='bbox 142 1759 314 1829; x_wconf 75' lang='lat' dir='ltr'><strong>facultatem,</strong></span> <span class='ocrx_word' id='word_1_93' title='bbox 329 1770 361 1819; x_wconf 96' lang='lat' dir='ltr'><strong>ut</strong></span> <span class='ocrx_word' id='word_1_94' title='bbox 381 1772 520 1838; x_wconf 88' lang='lat' dir='ltr'><strong>peccator,</strong></span> <span class='ocrx_word' id='word_1_95' title='bbox 543 1762 679 1839; x_wconf 87' lang='lat' dir='ltr'><strong>repagulo</strong></span> <span class='ocrx_word' id='word_1_96' title='bbox 700 1761 803 1831; x_wconf 89' lang='lat' dir='ltr'><strong>ablato,</strong></span> <span class='ocrx_word' id='word_1_97' title='bbox 824 1763 913 1822; x_wconf 82' lang='lat' dir='ltr'><strong>coelos</strong></span> <span class='ocrx_word' id='word_1_98' title='bbox 934 1764 1027 1841; x_wconf 79' lang='lat' dir='ltr'><strong>possit</strong></span> <span class='ocrx_word' id='word_1_99' title='bbox 1046 1763 1170 1842; x_wconf 83' lang='lat' dir='ltr'><strong>ingredi.</strong></span> <span class='ocrx_word' id='word_1_100' title='bbox 1213 1765 1289 1835; x_wconf 78' lang='lat' dir='ltr'><strong>Qua</strong></span> <span class='ocrx_word' id='word_1_101' title='bbox 1309 1767 1346 1827; x_wconf 90' lang='lat' dir='ltr'><strong>de</strong></span> 
     </span>
     <span class='ocr_line' id='line_1_15' title="bbox 141 1855 1346 1941; baseline 0.008 -27"><span class='ocrx_word' id='word_1_102' title='bbox 141 1855 248 1934; x_wconf 89' lang='lat' dir='ltr'><strong>ligandi</strong></span> <span class='ocrx_word' id='word_1_103' title='bbox 263 1869 292 1915; x_wconf 88' lang='lat' dir='ltr'><strong>et</strong></span> <span class='ocrx_word' id='word_1_104' title='bbox 304 1855 434 1916; x_wconf 86' lang='lat' dir='ltr'><strong>solvendi</strong></span> <span class='ocrx_word' id='word_1_105' title='bbox 456 1857 618 1915; x_wconf 90' lang='lat' dir='ltr'><strong>auctoritate</strong></span> <span class='ocrx_word' id='word_1_106' title='bbox 633 1858 791 1935; x_wconf 83' lang='lat' dir='ltr'><strong>subjunxit,</strong></span> <span class='ocrx_word' id='word_1_107' title='bbox 814 1857 844 1916; x_wconf 91' lang='lat' dir='ltr'><strong>id</strong></span> <span class='ocrx_word' id='word_1_108' title='bbox 864 1857 949 1936; x_wconf 90' lang='lat' dir='ltr'><strong>plane</strong></span> <span class='ocrx_word' id='word_1_109' title='bbox 970 1860 1150 1920; x_wconf 83' lang='lat' dir='ltr'><strong>confirmant.</strong></span> <span class='ocrx_word' id='word_1_110' title='bbox 1193 1864 1346 1941; x_wconf 77' lang='lat' dir='ltr'><strong>Apostolis</strong></span> 
     </span>
     <span class='ocr_line' id='line_1_16' title="bbox 142 1951 1346 2033; baseline 0.007 -20"><span class='ocrx_word' id='word_1_111' title='bbox 142 1954 276 2013; x_wconf 91' lang='lat' dir='ltr'><strong>omnibus</strong></span> <span class='ocrx_word' id='word_1_112' title='bbox 290 1951 395 2033; x_wconf 88' lang='lat' dir='ltr'><strong>ligandi</strong></span> <span class='ocrx_word' id='word_1_113' title='bbox 410 1962 439 2011; x_wconf 92' lang='lat' dir='ltr'><strong>st</strong></span> <span class='ocrx_word' id='word_1_114' title='bbox 453 1952 584 2012; x_wconf 86' lang='lat' dir='ltr'><strong>solvendi</strong></span> <span class='ocrx_word' id='word_1_115' title='bbox 597 1964 765 2031; x_wconf 89' lang='lat' dir='ltr'><strong>potestatem</strong></span> <span class='ocrx_word' id='word_1_116' title='bbox 781 1954 867 2013; x_wconf 89' lang='lat' dir='ltr'><strong>etiam</strong></span> <span class='ocrx_word' id='word_1_117' title='bbox 889 1954 1033 2033; x_wconf 89' lang='lat' dir='ltr'><strong>pollicitus</strong></span> <span class='ocrx_word' id='word_1_118' title='bbox 1048 1967 1113 2015; x_wconf 83' lang='lat' dir='ltr'><strong>est:</strong></span> <span class='ocrx_word' id='word_1_119' title='bbox 1137 1966 1159 1995; x_wconf 80' lang='lat'><strong>‘⁴</strong></span> <span class='ocrx_word' id='word_1_120' title='bbox 1170 1960 1268 2020; x_wconf 83' lang='lat' dir='ltr'><strong>Arnen</strong></span> <span class='ocrx_word' id='word_1_121' title='bbox 1281 1959 1346 2020; x_wconf 89' lang='lat' dir='ltr'><strong>dico</strong></span> 
     </span>
     <span class='ocr_line' id='line_1_17' title="bbox 142 2049 1345 2130; baseline 0.004 -21"><span class='ocrx_word' id='word_1_122' title='bbox 142 2052 244 2110; x_wconf 78' lang='lat' dir='ltr'><strong>vobis:</strong></span> <span class='ocrx_word' id='word_1_123' title='bbox 266 2068 454 2126; x_wconf 73' lang='lat' dir='ltr'><strong>quecumque</strong></span> <span class='ocrx_word' id='word_1_124' title='bbox 469 2049 651 2127; x_wconf 79' lang='lat' dir='ltr'><strong>alligaveritis</strong></span> <span class='ocrx_word' id='word_1_125' title='bbox 665 2068 752 2127; x_wconf 86' lang='lat' dir='ltr'><strong>super</strong></span> <span class='ocrx_word' id='word_1_126' title='bbox 766 2060 880 2121; x_wconf 87' lang='lat' dir='ltr'><strong>terram,</strong></span> <span class='ocrx_word' id='word_1_127' title='bbox 894 2061 979 2110; x_wconf 89' lang='lat' dir='ltr'><strong>erunt</strong></span> <span class='ocrx_word' id='word_1_128' title='bbox 990 2052 1076 2130; x_wconf 90' lang='lat' dir='ltr'><strong>ligata</strong></span> <span class='ocrx_word' id='word_1_129' title='bbox 1096 2063 1125 2112; x_wconf 92' lang='lat' dir='ltr'><strong>et</strong></span> <span class='ocrx_word' id='word_1_130' title='bbox 1149 2054 1181 2115; x_wconf 91' lang='lat' dir='ltr'><strong>in</strong></span> <span class='ocrx_word' id='word_1_131' title='bbox 1201 2055 1296 2116; x_wconf 83' lang='lat' dir='ltr'><strong>coslo:</strong></span> <span class='ocrx_word' id='word_1_132' title='bbox 1317 2066 1345 2115; x_wconf 89' lang='lat' dir='ltr'><strong>et</strong></span> 
     </span>
     <span class='ocr_line' id='line_1_18' title="bbox 142 2144 1342 2231; baseline 0.006 -25"><span class='ocrx_word' id='word_1_133' title='bbox 142 2166 331 2223; x_wconf 77' lang='lat' dir='ltr'><strong>quecumque</strong></span> <span class='ocrx_word' id='word_1_134' title='bbox 352 2144 493 2206; x_wconf 84' lang='lat' dir='ltr'><strong>solveritis</strong></span> <span class='ocrx_word' id='word_1_135' title='bbox 508 2165 594 2224; x_wconf 90' lang='lat' dir='ltr'><strong>super</strong></span> <span class='ocrx_word' id='word_1_136' title='bbox 608 2156 721 2215; x_wconf 89' lang='lat' dir='ltr'><strong>terram,</strong></span> <span class='ocrx_word' id='word_1_137' title='bbox 736 2158 819 2206; x_wconf 90' lang='lat' dir='ltr'><strong>erunt</strong></span> <span class='ocrx_word' id='word_1_138' title='bbox 832 2147 925 2206; x_wconf 86' lang='lat' dir='ltr'><strong>soluta</strong></span> <span class='ocrx_word' id='word_1_139' title='bbox 939 2160 968 2207; x_wconf 90' lang='lat' dir='ltr'><strong>et</strong></span> <span class='ocrx_word' id='word_1_140' title='bbox 980 2149 1010 2209; x_wconf 93' lang='lat' dir='ltr'><strong>in</strong></span> <span class='ocrx_word' id='word_1_141' title='bbox 1022 2150 1143 2209; x_wconf 85' lang='lat' dir='ltr'><strong>coelo.”⁸</strong></span> <span class='ocrx_word' id='word_1_142' title='bbox 1182 2153 1342 2231; x_wconf 76' lang='lat' dir='ltr'><strong>Aptissima</strong></span> 
     </span>
     <span class='ocr_line' id='line_1_19' title="bbox 142 2244 1341 2327; baseline 0.003 -21"><span class='ocrx_word' id='word_1_143' title='bbox 142 2247 237 2325; x_wconf 82' lang='lat' dir='ltr'><strong>imago</strong></span> <span class='ocrx_word' id='word_1_144' title='bbox 251 2255 430 2323; x_wconf 89' lang='lat' dir='ltr'><strong>peccatorum</strong></span> <span class='ocrx_word' id='word_1_145' title='bbox 445 2245 475 2303; x_wconf 90' lang='lat' dir='ltr'><strong>in</strong></span> <span class='ocrx_word' id='word_1_146' title='bbox 490 2244 611 2303; x_wconf 83' lang='lat' dir='ltr'><strong>vinculis</strong></span> <span class='ocrx_word' id='word_1_147' title='bbox 636 2244 764 2312; x_wconf 90' lang='lat' dir='ltr'><strong>habetur,</strong></span> <span class='ocrx_word' id='word_1_148' title='bbox 786 2245 911 2322; x_wconf 88' lang='lat' dir='ltr'><strong>peccatis</strong></span> <span class='ocrx_word' id='word_1_149' title='bbox 925 2247 1003 2305; x_wconf 88' lang='lat' dir='ltr'><strong>anim</strong></span> <span class='ocrx_word' id='word_1_150' title='bbox 1026 2249 1157 2327; x_wconf 85' lang='lat' dir='ltr'><strong>captivus</strong></span> <span class='ocrx_word' id='word_1_151' title='bbox 1184 2252 1252 2325; x_wconf 92' lang='lat' dir='ltr'><strong>quis</strong></span> <span class='ocrx_word' id='word_1_152' title='bbox 1273 2252 1341 2311; x_wconf 89' lang='lat' dir='ltr'><strong>litet</strong></span> 
     </span>
     <span class='ocr_line' id='line_1_20' title="bbox 143 2343 1338 2433; baseline 0.008 -31"><span class='ocrx_word' id='word_1_153' title='bbox 143 2364 259 2405; x_wconf 88' lang='lat' dir='ltr'><strong>servus:</strong></span> <span class='ocrx_word' id='word_1_154' title='bbox 275 2344 379 2433; x_wconf 86' lang='lat' dir='ltr'><strong>solutio</strong></span> <span class='ocrx_word' id='word_1_155' title='bbox 394 2362 462 2420; x_wconf 86' lang='lat' dir='ltr'><strong>ergo</strong></span> <span class='ocrx_word' id='word_1_156' title='bbox 474 2343 650 2402; x_wconf 87' lang='lat' dir='ltr'><strong>vinculorum</strong></span> <span class='ocrx_word' id='word_1_157' title='bbox 665 2353 709 2402; x_wconf 90' lang='lat' dir='ltr'><strong>est</strong></span> <span class='ocrx_word' id='word_1_158' title='bbox 723 2353 905 2421; x_wconf 89' lang='lat' dir='ltr'><strong>peccatorum</strong></span> <span class='ocrx_word' id='word_1_159' title='bbox 918 2344 1105 2424; x_wconf 90' lang='lat' dir='ltr'><strong>indulgentia,</strong></span> <span class='ocrx_word' id='word_1_160' title='bbox 1120 2367 1186 2424; x_wconf 84' lang='lat' dir='ltr'><strong>quae</strong></span> <span class='ocrx_word' id='word_1_161' title='bbox 1200 2351 1238 2410; x_wconf 87' lang='lat' dir='ltr'><strong>ab</strong></span> <span class='ocrx_word' id='word_1_162' title='bbox 1252 2350 1338 2431; x_wconf 80' lang='lat' dir='ltr'><strong>Apos-</strong></span> 
     </span>
     <span class='ocr_line' id='line_1_21' title="bbox 142 2440 984 2508; baseline -0.007 -6"><span class='ocrx_word' id='word_1_163' title='bbox 142 2442 209 2502; x_wconf 87' lang='lat' dir='ltr'><strong>tulis</strong></span> <span class='ocrx_word' id='word_1_164' title='bbox 222 2461 360 2502; x_wconf 87' lang='lat' dir='ltr'><strong>concessa</strong></span> <span class='ocrx_word' id='word_1_165' title='bbox 372 2443 401 2501; x_wconf 93' lang='lat' dir='ltr'><strong>in</strong></span> <span class='ocrx_word' id='word_1_166' title='bbox 415 2441 489 2501; x_wconf 89' lang='lat' dir='ltr'><strong>coelo</strong></span> <span class='ocrx_word' id='word_1_167' title='bbox 502 2453 561 2500; x_wconf 84' lang='lat' dir='ltr'><strong>rata</strong></span> <span class='ocrx_word' id='word_1_168' title='bbox 575 2440 702 2500; x_wconf 90' lang='lat' dir='ltr'><strong>habetur.</strong></span> <span class='ocrx_word' id='word_1_169' title='bbox 981 2502 984 2508; x_wconf 56' lang='grc'><strong>,</strong></span> 
     </span>
    </p>

    <p class='ocr_par' dir='ltr' id='par_1_7' title="bbox 141 2538 1381 4374">
     <span class='ocr_line' id='line_1_22' title="bbox 183 2538 1331 2618; baseline 0.003 -20"><span class='ocrx_word' id='word_1_170' title='bbox 183 2545 212 2598; x_wconf 87' lang='grc'><strong>9.</strong></span> <span class='ocrx_word' id='word_1_171' title='bbox 234 2540 425 2601; x_wconf 86' lang='lat' dir='ltr'><strong>Promissioni</strong></span> <span class='ocrx_word' id='word_1_172' title='bbox 439 2538 593 2616; x_wconf 86' lang='lat' dir='ltr'><strong>respondet</strong></span> <span class='ocrx_word' id='word_1_173' title='bbox 604 2553 731 2607; x_wconf 89' lang='lat' dir='ltr'><strong>eventus,</strong></span> <span class='ocrx_word' id='word_1_174' title='bbox 744 2559 810 2599; x_wconf 93' lang='lat' dir='ltr'><strong>nam</strong></span> <span class='ocrx_word' id='word_1_175' title='bbox 825 2541 973 2618; x_wconf 84' lang='lat' dir='ltr'><strong>Apostolis</strong></span> <span class='ocrx_word' id='word_1_176' title='bbox 985 2542 1120 2601; x_wconf 86' lang='lat' dir='ltr'><strong>Christus</strong></span> <span class='ocrx_word' id='word_1_177' title='bbox 1136 2563 1169 2602; x_wconf 89' lang='lat' dir='ltr'><strong>se</strong></span> <span class='ocrx_word' id='word_1_178' title='bbox 1184 2544 1331 2604; x_wconf 87' lang='lat' dir='ltr'><strong>redivivum</strong></span> 
     </span>
     <span class='ocr_line' id='line_1_23' title="bbox 142 2636 1330 2714; baseline 0 -18"><span class='ocrx_word' id='word_1_179' title='bbox 142 2639 282 2706; x_wconf 89' lang='lat' dir='ltr'><strong>exhibuit,</strong></span> <span class='ocrx_word' id='word_1_180' title='bbox 304 2650 332 2695; x_wconf 94' lang='lat' dir='ltr'><strong>et</strong></span> <span class='ocrx_word' id='word_1_181' title='bbox 352 2648 502 2714; x_wconf 89' lang='lat' dir='ltr'><strong>postquam</strong></span> <span class='ocrx_word' id='word_1_182' title='bbox 535 2636 631 2712; x_wconf 87' lang='lat' dir='ltr'><strong>plagas</strong></span> <span class='ocrx_word' id='word_1_183' title='bbox 647 2655 717 2708; x_wconf 89' lang='lat' dir='ltr'><strong>quas</strong></span> <span class='ocrx_word' id='word_1_184' title='bbox 740 2650 886 2713; x_wconf 87' lang='lat' dir='ltr'><strong>acceperat</strong></span> <span class='ocrx_word' id='word_1_185' title='bbox 907 2639 1078 2708; x_wconf 83' lang='lat' dir='ltr'><strong>ostenderat,</strong></span> <span class='ocrx_word' id='word_1_186' title='bbox 1107 2640 1203 2700; x_wconf 84' lang='lat' dir='ltr'><strong>dixit:</strong></span> <span class='ocrx_word' id='word_1_187' title='bbox 1228 2649 1248 2680; x_wconf 88' lang='lat'>“</span> <span class='ocrx_word' id='word_1_188' title='bbox 1261 2645 1330 2700; x_wconf 85' lang='lat' dir='ltr'><strong>Sicut</strong></span> 
     </span>
     <span class='ocr_line' id='line_1_24' title="bbox 143 2734 1331 2809; baseline -0.001 -15"><span class='ocrx_word' id='word_1_189' title='bbox 143 2737 221 2794; x_wconf 87' lang='lat' dir='ltr'><strong>misit</strong></span> <span class='ocrx_word' id='word_1_190' title='bbox 236 2754 281 2793; x_wconf 89' lang='lat' dir='ltr'><strong>me</strong></span> <span class='ocrx_word' id='word_1_191' title='bbox 297 2737 391 2801; x_wconf 90' lang='lat' dir='ltr'><strong>Pater,</strong></span> <span class='ocrx_word' id='word_1_192' title='bbox 409 2744 437 2791; x_wconf 92' lang='lat' dir='ltr'><strong>et</strong></span> <span class='ocrx_word' id='word_1_193' title='bbox 450 2753 504 2809; x_wconf 91' lang='lat' dir='ltr'><strong>ego</strong></span> <span class='ocrx_word' id='word_1_194' title='bbox 526 2735 606 2790; x_wconf 90' lang='lat' dir='ltr'><strong>mitto</strong></span> <span class='ocrx_word' id='word_1_195' title='bbox 622 2753 682 2790; x_wconf 74' lang='lat' dir='ltr'><strong>vos·</strong></span> <span class='ocrx_word' id='word_1_196' title='bbox 727 2734 799 2791; x_wconf 84' lang='lat' dir='ltr'><strong>Haec</strong></span> <span class='ocrx_word' id='word_1_197' title='bbox 814 2754 878 2793; x_wconf 88' lang='lat' dir='ltr'><strong>oum</strong></span> <span class='ocrx_word' id='word_1_198' title='bbox 899 2736 1030 2804; x_wconf 82' lang='lat' dir='ltr'><strong>dixisset,</strong></span> <span class='ocrx_word' id='word_1_199' title='bbox 1047 2739 1215 2808; x_wconf 88' lang='lat' dir='ltr'><strong>insufflavit,</strong></span> <span class='ocrx_word' id='word_1_200' title='bbox 1231 2738 1331 2798; x_wconf 81' lang='lat' dir='ltr'><strong>erdirir</strong></span> 
     </span>
     <span class='ocr_line' id='line_1_25' title="bbox 143 2833 1329 2920; baseline 0.001 -30"><span class='ocrx_word' id='word_1_201' title='bbox 143 2835 184 2891; x_wconf 90' lang='lat' dir='ltr'><strong>eis</strong></span> <span class='ocrx_word' id='word_1_202' title='bbox 198 2854 205 2891; x_wconf 92' lang='lat'><strong>:</strong></span> <span class='ocrx_word' id='word_1_203' title='bbox 228 2835 357 2910; x_wconf 84' lang='lat' dir='ltr'><strong>Accipite</strong></span> <span class='ocrx_word' id='word_1_204' title='bbox 372 2833 510 2908; x_wconf 86' lang='lat' dir='ltr'><strong>Spiritum</strong></span> <span class='ocrx_word' id='word_1_205' title='bbox 526 2833 683 2889; x_wconf 86' lang='lat' dir='ltr'><strong>Sanctum:</strong></span> <span class='ocrx_word' id='word_1_206' title='bbox 705 2851 825 2904; x_wconf 89' lang='lat' dir='ltr'><strong>quorum</strong></span> <span class='ocrx_word' id='word_1_207' title='bbox 839 2835 1004 2893; x_wconf 87' lang='lat' dir='ltr'><strong>remiseritis</strong></span> <span class='ocrx_word' id='word_1_208' title='bbox 1020 2849 1146 2913; x_wconf 88' lang='lat' dir='ltr'><strong>peccata,</strong></span> <span class='ocrx_word' id='word_1_209' title='bbox 1163 2840 1329 2920; x_wconf 79' lang='lat' dir='ltr'><strong>remittuntur</strong></span> 
     </span>
     <span class='ocr_line' id='line_1_26' title="bbox 142 2930 1327 3005; baseline 0.001 -16"><span class='ocrx_word' id='word_1_210' title='bbox 142 2933 202 2999; x_wconf 89' lang='lat' dir='ltr'><strong>eis;</strong></span> <span class='ocrx_word' id='word_1_211' title='bbox 224 2944 252 2989; x_wconf 93' lang='lat' dir='ltr'><strong>et</strong></span> <span class='ocrx_word' id='word_1_212' title='bbox 266 2948 386 3005; x_wconf 89' lang='lat' dir='ltr'><strong>quorum</strong></span> <span class='ocrx_word' id='word_1_213' title='bbox 402 2930 581 2994; x_wconf 86' lang='lat' dir='ltr'><strong>retinueritis,</strong></span> <span class='ocrx_word' id='word_1_214' title='bbox 597 2941 705 2986; x_wconf 89' lang='lat' dir='ltr'><strong>retenta</strong></span> <span class='ocrx_word' id='word_1_215' title='bbox 719 2930 817 2988; x_wconf 85' lang='lat' dir='ltr'><strong>sunt.”</strong></span> <span class='ocrx_word' id='word_1_216' title='bbox 864 2931 916 2989; x_wconf 91' lang='lat' dir='ltr'><strong>Illa</strong></span> <span class='ocrx_word' id='word_1_217' title='bbox 929 2933 1079 2991; x_wconf 82' lang='lat' dir='ltr'><strong>vulnerum</strong></span> <span class='ocrx_word' id='word_1_218' title='bbox 1090 2936 1234 2995; x_wconf 85' lang='lat' dir='ltr'><strong>exhibitio</strong></span> <span class='ocrx_word' id='word_1_219' title='bbox 1248 2941 1276 3005; x_wconf 68' lang='lat' dir='ltr'><strong>td</strong></span> <span class='ocrx_word' id='word_1_220' title='bbox 1288 2947 1327 2992; x_wconf 86' lang='lat' dir='ltr'><strong>eos</strong></span> 
     </span>
     <span class='ocr_line' id='line_1_27' title="bbox 143 3006 1381 3123; baseline 0.001 -37"><span class='ocrx_word' id='word_1_221' title='bbox 143 3049 175 3087; x_wconf 93' lang='lat' dir='ltr'><strong>se</strong></span> <span class='ocrx_word' id='word_1_222' title='bbox 189 3027 289 3087; x_wconf 88' lang='lat' dir='ltr'><strong>adesse</strong></span> <span class='ocrx_word' id='word_1_223' title='bbox 304 3027 436 3085; x_wconf 85' lang='lat' dir='ltr'><strong>certiores</strong></span> <span class='ocrx_word' id='word_1_224' title='bbox 452 3026 565 3091; x_wconf 87' lang='lat' dir='ltr'><strong>laceret,</strong></span> <span class='ocrx_word' id='word_1_225' title='bbox 581 3025 704 3082; x_wconf 89' lang='lat' dir='ltr'><strong>ostendit</strong></span> <span class='ocrx_word' id='word_1_226' title='bbox 718 3025 753 3082; x_wconf 88' lang='lat' dir='ltr'><strong>de</strong></span> <span class='ocrx_word' id='word_1_227' title='bbox 770 3046 799 3084; x_wconf 91' lang='lat' dir='ltr'><strong>re</strong></span> <span class='ocrx_word' id='word_1_228' title='bbox 814 3028 910 3103; x_wconf 90' lang='lat' dir='ltr'><strong>magni</strong></span> <span class='ocrx_word' id='word_1_229' title='bbox 932 3031 1069 3087; x_wconf 88' lang='lat' dir='ltr'><strong>momenti</strong></span> <span class='ocrx_word' id='word_1_230' title='bbox 1086 3033 1143 3108; x_wconf 88' lang='lat' dir='ltr'><strong>agi,</strong></span> <span class='ocrx_word' id='word_1_231' title='bbox 1159 3033 1196 3090; x_wconf 90' lang='lat' dir='ltr'><strong>de</strong></span> <span class='ocrx_word' id='word_1_232' title='bbox 1211 3051 1266 3106; x_wconf 89' lang='lat' dir='ltr'><strong>qua</strong></span> <span class='ocrx_word' id='word_1_233' title='bbox 1278 3029 1327 3089; x_wconf 91' lang='lat' dir='ltr'><strong>nul·</strong></span> <span class='ocrx_word' id='word_1_234' title='bbox 1376 3006 1381 3123; x_wconf 67' lang='lat' dir='ltr'><strong>l</strong></span> 
     </span>
     <span class='ocr_line' id='line_1_28' title="bbox 142 3120 1381 3198; baseline -0.001 -14"><span class='ocrx_word' id='word_1_235' title='bbox 142 3125 202 3184; x_wconf 91' lang='lat' dir='ltr'><strong>lum</strong></span> <span class='ocrx_word' id='word_1_236' title='bbox 213 3124 310 3184; x_wconf 87' lang='lat' dir='ltr'><strong>locum</strong></span> <span class='ocrx_word' id='word_1_237' title='bbox 324 3120 469 3181; x_wconf 84' lang='lat' dir='ltr'><strong>dubitandi</strong></span> <span class='ocrx_word' id='word_1_238' title='bbox 483 3120 642 3193; x_wconf 88' lang='lat' dir='ltr'><strong>relinquere</strong></span> <span class='ocrx_word' id='word_1_239' title='bbox 668 3123 826 3198; x_wconf 88' lang='lat' dir='ltr'><strong>oportebat.</strong></span> <span class='ocrx_word' id='word_1_240' title='bbox 868 3125 975 3184; x_wconf 90' lang='lat' dir='ltr'><strong>Missio</strong></span> <span class='ocrx_word' id='word_1_241' title='bbox 1002 3127 1112 3186; x_wconf 87' lang='lat' dir='ltr'><strong>Christi</strong></span> <span class='ocrx_word' id='word_1_242' title='bbox 1127 3149 1145 3186; x_wconf 88' lang='lat' dir='ltr'><strong>a</strong></span> <span class='ocrx_word' id='word_1_243' title='bbox 1158 3130 1244 3188; x_wconf 90' lang='lat' dir='ltr'><strong>Patre</strong></span> <span class='ocrx_word' id='word_1_244' title='bbox 1266 3125 1328 3186; x_wconf 87' lang='lat' dir='ltr'><strong>radi·</strong></span> <span class='ocrx_word' id='word_1_245' title='bbox 1378 3130 1381 3147; x_wconf 94' lang='lat'>&#39;</span> 
     </span>
     <span class='ocr_line' id='line_1_29' title="bbox 142 3150 1381 3305; baseline -0.002 -22"><span class='ocrx_word' id='word_1_246' title='bbox 142 3224 271 3284; x_wconf 90' lang='lat' dir='ltr'><strong>monium</strong></span> <span class='ocrx_word' id='word_1_247' title='bbox 293 3221 390 3279; x_wconf 88' lang='lat' dir='ltr'><strong>datum</strong></span> <span class='ocrx_word' id='word_1_248' title='bbox 405 3230 448 3277; x_wconf 90' lang='lat' dir='ltr'><strong>est</strong></span> <span class='ocrx_word' id='word_1_249' title='bbox 463 3230 490 3277; x_wconf 90' lang='lat' dir='ltr'><strong>et</strong></span> <span class='ocrx_word' id='word_1_250' title='bbox 505 3219 652 3294; x_wconf 83' lang='lat' dir='ltr'><strong>exemplar</strong></span> <span class='ocrx_word' id='word_1_251' title='bbox 672 3221 843 3278; x_wconf 86' lang='lat' dir='ltr'><strong>auctoritatis</strong></span> <span class='ocrx_word' id='word_1_252' title='bbox 866 3241 951 3295; x_wconf 91' lang='lat' dir='ltr'><strong>quam</strong></span> <span class='ocrx_word' id='word_1_253' title='bbox 967 3225 1030 3300; x_wconf 93' lang='lat' dir='ltr'><strong>ipse</strong></span> <span class='ocrx_word' id='word_1_254' title='bbox 1045 3225 1102 3283; x_wconf 87' lang='lat' dir='ltr'><strong>illis</strong></span> <span class='ocrx_word' id='word_1_255' title='bbox 1117 3227 1326 3305; x_wconf 89' lang='lat' dir='ltr'><strong>impertiebatur.</strong></span> <span class='ocrx_word' id='word_1_256' title='bbox 1375 3150 1381 3277; x_wconf 90' lang='lat' dir='ltr'><strong>l</strong></span> 
     </span>
     <span class='ocr_line' id='line_1_30' title="bbox 142 3317 1381 3402; baseline -0.002 -20"><span class='ocrx_word' id='word_1_257' title='bbox 142 3324 266 3401; x_wconf 82' lang='lat' dir='ltr'><strong>Spiritus</strong></span> <span class='ocrx_word' id='word_1_258' title='bbox 281 3321 404 3378; x_wconf 81' lang='lat' dir='ltr'><strong>Sanetus</strong></span> <span class='ocrx_word' id='word_1_259' title='bbox 418 3317 499 3376; x_wconf 88' lang='lat' dir='ltr'><strong>datus</strong></span> <span class='ocrx_word' id='word_1_260' title='bbox 514 3328 567 3385; x_wconf 90' lang='lat' dir='ltr'><strong>est,</strong></span> <span class='ocrx_word' id='word_1_261' title='bbox 581 3317 701 3375; x_wconf 82' lang='lat' dir='ltr'><strong>Christo</strong></span> <span class='ocrx_word' id='word_1_262' title='bbox 716 3321 840 3378; x_wconf 81' lang='lat' dir='ltr'><strong>exterius</strong></span> <span class='ocrx_word' id='word_1_263' title='bbox 856 3322 940 3380; x_wconf 90' lang='lat' dir='ltr'><strong>etiam</strong></span> <span class='ocrx_word' id='word_1_264' title='bbox 951 3323 1008 3380; x_wconf 89' lang='lat' dir='ltr'><strong>illis</strong></span> <span class='ocrx_word' id='word_1_265' title='bbox 1020 3323 1196 3394; x_wconf 90' lang='lat' dir='ltr'><strong>insufflante,</strong></span> <span class='ocrx_word' id='word_1_266' title='bbox 1208 3340 1240 3384; x_wconf 92' lang='lat' dir='ltr'><strong>ut</strong></span> <span class='ocrx_word' id='word_1_267' title='bbox 1249 3335 1328 3402; x_wconf 85' lang='lat' dir='ltr'><strong>potes·</strong></span> <span class='ocrx_word' id='word_1_268' title='bbox 1379 3382 1381 3391; x_wconf 70' lang='grc'>,</span> 
     </span>
     <span class='ocr_line' id='line_1_31' title="bbox 141 3417 1326 3496; baseline -0.003 -16"><span class='ocrx_word' id='word_1_269' title='bbox 141 3431 227 3480; x_wconf 87' lang='lat' dir='ltr'><strong>tatem</strong></span> <span class='ocrx_word' id='word_1_270' title='bbox 240 3419 365 3478; x_wconf 91' lang='lat' dir='ltr'><strong>divinam</strong></span> <span class='ocrx_word' id='word_1_271' title='bbox 377 3418 411 3475; x_wconf 89' lang='lat' dir='ltr'><strong>ab</strong></span> <span class='ocrx_word' id='word_1_272' title='bbox 426 3417 475 3475; x_wconf 94' lang='lat' dir='ltr'><strong>illo</strong></span> <span class='ocrx_word' id='word_1_273' title='bbox 490 3435 615 3481; x_wconf 88' lang='lat' dir='ltr'><strong>manare,</strong></span> <span class='ocrx_word' id='word_1_274' title='bbox 629 3417 722 3489; x_wconf 89' lang='lat' dir='ltr'><strong>iisque</strong></span> <span class='ocrx_word' id='word_1_275' title='bbox 737 3418 943 3476; x_wconf 87' lang='lat' dir='ltr'><strong>communicari</strong></span> <span class='ocrx_word' id='word_1_276' title='bbox 959 3421 1196 3496; x_wconf 88' lang='lat' dir='ltr'><strong>intelligeremus.</strong></span> <span class='ocrx_word' id='word_1_277' title='bbox 1238 3421 1326 3480; x_wconf 87' lang='lat' dir='ltr'><strong>Verbis</strong></span> 
     </span>
     <span class='ocr_line' id='line_1_32' title="bbox 142 3512 1381 3597; baseline -0.002 -19"><span class='ocrx_word' id='word_1_278' title='bbox 142 3518 302 3597; x_wconf 90' lang='lat' dir='ltr'><strong>perspicuis</strong></span> <span class='ocrx_word' id='word_1_279' title='bbox 316 3528 345 3576; x_wconf 91' lang='lat' dir='ltr'><strong>et</strong></span> <span class='ocrx_word' id='word_1_280' title='bbox 356 3514 534 3592; x_wconf 87' lang='lat' dir='ltr'><strong>simplicibus</strong></span> <span class='ocrx_word' id='word_1_281' title='bbox 549 3525 676 3590; x_wconf 90' lang='lat' dir='ltr'><strong>potestas</strong></span> <span class='ocrx_word' id='word_1_282' title='bbox 689 3516 752 3590; x_wconf 87' lang='lat' dir='ltr'><strong>ipsa</strong></span> <span class='ocrx_word' id='word_1_283' title='bbox 763 3516 934 3585; x_wconf 90' lang='lat' dir='ltr'><strong>enuntiatur,</strong></span> <span class='ocrx_word' id='word_1_284' title='bbox 945 3528 973 3574; x_wconf 89' lang='lat' dir='ltr'><strong>et</strong></span> <span class='ocrx_word' id='word_1_285' title='bbox 986 3517 1163 3595; x_wconf 89' lang='lat' dir='ltr'><strong>indulgentia</strong></span> <span class='ocrx_word' id='word_1_286' title='bbox 1178 3520 1224 3578; x_wconf 89' lang='lat' dir='ltr'><strong>vel</strong></span> <span class='ocrx_word' id='word_1_287' title='bbox 1238 3517 1327 3578; x_wconf 88' lang='lat' dir='ltr'><strong>severi·</strong></span> <span class='ocrx_word' id='word_1_288' title='bbox 1379 3512 1381 3569; x_wconf 79' lang='lat' dir='ltr'><strong>l</strong></span> 
     </span>
     <span class='ocr_line' id='line_1_33' title="bbox 142 3612 1326 3692; baseline -0.004 -18"><span class='ocrx_word' id='word_1_289' title='bbox 142 3627 185 3674; x_wconf 90' lang='lat' dir='ltr'><strong>tas</strong></span> <span class='ocrx_word' id='word_1_290' title='bbox 201 3615 275 3692; x_wconf 89' lang='lat' dir='ltr'><strong>apud</strong></span> <span class='ocrx_word' id='word_1_291' title='bbox 282 3614 412 3692; x_wconf 84' lang='lat' dir='ltr'><strong>judicem</strong></span> <span class='ocrx_word' id='word_1_292' title='bbox 425 3613 570 3670; x_wconf 85' lang='lat' dir='ltr'><strong>ooelestem</strong></span> <span class='ocrx_word' id='word_1_293' title='bbox 583 3631 619 3669; x_wconf 84' lang='lat' dir='ltr'><strong>ex</strong></span> <span class='ocrx_word' id='word_1_294' title='bbox 635 3631 734 3669; x_wconf 89' lang='lat' dir='ltr'><strong>eorum</strong></span> <span class='ocrx_word' id='word_1_295' title='bbox 747 3612 887 3670; x_wconf 89' lang='lat' dir='ltr'><strong>sententia</strong></span> <span class='ocrx_word' id='word_1_296' title='bbox 899 3614 1023 3690; x_wconf 89' lang='lat' dir='ltr'><strong>pendere</strong></span> <span class='ocrx_word' id='word_1_297' title='bbox 1036 3614 1149 3674; x_wconf 88' lang='lat' dir='ltr'><strong>dicitur.</strong></span> <span class='ocrx_word' id='word_1_298' title='bbox 1190 3613 1326 3676; x_wconf 90' lang='lat' dir='ltr'><strong>Judicialis</strong></span> 
     </span>
     <span class='ocr_line' id='line_1_34' title="bbox 142 3705 1326 3791; baseline -0.003 -20"><span class='ocrx_word' id='word_1_299' title='bbox 142 3714 273 3772; x_wconf 91' lang='lat' dir='ltr'><strong>tribuitur</strong></span> <span class='ocrx_word' id='word_1_300' title='bbox 287 3723 422 3789; x_wconf 90' lang='lat' dir='ltr'><strong>potestas,</strong></span> <span class='ocrx_word' id='word_1_301' title='bbox 435 3728 525 3788; x_wconf 91' lang='lat' dir='ltr'><strong>penes</strong></span> <span class='ocrx_word' id='word_1_302' title='bbox 550 3728 600 3767; x_wconf 88' lang='lat' dir='ltr'><strong>eos</strong></span> <span class='ocrx_word' id='word_1_303' title='bbox 615 3710 691 3767; x_wconf 91' lang='lat' dir='ltr'><strong>enim</strong></span> <span class='ocrx_word' id='word_1_304' title='bbox 707 3719 751 3767; x_wconf 89' lang='lat' dir='ltr'><strong>est</strong></span> <span class='ocrx_word' id='word_1_305' title='bbox 766 3711 907 3769; x_wconf 90' lang='lat' dir='ltr'><strong>remittere</strong></span> <span class='ocrx_word' id='word_1_306' title='bbox 928 3708 973 3769; x_wconf 76' lang='lat' dir='ltr'><strong>v&#39;el</strong></span> <span class='ocrx_word' id='word_1_307' title='bbox 988 3705 1109 3772; x_wconf 80' lang='lat' dir='ltr'><strong>retinere</strong></span> <span class='ocrx_word' id='word_1_308' title='bbox 1125 3726 1250 3791; x_wconf 89' lang='lat' dir='ltr'><strong>peccata,</strong></span> <span class='ocrx_word' id='word_1_309' title='bbox 1264 3711 1326 3771; x_wconf 89' lang='lat' dir='ltr'><strong>scili·</strong></span> 
     </span>
     <span class='ocr_line' id='line_1_35' title="bbox 143 3805 1327 3884; baseline -0.003 -17"><span class='ocrx_word' id='word_1_310' title='bbox 143 3819 190 3868; x_wconf 92' lang='lat' dir='ltr'><strong>cet</strong></span> <span class='ocrx_word' id='word_1_311' title='bbox 199 3809 311 3884; x_wconf 86' lang='lat' dir='ltr'><strong>cognita</strong></span> <span class='ocrx_word' id='word_1_312' title='bbox 325 3827 419 3875; x_wconf 87' lang='lat' dir='ltr'><strong>causa,</strong></span> <span class='ocrx_word' id='word_1_313' title='bbox 435 3818 463 3864; x_wconf 90' lang='lat' dir='ltr'><strong>et</strong></span> <span class='ocrx_word' id='word_1_314' title='bbox 472 3805 583 3883; x_wconf 87' lang='lat' dir='ltr'><strong>judicio</strong></span> <span class='ocrx_word' id='word_1_315' title='bbox 599 3805 765 3878; x_wconf 89' lang='lat' dir='ltr'><strong>aequissimo</strong></span> <span class='ocrx_word' id='word_1_316' title='bbox 780 3825 921 3883; x_wconf 87' lang='lat' dir='ltr'><strong>perpensa</strong></span> <span class='ocrx_word' id='word_1_317' title='bbox 935 3819 1118 3884; x_wconf 89' lang='lat' dir='ltr'><strong>peccatorum</strong></span> <span class='ocrx_word' id='word_1_318' title='bbox 1145 3811 1294 3876; x_wconf 87' lang='lat' dir='ltr'><strong>voluntate,</strong></span> <span class='ocrx_word' id='word_1_319' title='bbox 1305 3814 1327 3864; x_wconf 84' lang='lat' dir='ltr'><strong>et</strong></span> 
     </span>
     <span class='ocr_line' id='line_1_36' title="bbox 143 3903 1328 3982; baseline -0.005 -18"><span class='ocrx_word' id='word_1_320' title='bbox 143 3905 231 3964; x_wconf 89' lang='lat' dir='ltr'><strong>animi</strong></span> <span class='ocrx_word' id='word_1_321' title='bbox 243 3905 439 3981; x_wconf 88' lang='lat' dir='ltr'><strong>dispositione.</strong></span> <span class='ocrx_word' id='word_1_322' title='bbox 482 3904 572 3962; x_wconf 90' lang='lat' dir='ltr'><strong>Porro</strong></span> <span class='ocrx_word' id='word_1_323' title='bbox 584 3913 752 3978; x_wconf 88' lang='lat' dir='ltr'><strong>potestatem</strong></span> <span class='ocrx_word' id='word_1_324' title='bbox 764 3905 836 3962; x_wconf 87' lang='lat' dir='ltr'><strong>hanc</strong></span> <span class='ocrx_word' id='word_1_325' title='bbox 845 3903 879 3962; x_wconf 93' lang='lat' dir='ltr'><strong>ad</strong></span> <span class='ocrx_word' id='word_1_326' title='bbox 895 3905 1084 3964; x_wconf 87' lang='lat' dir='ltr'><strong>ministerium</strong></span> <span class='ocrx_word' id='word_1_327' title='bbox 1096 3910 1239 3982; x_wconf 87' lang='lat' dir='ltr'><strong>pertinere</strong></span> <span class='ocrx_word' id='word_1_328' title='bbox 1253 3907 1328 3980; x_wconf 89' lang='lat' dir='ltr'><strong>liquet</strong></span> 
     </span>
     <span class='ocr_line' id='line_1_37' title="bbox 142 4000 1327 4079; baseline -0.006 -16"><span class='ocrx_word' id='word_1_329' title='bbox 142 4023 180 4064; x_wconf 91' lang='lat' dir='ltr'><strong>ex</strong></span> <span class='ocrx_word' id='word_1_330' title='bbox 201 4003 338 4060; x_wconf 90' lang='lat' dir='ltr'><strong>missione</strong></span> <span class='ocrx_word' id='word_1_331' title='bbox 367 4001 463 4059; x_wconf 89' lang='lat' dir='ltr'><strong>divina</strong></span> <span class='ocrx_word' id='word_1_332' title='bbox 483 4018 540 4073; x_wconf 86' lang='lat' dir='ltr'><strong>qua</strong></span> <span class='ocrx_word' id='word_1_333' title='bbox 560 4001 666 4067; x_wconf 89' lang='lat' dir='ltr'><strong>nititur,</strong></span> <span class='ocrx_word' id='word_1_334' title='bbox 682 4000 769 4077; x_wconf 88' lang='lat' dir='ltr'><strong>hujus</strong></span> <span class='ocrx_word' id='word_1_335' title='bbox 784 4005 862 4059; x_wconf 91' lang='lat' dir='ltr'><strong>enim</strong></span> <span class='ocrx_word' id='word_1_336' title='bbox 884 4003 912 4059; x_wconf 92' lang='lat' dir='ltr'><strong>vi</strong></span> <span class='ocrx_word' id='word_1_337' title='bbox 933 4003 1072 4079; x_wconf 89' lang='lat' dir='ltr'><strong>contingit</strong></span> <span class='ocrx_word' id='word_1_338' title='bbox 1093 4015 1125 4061; x_wconf 92' lang='lat' dir='ltr'><strong>ut</strong></span> <span class='ocrx_word' id='word_1_339' title='bbox 1145 4024 1227 4063; x_wconf 88' lang='lat' dir='ltr'><strong>sacra</strong></span> <span class='ocrx_word' id='word_1_340' title='bbox 1247 4001 1327 4063; x_wconf 89' lang='lat' dir='ltr'><strong>omnia</strong></span> 
     </span>
     <span class='ocr_line' id='line_1_38' title="bbox 142 4097 1328 4177; baseline -0.006 -18"><span class='ocrx_word' id='word_1_341' title='bbox 142 4101 279 4169; x_wconf 84' lang='lat' dir='ltr'><strong>qbeantur</strong></span> <span class='ocrx_word' id='word_1_342' title='bbox 301 4117 428 4156; x_wconf 86' lang='lat' dir='ltr'><strong>munera.</strong></span> <span class='ocrx_word' id='word_1_343' title='bbox 470 4097 607 4154; x_wconf 89' lang='lat' dir='ltr'><strong>Versatur</strong></span> <span class='ocrx_word' id='word_1_344' title='bbox 628 4099 713 4155; x_wconf 89' lang='lat' dir='ltr'><strong>etiam</strong></span> <span class='ocrx_word' id='word_1_345' title='bbox 742 4098 817 4156; x_wconf 90' lang='lat' dir='ltr'><strong>circa</strong></span> <span class='ocrx_word' id='word_1_346' title='bbox 841 4116 902 4156; x_wconf 91' lang='lat' dir='ltr'><strong>rem</strong></span> <span class='ocrx_word' id='word_1_347' title='bbox 925 4100 1100 4176; x_wconf 86' lang='lat' dir='ltr'><strong>praecipuam</strong></span> <span class='ocrx_word' id='word_1_348' title='bbox 1118 4097 1328 4177; x_wconf 74' lang='lat' dir='ltr'><strong>¹praedieationis</strong></span> 
     </span>
     <span class='ocr_line' id='line_1_39' title="bbox 142 4195 1330 4277; baseline -0.003 -19"><span class='ocrx_word' id='word_1_349' title='bbox 142 4198 325 4277; x_wconf 81' lang='lat' dir='ltr'><strong>evangelicas,</strong></span> <span class='ocrx_word' id='word_1_350' title='bbox 348 4196 542 4272; x_wconf 84' lang='lat' dir='ltr'><strong>poenitentiam</strong></span> <span class='ocrx_word' id='word_1_351' title='bbox 571 4195 681 4253; x_wconf 87' lang='lat' dir='ltr'><strong>scilicet</strong></span> <span class='ocrx_word' id='word_1_352' title='bbox 701 4207 729 4254; x_wconf 88' lang='lat' dir='ltr'><strong>et</strong></span> <span class='ocrx_word' id='word_1_353' title='bbox 749 4198 953 4256; x_wconf 90' lang='lat' dir='ltr'><strong>remissionem</strong></span> <span class='ocrx_word' id='word_1_354' title='bbox 976 4210 1160 4276; x_wconf 87' lang='lat' dir='ltr'><strong>peecatorum</strong></span> <span class='ocrx_word' id='word_1_355' title='bbox 1175 4202 1208 4261; x_wconf 91' lang='lat' dir='ltr'><strong>iu</strong></span> <span class='ocrx_word' id='word_1_356' title='bbox 1228 4200 1330 4261; x_wconf 88' lang='lat' dir='ltr'><strong>nornine</strong></span> 
     </span>
     <span class='ocr_line' id='line_1_40' title="bbox 143 4296 929 4374; baseline -0.008 -14"><span class='ocrx_word' id='word_1_357' title='bbox 143 4301 225 4369; x_wconf 89' lang='lat' dir='ltr'><strong>Jesu,</strong></span> <span class='ocrx_word' id='word_1_358' title='bbox 240 4317 303 4374; x_wconf 86' lang='lat' dir='ltr'><strong>quae</strong></span> <span class='ocrx_word' id='word_1_359' title='bbox 318 4296 508 4354; x_wconf 90' lang='lat' dir='ltr'><strong>annuntianda</strong></span> <span class='ocrx_word' id='word_1_360' title='bbox 522 4307 581 4354; x_wconf 92' lang='lat' dir='ltr'><strong>erat</strong></span> <span class='ocrx_word' id='word_1_361' title='bbox 595 4296 624 4353; x_wconf 93' lang='lat' dir='ltr'><strong>in</strong></span> <span class='ocrx_word' id='word_1_362' title='bbox 639 4296 772 4353; x_wconf 90' lang='lat' dir='ltr'><strong>omnibns</strong></span> <span class='ocrx_word' id='word_1_363' title='bbox 787 4297 929 4372; x_wconf 85' lang='lat' dir='ltr'><strong>gentibus.</strong></span> 
     </span>
    </p>
   </div>
   <div class='ocr_carea' id='block_1_6' title="bbox 508 4455 799 4693">
    <p class='ocr_par' dir='ltr' id='par_1_8' title="bbox 508 4455 799 4693">
     <span class='ocr_line' id='line_1_41' title="bbox 511 4455 675 4520; baseline 0.018 -18"><span class='ocrx_word' id='word_1_364' title='bbox 511 4456 553 4520; x_wconf 71' lang='lat' dir='ltr'><strong>(ll</strong></span> <span class='ocrx_word' id='word_1_365' title='bbox 574 4455 637 4505; x_wconf 87' lang='lat' dir='ltr'><strong>Can.</strong></span> <span class='ocrx_word' id='word_1_366' title='bbox 649 4472 675 4505; x_wconf 85' lang='lat' dir='ltr'><strong>x.</strong></span> 
     </span>
     <span class='ocr_line' id='line_1_42' title="bbox 508 4541 751 4604; baseline 0.021 -17"><span class='ocrx_word' id='word_1_367' title='bbox 508 4542 547 4604; x_wconf 83' lang='lat'><strong>(2)</strong></span> <span class='ocrx_word' id='word_1_368' title='bbox 566 4541 637 4590; x_wconf 83' lang='lat' dir='ltr'><strong>Mart.</strong></span> <span class='ocrx_word' id='word_1_369' title='bbox 649 4542 697 4591; x_wconf 86' lang='lat' dir='ltr'><strong>xvi.</strong></span> <span class='ocrx_word' id='word_1_370' title='bbox 713 4544 751 4592; x_wconf 84' lang='lat'><strong>19.</strong></span> 
     </span>
     <span class='ocr_line' id='line_1_43' title="bbox 511 4626 799 4693; baseline 0.007 -19"><span class='ocrx_word' id='word_1_371' title='bbox 511 4629 553 4693; x_wconf 81' lang='lat'><strong>(3)</strong></span> <span class='ocrx_word' id='word_1_372' title='bbox 574 4626 669 4679; x_wconf 88' lang='lat' dir='ltr'><strong>Ibidem</strong></span> <span class='ocrx_word' id='word_1_373' title='bbox 681 4629 748 4680; x_wconf 86' lang='lat' dir='ltr'><strong>xviii.</strong></span> <span class='ocrx_word' id='word_1_374' title='bbox 760 4629 799 4678; x_wconf 86' lang='lat'><strong>18.</strong></span> 
     </span>
    </p>
   </div>
   <div class='ocr_carea' id='block_1_7' title="bbox 0 0 1394 5056">
    <p class='ocr_par' dir='ltr' id='par_1_9' title="bbox 0 0 1394 5056">
     <span class='ocr_line' id='line_1_44' title="bbox 0 0 1394 5056; baseline 0 0"><span class='ocrx_word' id='word_1_375' title='bbox 0 0 1394 5056; x_wconf 95' lang='lat' dir='ltr'><strong> </strong></span> 
     </span>
    </p>
   </div>
  </div>
 </body>
</html>
