2774 5056
137 338 197 394 2³6
445 328 503 392 DE
524 330 803 393 SACRAMENTI
824 327 1024 390 RATIONE.

137 492 216 551 nulla
230 493 267 550 sit
280 488 422 569 ejusmodi
436 490 517 549 ratio
559 488 692 549 Profecto
712 507 800 566 panes
816 488 1022 566 propositionis
1036 485 1136 562 azymi
1148 484 1341 564 designantur

139 605 235 666 pones
255 589 286 646 in
306 587 486 663 Scripturis‚²
506 595 536 644 et
554 587 637 663 panis
666 603 752 658 quem
773 585 857 662 fregit
878 583 1012 642 Christus
1040 582 1200 642 redivivus³
1213 598 1340 658 azymus

140 696 217 745 certe
231 685 294 753 suit,
306 701 395 757 quum
407 701 465 742 non
479 683 589 741 licuerit
602 681 712 740 Judaeis
732 681 901 740 fermentum
913 681 986 739 intra
998 680 1083 738 ferias
1094 675 1343 739 Paschalesdomi

138 784 270 842 retinere.
312 780 378 848 Quo
392 798 465 858 pane
478 799 548 839 usus
563 780 601 838 sit
614 778 746 839 Christus
761 777 959 837 eucharistiam
980 777 1155 837 instituendo
1176 785 1341 837 controver-

140 880 218 946 titur,
240 877 449 937 Tourneminio
463 888 491 935 et
511 876 643 934 Calrneto
657 875 876 934 assentientibus
891 874 1002 933 Grecis
1016 875 1067 946 qui
1081 873 1259 933 contendunt
1283 873 1340 931 ser·

9 942 92 1039 »α
140 982 298 1035 mentatum
312 991 416 1051 panem
431 974 465 1032 ab
479 992 515 1033 eo
538 972 706 1040 adhibitum,
728 981 827 1049 putant
842 971 919 1031 enim
934 970 1041 1049 pascha
1060 970 1222 1029 celebrasse
1245 968 1342 1047 pridie

62 1066 74 1173 y
137 1073 224 1132 sesti:
246 1073 391 1150 plerisque
416 1071 527 1130 Latinis
547 1079 646 1130 contra
666 1069 835 1128 dicentibus.
877 1069 1046 1146 Disputatur
1059 1068 1144 1127 etiam
1159 1076 1254 1126 uuum
1269 1085 1340 1126 eou-

61 1182 65 1187 ·
136 1181 214 1229 suns
227 1169 312 1229 suerit
324 1168 420 1228 bacin
440 1186 471 1227 re
486 1168 652 1227 Graecorum
666 1176 696 1225 et
715 1167 881 1225 Latinorum
902 1164 1062 1242 disciplina.
1103 1164 1163 1231 Qui
1188 1163 1257 1223 velit
1270 1180 1335 1222 rem

52 1308 55 1315 -
141 1268 267 1346 penitius
294 1267 492 1344 investigatam
518 1265 615 1324 videre
636 1264 799 1324 Calmetum
820 1263 924 1331 adeat,¹
944 1263 989 1322 vel
1010 1261 1211 1341 Sardagnam.⁴
1249 1260 1344 1321 Panis

138 1361 272 1423 triticeus
284 1361 449 1421 adhibeatur
463 1379 582 1422 neeesse
596 1371 649 1429 est,
663 1379 718 1420 neo
731 1359 837 1419 sufficit
850 1360 933 1439 panis
947 1357 1134 1427 hordeaceus,
1147 1357 1194 1416 vel
1207 1357 1281 1417 alius
1289 1357 1344 1432 qui

138 1459 221 1535 panis
236 1459 404 1536 simpliciter
423 1477 484 1519 non
504 1468 629 1517 vocatur.
667 1440 831 1516 'Tritioeum
851 1475 966 1535 panem,
988 1455 1041 1515 sed
1067 1456 1198 1515 usualem
1220 1454 1345 1534 exigunt

138 1554 315 1633 Anglicani.l

177 1656 247 1712 290.
277 1651 387 1714 isinum
400 1671 437 1711 ex
451 1653 509 1711 vite
523 1652 683 1711 necessaria
693 1662 737 1710 est
757 1652 873 1710 materia
886 1651 1068 1712 eucharistici
1080 1651 1188 1730 poculi,
1202 1650 1344 1729 genimen

137 1748 215 1808 euim
242 1749 308 1807 vitis
329 1767 346 1806 a
369 1749 487 1808 Christo
507 1758 619 1808 constat
632 1748 790 1807 adhibitum
811 1748 910 1807 fuisse.
952 1748 1095 1809 Ebionite
1110 1749 1257 1823 aquamin
1273 1748 1343 1826 ejus

138 1847 233 1907 locum
261 1844 411 1905 suffecisse
438 1845 579 1905 dicuntur.
620 1844 760 1904 Tatianus
785 1855 814 1904 et
834 1845 991 1906 Euoratitae
1004 1846 1067 1924 ejus
1087 1845 1206 1904 assecla
1228 1844 1343 1913 amno,

138 1956 283 2018 tamquam
298 1944 403 2003 diaboli
422 1946 525 2013 fructu,
537 1945 568 2002 in
582 1945 728 2020 mysteriis
749 1944 926 2003 abstinebant
938 1943 963 2012 3⁸
982 1962 1055 2019 quos
1069 1944 1172 2003 imitati
1191 1953 1261 2003 sunt
1275 1942 1342 2003 hla-

137 2040 251 2101 nichai.
294 2041 406 2102 Saeculo
419 2043 501 2100 tertio
514 2041 642 2115 Aquarii,
657 2059 709 2099 seu
729 2040 981 2118 Hydroparastatae
995 2042 1025 2100 in
1038 2041 1136 2101 Africa
1155 2058 1267 2100 nomen
1279 2057 1344 2099 sor·

138 2138 182 2196 titi
195 2138 309 2196 suntab
331 2156 405 2211 aqua
418 2137 612 2198 tantummodo
627 2138 657 2195 in
671 2137 759 2196 calice
773 2136 908 2206 adbibita,
924 2136 960 2196 de
982 2138 1085 2212 quibus
1095 2138 1157 2216 jam
1171 2137 1343 2207 audirimus

140 2234 320 2312 cyprianum
336 2233 535 2292 disserentem.
576 2234 634 2301 Qui
655 2252 691 2293 ex
712 2233 846 2293 Armenis
873 2253 931 2293 non
953 2243 1020 2293 suut
1039 2234 1179 2293 Ecclesia
1200 2234 1347 2295 Romanae

140 2330 286 2408 conjuncti
301 2348 382 2404 aquae
397 2329 602 2389 admixtionem
616 2330 775 2408 negligunt.
789 2348 825 2388 ne
840 2339 989 2405 utramque
1002 2329 1151 2389 videantur
1174 2330 1205 2389 in
1220 2329 1348 2391 Christo

140 2426 221 2487 fateri
242 2435 380 2495 naturam,
396 2444 490 2485 errore
515 2426 623 2504 quippe
651 2426 836 2503 Eutychiauo
863 2427 1051 2485 inficiuntur.l
1090 2426 1153 2486 Eos
1177 2425 1351 2503 reprobarit

141 2524 285 2584 'l'rullana
306 2524 446 2602 synodus.
488 2524 631 2584 Lutherus
653 2544 732 2598 aque
754 2523 957 2620 admixtionem
980 2525 1149 2614 figmentum
1163 2543 1228 2583 esse
1243 2524 1351 2616 huma·

142 2640 211 2682 num
238 2622 320 2690 dixit,
342 2622 376 2680 ad
396 2640 493 2699 regem
514 2622 624 2698 anglia
639 2623 765 2679 scribens
787 2621 1050 2714 auu015223eed
1074 2634 1174 2700 postea
1187 2640 1219 2680 se
1233 2621 1350 2681 horrere

146 2721 343 2798 significavit.⁸

183 2821 251 2875 291.
274 2817 318 2875 De
340 2834 420 2888 aquae
432 2817 498 2873 vino
513 2814 687 2875 admixtione
702 2818 732 2874 in
747 2817 834 2875 calice
850 2816 1004 2875 Dominico
1027 2816 1092 2874 silet
1114 2816 1273 2894 Scriptura,
1287 2815 1344 2875 sed

84 2970 89 2997 ὅ
141 2923 275 2975 constans
289 2923 416 2971 veterum
425 2914 573 2972 auctoritas
588 2922 617 2971 et
630 2913 740 2971 traditio
755 2932 807 2972 nos
823 2915 956 2972 certiores
971 2912 1047 2972 iacit.
1094 2912 1184 2972 Juxta
1197 2913 1345 2973 Irenaeum

143 3018 427 3084 “temperamentum
442 3008 538 3066 calicis
552 3027 636 3067 suum
651 3011 819 3086 sanguinem
834 3009 1046 3068 confirmavit”⁹
1059 3008 1203 3068 Christus.
1235 3009 1348 3087 Cypri·

74 3118 81 3185 :³
142 3123 213 3166 auus
225 3123 288 3163 eam
302 3123 340 3162 ex
353 3104 483 3181 professo
497 3105 685 3164 vindicavit.¹⁰
726 3106 924 3183 Hieronymus
939 3105 1009 3164 dicit
1021 3127 1029 3164 ε
1052 3106 1216 3167 “Christus
1238 3103 1345 3166 format

69 3206 76 3269 i
143 3204 312 3281 sanguinem
326 3221 410 3260 suum
424 3203 454 3262 in
468 3203 567 3272 calice,
580 3206 647 3263 vino
674 3217 702 3264 et
723 3226 796 3280 aqua
817 3204 973 3264 mixtis.”¹1
1014 3204 1180 3263 Concilium
1195 3204 1347 3281 Carthagi·

144 3318 233 3360 nense
254 3299 308 3358 lll.
329 3317 404 3357 anno
426 3303 494 3368 397,
511 3298 655 3359 decrevit:
677 3305 783 3361 “utin
799 3303 989 3361 Sacramentis
1004 3301 1133 3377 corporis
1148 3312 1177 3360 et
1190 3301 1341 3379 sanguinis

145 3396 264 3457 Domini
278 3395 350 3455 nihil
361 3396 484 3473 amplius
498 3396 632 3457 offeratur
647 3419 731 3472 quarn
747 3401 809 3476 ipse
822 3386 964 3459 Dominus
979 3397 1103 3466 tradidit,
1119 3398 1244 3471 honest,
1261 3397 1342 3476 panis

180 3556 222 3621 (1)
241 3555 261 3605 1.
273 3555 333 3618 Reg.
345 3554 397 3605 xxi.

180 3641 222 3705 (2)
243 3638 305 3689 Luc.
316 3640 386 3689 xxiv.

180 3724 222 3788 (3)
242 3723 415 3773 Dissertations
427 3740 470 3774 sur
481 3724 505 3774 la
517 3724 592 3776 Bible.

181 3809 224 3874 (4)
243 3808 331 3858 Theoi.
342 3809 432 3872 Dogm.
442 3810 535 3860 Polem.
544 3818 562 3860 t.
571 3811 612 3861 vii.

182 3897 224 3962 (5)
244 3902 259 3926 “
266 3894 306 3944 Το
315 3896 371 3945 take
381 3913 451 3962 away
463 3897 496 3947 all
503 3897 616 3947 occasion
627 3899 656 3948 oi
663 3898 796 3949 dissention
804 3899 852 3950 and
863 3899 1026 3965 superstition,
1037 3895 1119 3947 which
1130 3911 1179 3961 any
1190 3911 1277 3962 person
1284 3895 1372 3972 hoel¹

146 3999 175 4034 or
185 3981 263 4044 might
273 3981 335 4032 have
346 3984 494 4046 concerning
502 3982 544 4033 the
556 3984 634 4034 Breed
646 3985 693 4035 and
707 3985 790 4045 wine,
804 3988 823 4036 it
838 3988 888 4037 will
899 3987 983 4037 suffice
992 3985 1044 4034 that
1054 3984 1096 4034 the
1108 3983 1188 4033 Bread
1198 3984 1227 4033 be
1244 3984 1311 4034 such
1330 4009 1375 4052 ῃ,

147 4070 170 4121 is
187 4068 258 4119 usual
275 4075 300 4117 to
319 4069 349 4119 be
360 4077 445 4130 eaten;
473 4071 519 4123 but
534 4069 575 4120 the
592 4071 644 4121 best
666 4071 714 4122 and
730 4079 813 4137 purest
830 4072 923 4123 Wheet
939 4071 1019 4124 Breed
1036 4070 1088 4120 thet
1099 4069 1268 4135 eonveuieutly
1286 4085 1376 4148 may

147 4157 177 4208 be
189 4151 296 4218 gottenl’
329 4154 427 4206 Rubrio.

183 4240 226 4305 (6)
245 4238 310 4289 Her.
322 4239 380 4289 xlvi.
391 4246 416 4289 et
426 4239 493 4290 xlvii.

184 4324 226 4389 (7)
245 4321 400 4387 Nicephor.l
411 4322 479 4373 xviii.
489 4323 545 4374 hist.
554 4322 625 4373 Edcl.

184 4409 226 4475 (8)
246 4407 362 4458 Formula
373 4407 462 4458 Misso.

183 4497 221 4557 (9)
240 4492 271 4546 L.
282 4497 315 4547 iv.
327 4496 380 4546 adv.
392 4494 448 4545 her.
460 4509 481 4544 c.
493 4495 579 4546 xxxiii.

185 4580 245 4649 (10)
264 4582 312 4648 Ep.
325 4582 355 4631 ed
367 4580 491 4632 Cecilien.
500 4579 560 4630 lxiii.

185 4668 241 4731 (ll)
263 4666 360 4719 Corum.
371 4668 397 4718 iu
409 4685 430 4719 e.
441 4666 490 4718 xiv.
502 4665 586 4718 Murci.
