2774 5056
368 341 425 401 ΒΕ
448 340 724 401 sacntMENTl
744 339 972 402 VERITATE.
1203 349 1260 407 401

61 517 153 570 orare,
165 519 291 576 eumque
306 519 387 560 sacro
409 499 473 559 oleo
496 499 642 576 perlinita,
657 497 722 558 Deo
744 499 887 560 invocato.
929 501 1013 562 Ritus
1027 513 1164 564 externus
1177 505 1261 582 plane

60 599 236 678 designatur,
263 600 360 659 unctio
385 598 495 657 scilicet
515 596 677 675 peragenda
701 617 718 655 a
738 617 820 657 sacro
841 598 983 669 ministro,
998 603 1125 663 oratione
1145 604 1263 663 comite.

60 698 195 759 Effectus
212 699 334 759 oradoni
356 697 424 757 huic
437 695 566 755 adnexus
587 695 717 764 refertur,
730 696 841 755 scilicet
862 697 940 756 salus
954 699 1152 776 periclitantis,
1173 700 1261 760 animi
1365 702 1368 711 '

62 797 210 865 levamen,
225 807 256 856 et
269 809 461 873 peccatorum,
476 813 539 867 quae
555 791 701 852 admiserit
714 793 863 852 remissio:
899 794 956 853 Est
968 796 1052 873 igitur
1066 798 1181 874 signum
1195 797 1263 857 risi·

60 895 117 955 bile
145 895 298 954 invisibilis
320 895 427 973 gratia.
469 893 560 952 Porro
588 910 678 965 quum
704 892 862 969 Apostolus
887 893 950 971 ipss
974 912 1033 953 non
1060 895 1185 972 potuerit
1204 895 1260 955 hos

58 991 179 1053 affectus
202 993 269 1051 huic
282 991 431 1050 adnectere
446 989 523 1056 ritui,
547 988 728 1047 manifestum
744 997 789 1046 est
813 1006 879 1047 eum
909 989 1106 1050 tautummodo
1133 991 1259 1068 promul·

58 1107 146 1166 nasse
160 1089 245 1148 ritum
258 1089 341 1166 cujus
357 1088 490 1147 Christus
505 1087 568 1164 ipse
583 1095 679 1144 auctor
693 1093 747 1153 est,
762 1086 825 1164 ejus
846 1087 923 1146 euim
939 1096 984 1145 est
996 1088 1055 1147 vim
1069 1088 1188 1167 gratiam
1208 1089 1261 1151 im·

62 1185 204 1262 pertiendi
220 1185 285 1244 ritui
300 1184 461 1242 adnectere.

99 1281 253 1341 Probatur
269 1280 313 1340 II.
330 1299 366 1340 en
380 1280 510 1339 Petrum
524 1277 776 1356 interpretatione.

58 1424 61 1430 .
101 1383 132 1437 4.
155 1379 313 1438 Onrnnnns
338 1376 537 1436 remissionem
551 1386 744 1455 peccatorum,
757 1394 820 1450 quae
846 1376 1013 1453 impetratur
1026 1376 1201 1455 pauitantia,
1216 1398 1261 1439 sa·

62 1474 174 1534 cerdoti
188 1475 308 1534 Domini
322 1467 475 1534 iudicando
500 1484 648 1551 peccatum
671 1492 766 1541 suum,
781 1473 917 1542 reserens,
933 1473 988 1532 aits
1012 1483 1031 1512 “
1043 1475 1074 1534 in
1088 1495 1147 1549 quo
1159 1476 1261 1554 imple·

60 1584 107 1633 tur
120 1584 150 1631 et
160 1573 230 1631 illud
244 1572 321 1646 quod
342 1571 499 1648 Apostolus
522 1571 591 1630 dicit
608 1591 616 1630 z
638 1571 769 1644 ‘Siquis
784 1581 878 1630 autem
903 1572 1070 1641 infirmatur,
1087 1585 1169 1633 vocet
1183 1592 1262 1651 pres·

60 1669 178 1743 byteros
194 1669 344 1735 Ecclesiae,
367 1679 396 1727 et
409 1669 559 1744 imponant
580 1667 606 1726 ei
632 1686 745 1736 manus,
770 1675 909 1744 ungentes
924 1687 989 1727 eum
1012 1670 1076 1728 oleo
1090 1670 1120 1729 in
1140 1651 1258 1731 nomine

59 1767 191 1834 Domini,
214 1766 304 1824 etc.’'1
346 1767 379 1825 In
407 1767 572 1843 exemplum
589 1766 663 1824 hanc
688 1767 896 1843 penitentiam,
917 1786 981 1840 quse
1002 1768 1037 1826 fit
1056 1768 1087 1827 in
1112 1770 1260 1840 extremis,

59 1863 184 1933 adducit,
213 1864 340 1937 satisque
368 1863 474 1922 indicat
497 1865 581 1923 ritum
603 1862 686 1921 illum
706 1862 831 1942 ungendi
859 1863 953 1923 adhuc
973 1884 1026 1924 suo
1049 1875 1178 1944 tempore
1202 1886 1261 1926 ser·

59 1960 130 2029 vari,
146 1969 175 2017 et
188 1979 287 2018 secum
298 1959 370 2017 ferre
383 1969 564 2036 peccatorum
578 1959 789 2017 remissionem.

101 2060 131 2114 b.
154 2059 186 2116 S.
202 2057 452 2125 (lamosacum,
467 2055 646 2115 sacerdotum
661 2074 729 2134 erga
742 2056 916 2116 laborantem
928 2065 955 2114 et
966 2057 1049 2116 morti
1059 2059 1183 2136 jamjam
1197 2079 1263 2138 pro·

58 2155 197 2232 pinquam
214 2155 339 2213 animam
361 2154 456 2212 officia
478 2152 605 2212 extollit:
628 2162 752 2227 “neque
774 2154 852 2213 enim
877 2154 971 2213 solum
997 2173 1063 2213 cum
1078 2174 1130 2215 nos
1145 2175 1262 2234 regene-

58 2263 134 2320 rant,
146 2251 198 2310 scd
212 2263 312 2329 postea
336 2253 422 2309 ctiam
437 2249 689 2311 condonandorum
710 2251 793 2309 nobis
807 2262 988 2328 peccatorum
1010 2251 1173 2312 facultatem
1188 2255 1260 2313 obti-

59 2359 149 2409 nent:
166 2347 368 2417 ‘Infirmatur,'
381 2348 484 2421 iuquit,
496 2349 629 2406 intervos
640 2347 763 2420 aliquisi
778 2359 904 2405 accersat
912 2347 1096 2424 presbyteros
1107 2349 1262 2422 Ecclesiae,

55 2454 182 2505 etoreut
202 2463 290 2520 super
310 2462 388 2512 eum,
412 2453 641 2520 ungenteseum
655 2441 767 2501 olen.”³
806 2441 896 2519 Igitur
917 2443 1122 2519 chrysostomi
1136 2461 1252 2518 quoque

59 2549 153 2608 aetam,
177 2540 283 2598 saeculo
307 2540 417 2598 scilicet
439 2549 549 2612 quarto,
573 2540 642 2597 ritus
664 2538 850 2617 peragebatur
870 2537 957 2597 veluti
980 2557 1084 2598 munus
1105 2539 1258 2600 sacerdotii

59 2639 208 2700 christiani
225 2649 407 2716 peccatorum
421 2637 535 2698 veniam
549 2637 682 2697 afferens.

100 2740 129 2797 6.
152 2737 184 2795 S.
200 2736 406 2796 innocencius
419 2735 444 2795 I.
460 2736 606 2794 consultus
621 2736 656 2793 ab
670 2734 826 2812 Eugubino
836 2734 986 2813 episcopo,
1000 2733 1151 2805 Decentio,
1163 2746 1259 2797 utrum
1335 2781 1340 2791 .

59 2832 199 2911 episcopo
228 2843 385 2891 extremam
416 2832 582 2891 unctionem
606 2831 766 2889 ministrare
791 2831 965 2900 conveniret,
988 2831 1158 2909 plerumque
1182 2834 1261 2894 enim

58 2931 280 2999 aeacerdotibus
290 2930 417 2998 dabatur,
429 2929 593 3006 respoudit:
619 2937 638 2966 ‘⁴
649 2929 718 2989 Non
728 2927 1007 3010 estdubiurn(ocrbu
1016 2928 1134 3012 Jacobi)
1143 2931 1178 2991 de
1191 2932 1260 2992 iide-

56 3029 135 3089 libus
149 3028 453 3106 egrotantibusaccipi
463 3027 508 3085 vel
522 3027 643 3105 intelligi
654 3026 768 3096 debere,
782 3027 832 3100 qui
846 3040 945 3087 sancto
959 3027 1025 3087 oleo
1036 3027 1198 3092 chrismatis
1213 3047 1263 3107 pe·

58 3129 144 3204 rongi
158 3137 289 3204 possunt.
313 3168 321 3185 .
345 3168 352 3184 .
377 3167 384 3184 .
408 3135 427 3163 “
439 3112 583 3185 Caeterum
598 3126 668 3185 illud
685 3127 862 3204 superfluum
872 3128 1002 3186 videmus
1014 3126 1166 3206 adjectum,
1181 3141 1213 3187 ut
1224 3129 1260 3187 ds

59 3226 201 3304 episcopo
213 3224 383 3302 ambigatur,
396 3223 472 3298 quod
485 3224 660 3301 presbyteris
673 3223 760 3281 licere
771 3242 830 3282 non
841 3223 959 3283 dubium
973 3233 1026 3281 est.
1068 3225 1146 3283 Nam
1156 3224 1263 3286 idcirco

68 3323 105 3382 de
120 3323 296 3401 presbyteris
310 3322 416 3381 dictum
431 3333 484 3389 est,
500 3322 567 3395 quia
580 3322 711 3399 episcopi
724 3321 960 3398 occupationibus
973 3321 1036 3379 aliis
1053 3322 1196 3400 impediti,
1224 3323 1260 3385 ad

59 3438 164 3480 omnes
177 3420 327 3498 languidos
341 3421 381 3478 ire
396 3439 453 3479 nou
469 3430 599 3497 possunt.
643 3418 788 3479 Ceterum
810 3419 836 3477 si
848 3419 1002 3496 episcopus
1017 3429 1065 3478 aut
1085 3430 1189 3498 potest,
1213 3431 1262 3481 aut

60 3519 182 3597 dignum
197 3519 275 3577 ducit
288 3519 411 3593 aliquem
426 3539 443 3576 a
456 3539 487 3577 se
504 3517 677 3577 visitandum
691 3528 719 3576 et
732 3517 912 3586 benedicere,
927 3526 956 3576 et
970 3530 1085 3596 magere
1106 3519 1260 3580 chrismate

59 3616 124 3676 sine
138 3617 317 3676 cunctatione
332 3626 435 3694 potest,
459 3616 541 3693 cujus
556 3628 600 3674 est
621 3618 717 3692 ipsum
740 3615 866 3674 chrisma
879 3616 1032 3675 conficere.
1073 3617 1151 3676 Nam
1167 3620 1258 3695 poeni·

59 3714 185 3775 tentibus
197 3714 274 3772 istud
288 3714 399 3775 infundi
412 3733 470 3773 non
483 3723 586 3791 potest,
602 3714 670 3788 quia
682 3732 773 3791 genus
787 3724 831 3773 est
843 3713 1022 3773 sacramenti.
1063 3714 1140 3776 Nam
1154 3717 1259 3789 quibus

60 3811 173 3884 reliqua
193 3823 370 3870 sacramenta
391 3823 539 3888 negantur,
568 3809 715 3884 quomodo
734 3829 824 3870 uuum
841 3829 932 3889 genus
957 3821 1071 3888 putatur
1090 3830 1178 3888 posse
1192 3833 1261 3876 cou·

58 3908 126 3969 cedi
136 3908 183 3965 ΨΒ
223 3909 329 3983 Liquet
352 3928 410 3967 rem
426 3908 571 3967 indubiam
596 3907 721 3967 habitam
746 3926 811 3967 esse
825 3908 927 3968 Jacobi
941 3908 1027 3966 verba
1040 3906 1076 3965 de
1097 3911 1259 3988 aegrotanti·

57 4008 114 4067 bus
128 4006 260 4065 fidelibus
275 4005 458 4083 intelligenda
471 4025 546 4074 esse,
569 4014 599 4063 et
622 4005 707 4064 ritum
727 4007 826 4079 quinto
847 4004 952 4064 saeculo
966 4004 1081 4063 ineunte
1097 4013 1182 4065 totam
1198 4006 1257 4066 vim

57 4123 141 4163 suam
164 4105 295 4162 retinere.
337 4103 538 4163 Paenitentiam
561 4102 705 4180 publicam
732 4102 880 4180 agentibus
900 4121 959 4161 nou
980 4099 1107 4171 dabatur,
1127 4123 1144 4161 a
1167 4121 1259 4162 sacra·

55 4209 221 4265 mentorum
245 4202 323 4261 enirn
343 4200 525 4278 perceptione
548 4199 780 4278 prohibebantur,
795 4198 851 4258 nisi
872 4198 925 4257 sub
940 4199 1036 4276 ipsum
1049 4197 1114 4258 vita
1134 4198 1254 4268 exitum,

55 4316 149 4375 quum
164 4297 228 4359 aliis
242 4299 272 4360 in
286 4299 365 4377 gravi
379 4315 560 4372 quocumque
573 4296 637 4354 vitae
650 4295 815 4356 discrimine
830 4294 952 4355 daretur.

430 4474 472 4542 (1)
491 4470 567 4524 Hom
578 4471 603 4522 ii.
612 4473 639 4522 in
649 4468 729 4523 Lavit.

434 4561 477 4627 (2)
496 4557 526 4611 L.
537 4559 571 4609 iii.
582 4559 613 4609 de
624 4558 763 4610 Sacerdotis
771 4574 792 4612 c·
803 4557 837 4614 vi.

429 4644 472 4711 (3)
490 4643 538 4710 Ep.
549 4642 579 4694 ad
593 4642 747 4697 Decentium.

623 4733 680 4790 34*
