2774 5056
268 312 331 393 DE
354 314 464 384 AQUA
483 314 538 375 ΔΙ)
561 316 812 378 hartmutum
839 316 1109 379 NECESSARIA.
1249 318 1291 377 tta

89 479 179 530 autem
194 483 269 548 post
290 493 340 533 me
360 484 491 533 venturus
505 485 559 543 est,
583 476 680 535 sortior
692 495 740 535 ms
751 486 804 544 est,
818 478 901 554 cujus
916 488 974 536 nou
988 496 1051 538 sum
1066 477 1171 556 dignus
1185 475 1293 535 calces·

91 579 184 627 menta
196 581 318 647 portare
329 592 337 630 ι
358 573 421 650 ipse
435 592 490 632 vos·
500 573 655 650 baptizabit
666 575 696 633 in
711 575 818 652 Spiritu
832 575 939 633 Sancto
951 587 980 633 et
992 575 1101 653 igni.”²

129 665 222 747 Resp.
245 671 332 729 Nihil
343 671 418 730 favet
431 672 472 731 illi
487 673 709 749 interpretationi
718 674 867 732 verborum
880 672 999 741 Christi,
1012 692 1100 746 quum
1110 691 1183 747 aqua
1196 673 1293 749 primo

93 762 155 823 luco
168 767 345 837 nominetur,
360 768 447 827 veluti
460 788 506 827 res
518 788 584 842 qnae
598 770 721 846 primurn
733 770 762 829 in
772 771 913 846 baptismo
923 786 987 827 sese
1002 769 1085 828 offert
1096 790 1106 840 3
1118 780 1148 829 et
1156 769 1290 829 Christus

95 863 237 941 baptizare
247 867 370 944 jusserit
383 848 548 944 Apodtoios‚
560 880 589 927 et
600 869 731 944 Apostoli
741 870 767 927 ei
782 868 1003 946 obtemperando
1017 887 1120 941 aquarn
1138 882 1295 928 noscantur
1313 875 1323 891 ‘

97 961 285 1022 adhibuisse.¹
325 965 398 1024 Hec
412 967 528 1040 quidem
548 967 712 1044 symbolum
727 977 772 1025 eet
785 978 813 1025 et
825 968 920 1044 imago
941 967 1069 1044 puritatis
1092 985 1178 1040 quarn
1192 968 1291 1027 tribuit

102 1059 224 1137 Spiritus
238 1062 373 1130 Sanctus,
387 1066 512 1123 animam
527 1084 543 1123 a
558 1066 665 1141 peccati
685 1064 816 1124 sordibus
837 1063 1011 1132 mundando,
1026 1064 1077 1122 sed
1101 1082 1200 1122 revera
1209 1065 1293 1142 jussa

100 1169 141 1219 cst
164 1150 301 1229 adhiberi,
321 1150 379 1223 uec
401 1161 429 1220 id
455 1173 540 1240 negat
553 1162 703 1229 Calvinus,
718 1163 860 1236 coenaria,
874 1181 928 1221 suo
949 1163 1065 1239 ingenio
1079 1160 1241 1239 indulgens,
1255 1162 1291 1221 ad

101 1240 291 1335 metaphodam
307 1260 392 1319 verba
413 1259 532 1320 Domini
551 1260 734 1333 detorqueat:
756 1260 806 1319 sed
822 1261 893 1319 nihil
907 1277 960 1317 nos
975 1270 1099 1319 moratur
1119 1260 1181 1337 ejus
1196 1269 1295 1319 ancto-

103 1353 175 1427 ritas.
215 1354 311 1414 Ιιοιιιιι
325 1358 376 1429 qui
385 1357 519 1434 objicitur
530 1376 586 1416 non
600 1369 645 1415 est
651 1355 825 1436 parallelus,
838 1375 890 1415 nec
904 1358 980 1414 enim
992 1357 1067 1433 ignis
1080 1356 1158 1433 prius
1168 1357 1293 1433 ponitur,

106 1451 241 1511 velutires
250 1471 314 1527 qnae
323 1453 353 1512 in
364 1454 511 1532 Baptismo
520 1472 585 1513 sese
596 1454 679 1513 offert
693 1455 825 1513 sensibus
836 1454 887 1512 sed
899 1454 1019 1531 Spiritui
1031 1454 1136 1513 Sancto
1146 1453 1296 1532 subjungi·

107 1558 156 1617 tur,
169 1560 310 1625 tamquam
325 1552 457 1629 baptismi
468 1553 544 1611 illius
552 1572 649 1612 comes
661 1553 706 1610 vel
722 1552 852 1611 effectus.
874 1553 1015 1611 Preterea
1026 1570 1115 1625 quum
1126 1551 1296 1628 metaphora

110 1647 261 1707 necessarid
276 1648 456 1727 agnoscenda
468 1651 516 1718 sit,
530 1649 598 1709 dum
614 1651 751 1727 baptizari
765 1651 835 1726 igne
851 1649 916 1722 quis
937 1648 1048 1715 dicitur,
1063 1667 1165 1707 sensus
1181 1648 1298 1707 transla-

111 1753 151 1802 tus
161 1762 192 1803 se
206 1745 307 1823 prodit.
353 1746 383 1805 N
385 1765 422 1805 on
438 1747 476 1804 ita
487 1747 554 1805 dnm
569 1746 604 1805 de
619 1747 764 1805 nativitate
775 1746 883 1804 coelesti
894 1764 933 1804 ex
944 1765 1017 1818 aqua
1030 1756 1059 1803 et
1069 1746 1178 1821 Spiritu
1187 1745 1296 1805 Sancto

112 1841 201 1918 agitur,
211 1860 276 1901 nam
291 1861 381 1920 penes
396 1842 492 1901 Deum
504 1856 549 1901 est
562 1862 665 1916 aquam
679 1845 897 1903 instrumentum
912 1842 1056 1910 adhibere,
1069 1842 1154 1915 eique
1167 1841 1294 1918 Spiritus

114 1937 199 1999 Sancti
208 1939 303 1999 indere
315 1940 457 2010 virtutem,
472 1951 504 1998 nt
517 1941 582 2014 quis
591 1940 657 1999 Deo
669 1954 809 1998 nascatur.
850 1940 984 2016 igiturex
999 1941 1148 1997 verborum
1164 1939 1293 2016 ipsorum

114 2033 261 2097 mammo
281 2052 311 2097 et
323 2056 362 2096 ex
385 2036 520 2110 loquendi
540 2055 605 2106 usu,
620 2037 732 2097 diversa
752 2039 898 2111 utriusque
913 2037 969 2096 ioci
990 2038 1182 2114 interpretatio
1196 2038 1297 2104 oritur,

115 2135 256 2210 presertim
283 2154 373 2209 quum
387 2135 508 2212 plurima
523 2148 627 2213 praesto
641 2137 699 2195 sint
712 2137 874 2195 testimonia
887 2154 951 2210 quae
965 2137 1077 2194 obviam
1092 2153 1173 2208 aquae
1188 2134 1297 2211 signifi·

116 2231 238 2293 catonem
260 2232 422 2293 ostendant.
463 2232 549 2301 Quod
569 2243 664 2293 antem
678 2233 805 2295 Josnnes
819 2252 852 2291 ne
866 2252 941 2307 aqua
953 2233 1098 2316 baptizare
1111 2234 1141 2291 in
1154 2233 1296 2309 preniten-

119 2327 299 2400 tiundixerit„
314 2351 400 2393 suurn
414 2333 555 2411 baptisma
567 2333 709 2409 significat
722 2330 756 2390 ed
771 2331 898 2400 tendere,
912 2340 944 2390 ut
965 2331 1085 2403 quisquc
1106 2331 1141 2387 ad
1156 2330 1298 2405 preniten-

120 2424 174 2485 tim
196 2433 373 2497 excitaretur,
387 2429 519 2489 abluendi
533 2429 634 2487 animoe
656 2428 755 2486 sordes
775 2446 879 2487 cansa:
901 2446 991 2500 quum
1006 2427 1139 2486 Christus
1154 2427 1294 2501 Spiritum

119 2532 227 2585 smctrrm
245 2544 300 2585 suo
314 2525 482 2602 baptismate
509 2525 652 2584 tribueret.
694 2523 740 2582 De
765 2541 839 2596 aqua
865 2523 954 2590 siluit,
979 2523 1046 2596 qnia
1071 2540 1128 2580 raon
1141 2522 1297 2581 curatione

118 2629 243 2694 prestaret
253 2618 364 2679 chrini
377 2620 517 2698 baptisma
530 2639 594 2690 suo,
608 2620 660 2679 sed
671 2621 759 2698 gratia
772 2620 896 2697 Spiritus
911 2620 1019 2679 Sancti.

150 2719 190 2776 49.
212 2717 343 2798 ooj.1r.
365 2717 410 2777 Dc
424 2717 541 2787 diluvio,
557 2719 586 2777 in
609 2737 667 2792 quo
681 2719 764 2796 pauci
792 2717 923 2777 homines
947 2719 977 2777 in
1001 2736 1064 2777 arca
1086 2717 1189 2775 servati
1214 2727 1291 2787 sunt,

117 2810 219 2884 loquens
232 2816 265 2874 S.
280 2815 393 2881 Petrus,
414 2816 556 2892 baptismo
570 2835 623 2875 nos
643 2817 749 2874 serrari
769 2817 874 2893 pariter
896 2815 999 2883 docet;
1022 2815 1098 2886 quod
1119 2834 1154 2873 ne
1179 2814 1297 2887 quiade

118 2908 241 2970 ablutione
254 2930 328 2985 aqua
341 2911 414 2970 facta
427 2913 575 2990 intelligat,
589 2912 740 2991 diligenter
748 2913 946 2971 animadvertit
958 2932 965 2970 :
988 2912 1105 2980 “Quod
1118 2923 1146 2970 et
1155 2930 1207 2970 vos
1218 2930 1294 2971 nunc

116 3004 203 3065 similis
221 3007 320 3067 sornam
340 3006 436 3065 salvos
456 3008 523 3067 iacit
543 3010 701 3086 baptisma:
724 3028 781 3067 non
802 3010 895 3067 carnis
920 3007 1066 3085 depositio
1087 3008 1225 3076 sordium,
1244 3008 1297 3067 sed

116 3102 280 3163 eonscientiae
293 3104 375 3163 bona
389 3104 570 3181 interrogatio
581 3105 610 3164 in
625 3105 720 3165 Deum
734 3125 786 3182 per
799 3106 1035 3164 resurrectionem
1050 3104 1119 3165 Jesu
1135 3105 1297 3164 Christi.'’⁸

117 3193 249 3262 Ἀηότωιιν
271 3212 353 3261 vocat
376 3202 515 3279 baptisma
541 3202 660 3272 Christi,
681 3203 791 3263 scilicet
814 3203 891 3276 quod
915 3214 984 3279 typo
1000 3203 1160 3280 respondet,
1187 3204 1297 3280 Spiritu

115 3290 206 3356 Sancto
218 3300 328 3358 scilicet
341 3300 384 3369 fir,
397 3302 479 3379 cujus
499 3303 616 3379 gratiam
630 3303 780 3363 salutarem
801 3321 876 3376 aqua
903 3322 960 3376 qua
980 3321 1045 3359 arca
1071 3313 1230 3360 sustentata
1250 3317 1295 3360 est

114 3391 295 3470 significavit.⁴

145 3489 228 3571 Resp.
249 3494 320 3553 Non
340 3494 485 3554 haecdicit
504 3497 607 3556 Petrus
628 3508 659 3555 ut
678 3517 780 3573 aquam
801 3497 922 3575 deneget
942 3497 1069 3555 adhiberi
1091 3497 1120 3554 in
1141 3497 1296 3572 baptismo,

114 3601 170 3645 uam
191 3588 345 3649 Cornelius
365 3593 468 3665 auique
496 3611 569 3665 aqua
595 3594 683 3652 abluti
709 3606 786 3669 sunt,
814 3595 901 3652 Petro
928 3605 1052 3651 anctore.
1093 3593 1183 3652 Recte
1198 3603 1294 3653 autern

112 3696 198 3745 monet
210 3688 303 3764 ipsam
316 3691 445 3767 corporis
459 3692 642 3759 ablutionem,
657 3710 720 3768 qna
735 3691 770 3749 ad
790 3693 883 3751 carnis
896 3690 997 3751 sordes
1016 3691 1210 3751 emundandas
1226 3705 1292 3751 nata

112 3793 158 3853 vt,
166 3806 221 3849 nun
232 3807 297 3848 esse
311 3808 370 3848 rem
383 3790 573 3868 precipuum
589 3810 655 3851 nam
669 3792 842 3851 conscientia
856 3792 938 3858 hona,
950 3791 1007 3850 fide
1020 3792 1131 3851 scilicet
1143 3792 1291 3859 illustrata,

113 3893 137 3938 ct
147 3883 179 3943 ad
188 3885 284 3945 divina
298 3887 428 3947 mandata
439 3899 543 3964 parata,
557 3890 716 3948 necessaria
728 3899 782 3956 est,
796 3900 829 3948 ut
840 3891 905 3963 quis
927 3888 1038 3948 adultus
1052 3900 1181 3967 resurgat
1193 3909 1210 3949 e
1226 3909 1293 3966 pec·

113 3992 176 4042 etto.
214 3985 305 4062 igitur
327 3986 486 4062 baptizatae
514 3989 679 4057 renascitur,
704 3989 732 4047 ri
761 3988 871 4047 Christi
891 3991 1118 4057 resurrectionis,
1136 3989 1294 4048 dnmmodo

112 4079 209 4142 nullum
231 4083 343 4143 obicem
358 4102 443 4161 prava
456 4086 632 4144 conscientia
645 4086 775 4164 objiciat,
811 4085 897 4154 Quod
920 4096 1015 4144 antem
1029 4086 1170 4163 baptisma
1184 4086 1294 4145 Christi

144 4289 180 4354 (1)
197 4290 312 4342 martiii
326 4295 365 4341 11.

144 4375 181 4442 (2)
199 4382 213 4407 ¹⁴
221 4376 288 4427 That
297 4378 339 4428 the
350 4385 410 4428 tamt
421 4381 509 4443 ddoaeo5
525 4387 591 4429 must
601 4382 631 4430 be
642 4379 791 4432 understood
803 4378 831 4430 of
837 4378 949 4444 baptism,
960 4378 981 4428 is
996 4379 1062 4445 quite
1073 4378 1139 4445 plain
1150 4378 1211 4428 sronr
1222 4375 1296 4427 Titus

118 4460 149 4512 iii.
162 4465 184 4521 d,
195 4462 242 4511 an'd
253 4462 321 4512 other
336 4465 476 4527 passages.”
511 4465 663 4515 Bloomfield.

146 4548 183 4612 (8)
203 4547 224 4596 Ι.
234 4547 329 4617 Petjii.
341 4552 381 4598 21.

146 4636 182 4696 (t)
198 4633 294 4704 Burclay
305 4652 372 4704 prop·
384 4635 426 4688 xii.
454 4635 532 4688 Proos
538 4636 562 4693 4,
574 4638 588 4696 5
601 4633 632 4686 iv.
