2774 5056
360 837 805 922 TRACTATUS
851 839 1013 921 XIII.

197 1208 324 1328 ΒΕ
386 1206 1162 1332 INDULGEN'I'IIS.

538 1604 846 1622 ..ψ-ι--ι-ι-ῃῃ

508 1857 874 1912 PRAENO'I'ANIIA.

117 2109 144 2162 l.
166 2086 413 2181 indulgentiamm
425 2103 580 2163 occasione
590 2111 654 2164 orta
665 2112 712 2163 est
722 2103 841 2164 Lutheri
854 2104 973 2166 heresis
986 2123 994 2163 τ
1016 2123 1107 2180 quum
1120 2104 1199 2165 enim
1212 2105 1278 2166 Leo

75 2201 116 2260 X.
130 2200 261 2261 fidelium
276 2199 402 2260 studium
415 2199 450 2260 ad
464 2200 667 2276 eleemosynas
680 2201 711 2259 in
724 2202 825 2280 templi
847 2203 879 2261 S.
896 2202 974 2261 Petri
988 2201 1163 2261 erectionem
1178 2202 1279 2262 conse-

75 2300 179 2360 rendas
201 2309 233 2357 ut
252 2299 397 2368 excitaret,
419 2298 571 2359 obtulisset
590 2298 795 2377 indulgentias,
817 2299 868 2358 has
891 2298 1091 2379 promulgandi
1105 2300 1137 2360 in
1152 2301 1280 2361 Saxonis

78 2415 184 2456 munus
199 2394 318 2454 Tezelio
332 2414 371 2453 ex
390 2395 490 2454 ordios
511 2396 545 2454 S.
559 2394 720 2463 Dominici,
735 2407 764 2453 et
783 2396 915 2455 fratribus
937 2396 1008 2463 suis,
1020 2394 1222 2455 demandatum
1236 2408 1282 2456 est

78 2497 115 2555 ab
125 2494 255 2563 Alberto,
265 2495 495 2572 Archiepiscopo
504 2495 688 2573 Moguntino,
701 2512 765 2568 qun
777 2514 822 2553 res
832 2495 959 2554 Luthero
969 2494 1088 2568 aliisque
1100 2494 1285 2555 exEremitis·

76 2595 110 2652 S.
125 2592 279 2670 Augustini
304 2591 458 2650 offensioni
478 2591 541 2650 fuit.
582 2594 668 2651 Anno
692 2595 768 2653 1517
788 2591 926 2652 adfinem
942 2600 1087 2669 vergente,
1103 2590 1171 2651 dum
1186 2592 1284 2651 turbae‘

75 2689 203 2765 undique
225 2689 401 2747 confluerent
421 2688 458 2746 ad
480 2676 671 2767 indulgentias
692 2689 908 2768 comparandas,
924 2689 1068 2748 liutherus
1083 2689 1277 2768 Witteubergi·

78 2788 113 2847 de
136 2789 171 2847 iis
189 2787 288 2846 habuit
311 2787 489 2855 concionem,
511 2787 542 2846 in
562 2787 674 2862 quade
694 2807 792 2847 earum
814 2789 904 2847 abusu
925 2795 1043 2862 questus
1064 2795 1118 2856 est,
1133 2797 1162 2845 et
1175 2806 1277 2848 earum

78 2885 279 2945 necessitatem
293 2884 482 2961 impugnavit,
496 2903 572 2944 nora
585 2886 733 2963 proposita
747 2885 874 2945 doctriua
896 2884 931 2944 de
953 2883 1010 2943 fide
1025 2903 1082 2958 qua
1091 2885 1163 2963 justi
1177 2885 1286 2945 efficia·

79 3005 155 3053 mur,
171 2983 249 3042 nullo
264 2982 455 3042 satisfaciendi
476 3002 562 3042 onere
582 2985 699 3062 gravati,
715 2985 794 3043 nulla
814 2983 934 3062 proinde
954 3002 1048 3061 poenae
1064 2983 1226 3062 indigentes
1241 3004 1284 3044 re·

78 3083 229 3144 missione.
271 3079 408 3139 Credenti
426 3080 535 3139 Christi
545 3082 688 3158 justitiam
704 3083 837 3160 Imputari
851 3083 957 3149 docuit,
972 3081 1007 3140 ad
1024 3081 1139 3160 plenam
1153 3093 1286 3159 peccato·

80 3198 144 3239 rum
160 3179 284 3236 reniam.
326 3175 466 3236 Calvinus
480 3177 546 3255 ejus
558 3176 664 3254 pressit
677 3179 806 3256 vestigia,
821 3187 851 3236 et
864 3177 1013 3237 aemulatus
1031 3190 1076 3235 est
1089 3177 1282 3236 calumniandi

78 3272 241 3340 libIdinem,
255 3272 333 3330 omni
358 3290 475 3350 prorsus
500 3271 674 3331 contumelia
695 3270 886 3351 indulgentias
911 3273 1066 3332 infamaris.
1106 3272 1283 3335 Praeiveraut

78 3373 191 3446 utrique
207 3369 378 3429 Waldenses
392 3383 421 3430 et
436 3369 638 3430 Wiclrleffitae:
662 3371 752 3433 secuti
773 3385 840 3432 sunt
858 3371 1039 3440 Ismeniam,
1055 3371 1163 3449 quibus
1175 3373 1280 3435 merito

79 3478 247 3529 accensetur
266 3468 419 3544 episcopus
440 3466 542 3527 infelix
563 3459 758 3536 Pistorieusis,
780 3467 912 3536 Ricoins,
924 3487 991 3530 cum
1010 3486 1064 3525 sua
1083 3467 1220 3544 synod03
1243 3470 1275 3532 hi

80 3567 193 3626 scilicet
206 3565 264 3624 uim
278 3564 517 3642 indulgentiarum
530 3575 709 3634 evacuantes,
722 3563 758 3623 de
770 3565 831 3624 sola
845 3565 990 3626 canonica
1005 3565 1179 3642 penitentia
1189 3567 1282 3627 relax·

83 3663 179 3721 atione
204 3678 253 3719 aas
276 3660 431 3738 explicent.
473 3659 668 3730 oxonienses,
691 3660 893 3739 indulgentias,
917 3660 1016 3735 quales
1043 3680 1120 3721 nunc
1144 3662 1286 3733 obtinent,

82 3760 182 3819 dicunt
195 3757 345 3817 recentiori
359 3777 421 3817 nvo
433 3776 498 3816 esse
512 3757 704 3818 adinventas²

122 3863 153 3916 2.
169 3856 246 3914 Vera
255 3853 452 3934 indulgentie
463 3857 555 3926 notio,
569 3866 652 3934 prout
662 3857 692 3916 in
704 3856 883 3917 documentis
894 3856 1109 3918 Ecclesiasticis
1121 3870 1281 3938 usurpatur,

80 3965 126 4014 est
139 3953 272 4013 remissio
294 3972 386 4031 poeuae
410 3954 575 4030 temporalis
589 3955 714 4032 peccatis
730 3956 792 4033 jam
808 3954 940 4013 remissis
960 3953 1073 4023 debitae,
1099 3956 1173 4016 facta
1197 3967 1278 4017 extra

80 4061 290 4112 sacramentum
305 4050 340 4108 ab
355 4068 390 4108 eo
405 4049 452 4108 cui
468 4049 592 4113 clavium
611 4063 741 4128 potestas
760 4060 813 4120 est,
828 4060 857 4110 et
872 4051 922 4128 jus
945 4050 1112 4112 thesaurum
1132 4051 1274 4111 Ecclesia

81 4145 280 4227 dispensandi.
321 4147 438 4206 Peccati
458 4148 593 4207 remissio
614 4148 693 4208 nulla
716 4147 901 4226 indulgentiis
925 4148 1103 4220 conceditur,
1127 4168 1193 4211 nam
1217 4149 1280 4209 haec

80 4245 189 4327 pendet
203 4265 243 4308 en
255 4245 380 4306 clavium
401 4264 456 4306 usu
470 4246 503 4309 in
524 4247 658 4306 tribunali
682 4246 878 4325 peonitentiae
897 4245 950 4305 sed
973 4266 1068 4325 poenac
1088 4257 1279 4326 peccatorum,
1321 4318 1329 4329 .

76 4363 154 4423 quas
180 4362 262 4423 sape-
286 4362 403 4405 mausre
427 4343 549 4404 luendas
574 4343 846 4413 demonstravimus,
868 4342 1055 4424 indulgentiis
1081 4345 1273 4405 remittuntur.

556 4539 599 4606 (r)
618 4535 828 4600 recenant

667 4627 723 4685 aa*
1275 4656 1310 4712 ¹
