2812 5062
153 338 213 397 240
305 330 361 395 DE
382 328 676 393 COMMUNIONE
697 329 776 391 SUB
798 326 1000 396 brunone
1020 324 1184 387 SPEClE.

195 493 284 572 Rcep.
306 492 424 569 Optime
436 489 551 565 quidem
564 508 617 568 pro
630 489 738 549 ratiorm
750 488 877 548 locorum
889 497 918 546 et
928 496 1089 563 temporum
1098 482 1349 544 morabamur

156 578 326 653 eucharistia
339 589 453 667 publice
467 588 521 648 sub
541 597 660 661 utraque
680 587 798 664 speclea
820 584 872 645 sed
895 595 925 644 ct
945 583 1123 644 laudabiliter
1141 579 1351 643 recentioribus

158 688 333 767 temporibus
347 687 494 747 immutata
507 695 551 745 est
571 684 731 762 disciplina,
743 693 775 742 ut
796 682 923 761 periculo
943 680 1094 742 effusionis
1114 679 1232 740 obviam
1252 678 1349 746 iretur,

157 798 186 844 et
198 785 234 844 iis
248 783 440 843 consuleretur
455 782 504 855 qui
525 782 557 840 in
575 778 841 858 septentrionalibus
862 778 1036 856 regionibus,
1055 776 1106 836 ubi
1126 775 1187 835 riui
1207 775 1350 834 laboratur

159 883 265 959 iuopia,
280 880 395 959 degunt.
438 879 600 939 Prosertim
614 875 680 937 rerd
695 876 766 935 t'alsa
780 885 956 954 propugnata
967 874 1107 935 seutemm
1120 871 1157 932 de
1170 871 1349 931 Sacramenti

158 990 266 1048 natura,
281 978 357 1053 quod
372 979 401 1037 in
416 994 489 1054 pane
503 986 532 1035 et
544 975 612 1035 vino
624 975 832 1035 constituebant
851 986 1010 1043 novatores,
1021 990 1142 1034 ascens
1154 969 1210 1031 tait
1223 969 1349 1048 discipli·
1396 1044 1398 1059 Ι

160 1095 226 1136 nam
240 1076 347 1134 sensim
359 1075 421 1131 sine
435 1091 521 1131 seusu
536 1071 680 1131 inductam
693 1071 775 1129 tueri.
1017 1126 1020 1131 ,

198 1179 267 1235 317.
292 1171 358 1251 obj.
370 1177 399 1230 8.
420 1172 499 1249 Lege
512 1172 582 1231 olim
596 1170 796 1249 praescriptum
815 1180 860 1227 est
881 1180 912 1227 ut
925 1186 1028 1229 omnes
1040 1167 1094 1227 sub
1115 1175 1240 1240 ubsque
1253 1164 1348 1243 specie

159 1273 358 1333 eucharistiam
385 1271 572 1350 perciperent,
599 1278 628 1327 st
647 1267 835 1343 quorumdam
856 1268 998 1327 ooubaria
1022 1264 1202 1326 consuetudo
1216 1265 1349 1341 supersti-

159 1370 245 1429 tionis
259 1367 390 1428 damnata
400 1378 460 1426 est:
477 1367 555 1425 “Sic
568 1365 646 1426 euim
655 1366 781 1440 loquitur
796 1364 929 1424 Gelenius
942 1363 991 1444 (de
1004 1380 1131 1424 consecr.
1148 1361 1217 1423 dist.
1230 1366 1259 1420 2.
1274 1360 1347 1440 Cap.

161 1464 396 1544 Comperimus):
419 1464 632 1542 Comperimus,
649 1462 725 1538 quod
751 1461 876 1537 quidam,
895 1471 1008 1540 sumpts
1029 1460 1227 1521 tantummodo
1250 1479 1348 1538 corpo-

160 1565 199 1623 ris
213 1564 286 1621 sacri
300 1562 439 1639 portione,
461 1560 578 1619 acalice
600 1560 778 1618 abstineant:
800 1559 848 1633 qui
870 1559 970 1637 procul
990 1557 1086 1626 dnbio,
1102 1558 1240 1632 quoniam
1253 1557 1348 1617 nescio

160 1680 217 1736 qua
231 1660 432 1738 superstitione
447 1657 577 1718 videntur
590 1657 726 1727 adstricti,
741 1667 790 1716 aut
802 1657 910 1735 integra
933 1667 1107 1716 sacramenta
1119 1657 1289 1733 percipiant,
1304 1665 1350 1714 aut

159 1758 196 1816 ab
210 1757 327 1834 integris
341 1767 497 1815 arceantur.
539 1755 653 1816 Divisio
666 1755 744 1814 euim
764 1754 847 1813 istius
868 1755 997 1831 mysterii
1011 1755 1074 1814 siue
1086 1753 1189 1833 grandi
1201 1753 1349 1832 sacrilegio

161 1872 219 1912 non
234 1851 434 1912 admittitur.”¹
853 1864 856 1868 ’

200 1948 289 2028 Reap.
312 1949 489 2009 Maniohaeos
516 1959 594 2008 notat
607 1947 752 2018 Gelasius,
774 1949 823 2022 qui
844 1950 941 2008 vinum
962 1967 980 2006 a
998 1947 1074 2007 malo
1094 1947 1239 2026 principio
1258 1956 1349 2009 ortum

162 2060 322 2116 censentes,
333 2047 444 2106 acalice
458 2064 539 2106 sacro
550 2047 745 2116 abhorrebant,
757 2065 792 2106 eo
803 2046 880 2120 quod
893 2045 964 2105 illud
972 2047 1002 2105 iu
1013 2065 1048 2105 eo
1057 2046 1238 2106 conficiendo
1244 2045 1352 2106 adhibi·

161 2158 222 2206 tum
238 2147 329 2205 suerit.
371 2145 416 2204 De
437 2146 473 2204 iis
497 2155 615 2219 questus
640 2145 732 2204 fueram
751 2145 784 2204 S.
799 2145 871 2204 Leo.
893 2145 926 2204 ln
948 2145 983 2203 iis
1003 2162 1095 2204 rerum
1116 2144 1258 2223 adjunctis
1277 2156 1353 2205 certe

163 2246 242 2304 licuit
252 2246 353 2322 jubere
368 2255 399 2303 ut
408 2247 461 2303 sub
475 2256 592 2318 utraque
607 2245 704 2322 specie
719 2243 969 2312 administraretur,
980 2262 1017 2303 ne
1030 2245 1197 2322 superstitio
1211 2245 1260 2305 illa
1269 2246 1353 2304 sacri·

162 2343 225 2421 lega
239 2343 346 2400 lateret.
389 2341 460 2400 Hrec
474 2350 519 2399 est
531 2341 578 2399 illa
592 2340 696 2400 divisio
711 2340 914 2417 mysteriique
929 2341 991 2400 sine
1011 2341 1110 2419 grandi
1130 2342 1284 2423 sacrilegio
1296 2361 1352 2403 non

161 2440 327 2506 admittitur,
342 2439 449 2516 quippe
480 2456 544 2512 que
569 2437 755 2498 Dominicum
781 2439 950 2516 sanguinem
969 2439 1061 2516 rejicit
1086 2458 1124 2498 ex
1150 2442 1354 2518 superstitione

165 2540 262 2615 impia,
285 2558 341 2611 qua
368 2536 497 2596 Creatori
518 2536 676 2614 derogatur.
732 2538 781 2595 Sic
808 2537 895 2595 altero
915 2547 977 2595 orto
1000 2556 1095 2597 errore
1117 2538 1152 2596 de
1178 2540 1356 2599 Sacrameuti

164 2646 272 2698 natura,
287 2633 394 2708 optime
409 2633 505 2690 statuit
518 2633 652 2690 Ecclesia
663 2632 843 2710 disciplinam
856 2633 975 2691 retinere
985 2634 1046 2712 jam
1061 2634 1216 2706 inductam,
1229 2654 1267 2697 ne
1280 2656 1357 2696 error

163 2729 314 2795 foveretur,
327 2747 384 2801 quo
399 2729 429 2786 in
444 2747 514 2804 pane
529 2740 557 2786 et
572 2729 638 2787 vino
658 2729 871 2788 Sacramentum
886 2731 1117 2791 constituebatur.

203 2828 270 2882 318.
297 2822 363 2902 Obj.
379 2827 407 2883 9.
429 2825 546 2883 Frustra
560 2825 629 2883 tales
644 2825 819 2902 legislatores
842 2828 998 2903 “pericula
1018 2829 1185 2900 obtendunt,
1205 2848 1272 2906 quaa
1286 2833 1356 2891 aeci·

164 2921 230 2979 dere
246 2935 372 2998 possent,
395 2923 420 2979 si
436 2922 568 2980 omuibus
594 2923 702 2999 passim
722 2935 912 3001 exponeretur
931 2945 1012 2984 sacer
1031 2926 1079 2985 hic
1099 2928 1193 2986 calix:
1215 2949 1253 2988 ac
1273 2930 1300 2988 si
1322 2931 1356 2988 ab

164 3031 268 3077 aeterna
282 3017 338 3076 Dei
349 3018 486 3095 sapientia
500 3032 651 3096 prospecta
665 3038 698 3077 ea
712 3031 740 3078 et
754 3023 949 3082 animadversa
962 3042 1020 3082 non
1034 3025 1179 3084 esseut.’'³

204 3115 292 3195 Resp.
308 3117 413 3176 Omnia
424 3128 520 3174 sunta
541 3117 604 3176 Deo
625 3120 755 3195 praevisa,
777 3122 826 3194 qui
848 3133 940 3182 tamen
959 3122 1054 3200 legem
1073 3124 1174 3184 tulisse
1187 3125 1223 3185 de
1237 3141 1355 3200 utraque

165 3217 262 3293 speeie
277 3215 415 3274 sumenda
428 3216 513 3292 gratis
529 3214 639 3274 dicitur.
681 3216 791 3276 ideirco
805 3218 861 3277 Dei
880 3219 942 3297 lege
964 3220 1017 3279 bac
1036 3221 1071 3280 de
1085 3241 1116 3281 re
1129 3222 1205 3281 haud
1220 3223 1358 3294 1113,Εο-

166 3315 260 3373 clesiae
275 3326 333 3373 erat
347 3313 374 3372 id
396 3325 517 3373 statuere
538 3315 612 3373 eirca
640 3315 886 3377 Sacramentorum
912 3319 1196 3392 administrationem,
1212 3324 1291 3398 quod
1305 3343 1357 3403 pro

167 3424 326 3490 temporum
340 3413 524 3484 locorumque
540 3411 679 3489 adjunctis
693 3414 829 3491 expedire
844 3415 978 3476 videatur.

207 3515 275 3569 319.
301 3508 367 3588 obj.
392 3513 437 3567 10.
460 3509 596 3568 Mancum
617 3519 661 3568 est
681 3510 904 3582 Sacramentum,
926 3515 1009 3588 quale
1031 3516 1173 3577 Catholici
1193 3519 1310 3590 habent,
1331 3533 1358 3579 et

168 3608 203 3663 ab
218 3607 266 3664 illo
281 3605 356 3678 quod
371 3605 504 3664 Christus
522 3607 642 3665 instituit
654 3617 682 3664 et
696 3617 753 3666 tota
767 3609 919 3668 celebravit
932 3613 1093 3686 antiquitas,
1108 3614 1265 3677 diversum.

214 3703 297 3780 Resp.
321 3705 464 3781 Integrum
480 3715 523 3762 est
544 3706 767 3774 Sacramentum,
782 3726 870 3781 quum
885 3708 1019 3769 Christus
1034 3720 1109 3771 totus
1125 3714 1198 3772 adsit
1210 3724 1242 3773 et
1267 3716 1356 3785 detur,

144 3870 148 3876 Δ
171 3801 268 3859 salutis
283 3811 392 3860 aeterum
415 3805 476 3879 ipse
496 3803 619 3880 largitor.
661 3803 738 3863 Cum
754 3807 862 3865 Christi
876 3809 1050 3869 institutione
1063 3814 1179 3873 omnino
1194 3816 1357 3885 concordat,

171 3897 249 3971 quod
263 3900 383 3974 pertinet
396 3899 431 3956 ad
442 3901 636 3968 substantiam,
652 3913 696 3959 est
709 3905 786 3961 enirn
800 3922 903 3982 corpus
920 3917 948 3964 et
969 3910 1084 3986 sanguis
1099 3912 1171 3987 ejus.
1214 3912 1275 3971 Sed
1289 3916 1359 3973 ratio

172 4014 228 4069 qua
242 3996 320 4053 datur
345 3997 521 4065 diversaest,
543 3998 616 4055 siout
636 4011 664 4056 et
686 3999 835 4077 adjuncta:
858 4003 934 4075 quod
958 4023 1042 4063 nemo
1063 4008 1145 4065 nobis
1167 4009 1237 4068 vitio
1252 4020 1359 4070 vertere

172 4094 256 4152 debet
270 4094 318 4165 qui
332 4112 389 4152 non
405 4105 496 4152 servet
511 4093 545 4152 ad
559 4098 696 4155 amussim
717 4099 812 4156 omnia
833 4119 895 4174 quae
916 4103 946 4160 in
971 4105 1032 4180 ejus
1053 4105 1230 4166 institutione
1251 4119 1360 4168 servata

174 4203 248 4252 sunt.
291 4190 362 4257 Quis
389 4203 480 4251 autern
495 4191 569 4251 dieat
588 4193 785 4254 eucharistiam
807 4197 836 4255 in
864 4197 1019 4259 diversorio
1040 4202 1085 4260 vel
1113 4205 1214 4281 privati
1239 4207 1360 4286 alicujus

628 4469 667 4532 (1)
687 4466 805 4519 Calvinus
816 4470 833 4521 l.
843 4471 875 4524 iv.
885 4471 944 4524 lust.
956 4489 977 4524 e.
988 4475 1045 4527 xvii.
1052 4492 1077 4528 n.
1086 4476 1127 4528 50.

635 4553 675 4617 (2)
695 4552 796 4606 Ibidem.
