2774 5056
10 256 17 285 '
511 281 809 343 oaracrronas.
1201 287 1257 345 rra

10 412 22 503 l
59 436 223 501 Christus:
246 448 320 518 ‘ego
334 458 399 499 sum
414 440 481 499 vitis
495 459 562 499 vera
572 442 593 510 3'
613 441 729 519 sanguis
744 439 855 501 Christi
869 459 927 500 non
941 461 1015 515 aqua
1028 450 1073 500 est
1084 442 1193 516 utique,
1208 442 1260 502 sed

10 514 40 639 ²:²⁸2
57 534 176 597 rhum.
218 536 283 596 Nec
296 548 391 614 potest
405 537 494 596 videri
507 540 622 615 sanguis
637 540 714 616 ejus,
728 557 785 612 quo
806 537 947 616 redempti
967 548 997 596 et
1009 539 1144 598 vivificati
1159 559 1258 600 sumus

10 676 16 705 ,
58 633 174 693 esseio
189 633 288 703 calice,
304 634 417 708 quando
432 635 529 693 vinum
545 635 619 694 desit
639 635 730 704 calici,
746 653 803 708 quo
825 635 933 693 Christi
954 636 1070 712 sanguis
1091 636 1259 706 ostenditur,

10 732 17 785 l
61 735 115 807 qni
128 733 333 809 scripturarum
354 732 482 791 omnium
504 743 680 792 sacramento
701 752 733 791 ac
754 733 917 792 testimonio
938 733 1134 810 praedicatur.”
1156 775 1164 792 .
1187 776 1195 793 .
1218 777 1226 794 .
1251 777 1259 792 .

10 796 43 985 θ
61 825 238 886 “Videmus
256 827 286 885 in
309 846 382 901 aqua
395 829 535 905 populum
556 828 686 906 intelligi,
701 830 731 887 in
746 830 812 887 vino
832 829 944 887 ostendi
957 830 1124 906 sanguinem
1140 831 1259 890 Christi.

10 992 21 1023 r
39 970 42 975 .
65 922 193 991 Quando
206 933 301 983 autem
316 925 345 983 iu
360 925 448 982 calice
462 925 529 983 vino
544 945 617 998 aqua
631 927 776 995 miscetur,
792 925 910 985 Christo
930 927 1053 1004 populus
1073 926 1219 996 adunatur,
1234 937 1264 987 et

10 1034 21 1103 y
69 1021 250 1081 credentium
265 1022 346 1099 plebs
361 1022 387 1080 ei
403 1023 432 1080 in
447 1041 531 1096 quem
546 1022 674 1092 eredidit,
687 1024 834 1100 copulatur
844 1035 872 1082 et
881 1024 1053 1101 jungitur.”¹
1081 1024 1169 1084 Juxta
1179 1025 1263 1084 realis

10 1110 34 1199 L,
66 1101 230 1199 praesentia
255 1131 389 1197 patronos
412 1139 465 1180 nec
486 1140 560 1194 aqua
586 1140 639 1180 nec
666 1124 765 1181 vinum
792 1122 910 1180 habetur
936 1122 966 1180 in
993 1123 1091 1190 calice,
1120 1121 1170 1180 sed
1184 1122 1263 1181 solus

20 1218 23 1223 '
67 1214 184 1277 Christi
205 1218 333 1294 sanguis,
349 1216 419 1276 adeo
442 1229 473 1275 ut
493 1236 529 1275 ne
551 1217 666 1291 quidem
689 1219 737 1277 illa
755 1218 864 1276 Christi
885 1237 949 1277 cum
971 1219 1078 1295 populo
1098 1218 1176 1276 fideli
1197 1237 1264 1277 con·

61 1314 181 1393 junctio
195 1315 224 1374 in
239 1315 423 1375 Sacrarnento
438 1315 615 1385 exhibeatur,
630 1318 659 1375 ni
680 1317 789 1393 placeat
809 1335 910 1389 aquam
925 1317 1052 1375 converti
1068 1317 1098 1374 in
1113 1317 1262 1395 populum,

10 1410 21 1537 'p
68 1412 260 1473 sieutvinum
276 1431 446 1472 conversum
468 1412 570 1473 dieitur
590 1415 619 1472 in
641 1414 750 1472 Christi
771 1414 950 1491 sanguinem.
992 1412 1036 1472 Ita
1057 1415 1194 1484 Casinus,
1215 1415 1265 1488 qui

10 1566 23 1595 ,Ι
64 1520 165 1571 tamen
180 1510 323 1588 Cypriani
337 1513 422 1570 verba
436 1512 523 1570 veluti
538 1512 691 1581 adducens,
707 1531 824 1571 sensum
839 1531 924 1586 quern
939 1532 976 1571 ex
991 1514 1026 1570 iis
1037 1515 1189 1589 expressit,
1204 1515 1264 1572 suis

10 1596 16 1675 l
66 1608 119 1671 dat
132 1610 238 1678 verbis,
252 1611 380 1687 pessimo
394 1611 528 1687 exemplo
543 1612 664 1669 auctoris
681 1621 805 1669 mentem
820 1612 893 1669 male
909 1611 1121 1688 interpretans.fl

119 1706 212 1786 Respa.
248 1708 414 1786 Cyprianus
449 1708 556 1786 duplici
590 1728 627 1767 ex
662 1711 753 1786 capite
787 1709 848 1767 vini
882 1719 910 1767 et
943 1729 1024 1783 aquae
1059 1709 1266 1770 admixtionem

66 1813 164 1883 urget,
193 1805 286 1882 primo
313 1804 441 1879 quidem,
470 1824 533 1878 quas
567 1806 711 1882 praecipua
737 1814 782 1862 est
808 1805 888 1874 ratio,
913 1805 989 1878 quod
1025 1806 1168 1864 Dominus
1202 1807 1267 1864 cali-

24 1932 29 1937 ·
66 1918 133 1963 eom
147 1902 209 1961 vini
233 1919 306 1977 aqua
327 1902 475 1981 temperati
498 1902 665 1969 adhibuerit,
681 1911 700 1938 ‘⁴
713 1900 789 1974 quod
810 1900 897 1960 lesus
918 1900 1063 1968 Christus,
1077 1902 1218 1959 Dominus
1239 1914 1268 1960 et

23 2030 36 2061 ·.
46 1996 154 2067 ,elisus
167 2008 274 2067 noster,
289 1990 421 2058 sadrifioii
436 1999 520 2076 hujus
536 2009 626 2067 autor,
641 2007 670 2056 et
682 1997 781 2056 doctor
794 1997 861 2055 fecit
874 2008 902 2055 et
915 1997 1011 2056 docuit
1023 1998 1053 2066 ;”
1074 1997 1175 2056 deinde
1190 1999 1268 2072 quod

82 2174 85 2183 Ι
101 2096 197 2175 ystioa
210 2098 382 2174 significatio
396 2097 463 2155 huic
478 2096 646 2156 admixtioni
661 2097 805 2164 inhaereat,
821 2097 917 2154 vinum
933 2097 1040 2173 quippe
1056 2096 1203 2155 Christum
1219 2116 1269 2156 ex·

59 2264 63 2271 ¹
95 2195 165 2264 'bat
180 2196 230 2269 qui
244 2197 458 2265 estveravitis,
483 2215 556 2269 aqua
578 2196 715 2272 populum
739 2194 877 2271 designat.
919 2194 967 2253 Ex
992 2196 1133 2253 veteribus
1158 2196 1268 2273 figuris,

61 2292 149 2353 'deut
161 2302 191 2351 et
204 2311 241 2352 ex
256 2294 322 2352 novi
338 2293 518 2351 Testamenti
533 2293 703 2351 testimoniis
718 2291 842 2350 ostendit
857 2292 953 2349 vinum
969 2302 1034 2369 apte
1050 2291 1196 2350 Christum
1219 2312 1269 2351 ex·

28 2370 183 2473 ''Jlribara
198 2400 227 2447 et
250 2389 396 2447 contendit
419 2387 488 2447 illud
513 2389 630 2446 omnino
651 2406 715 2445 esse
736 2389 939 2455 necessarium,
954 2406 1043 2459 quum
1065 2405 1099 2444 eo
1116 2387 1267 2447 deficiente

36 2508 54 2517 ··
74 2496 166 2547 “neo
178 2497 274 2565 potest
287 2488 377 2546 videri
391 2487 507 2565 sanguis
522 2487 595 2564 ejus,
611 2505 667 2559 quo
681 2484 820 2561 redempti
836 2494 864 2541 et
884 2485 1018 2542 vivificati
1039 2503 1138 2542 sumus
1154 2504 1217 2544 esse
1238 2488 1270 2546 in

47 2576 195 2661 'sealioo’'
237 2584 345 2643 Vinum
361 2584 447 2661 igitur
460 2594 488 2642 et
502 2602 575 2656 aqua
595 2601 675 2640 sacro
698 2581 802 2658 poculo
817 2579 942 2639 admixta
956 2582 1029 2639 fiunt
1045 2582 1136 2639 verbis
1152 2582 1271 2643 Domini

30 2678 137 2761 {Ipse
153 2680 359 2758 sanguisejus,
375 2700 432 2754 quo
455 2679 596 2756 redempti
614 2698 724 2746 sumus,
738 2679 806 2736 licet
827 2679 904 2737 enim
930 2676 1115 2736 adhibeantur
1136 2678 1169 2737 ad
1185 2681 1273 2739 confr·

15 2844 22 2857 ,
37 2760 210 2859 „ciendum
222 2779 449 2848 Sacramentum,
462 2797 519 2838 nou
532 2792 625 2835 tamen
635 2778 699 2855 ipsa
710 2777 884 2836 Sacramenti
895 2777 963 2835 tanti
973 2791 1001 2835 et
1012 2779 1144 2836 sacrificii
1153 2791 1275 2857 possunt

20 2862 185 2939 lf-habere
194 2876 356 2935 rationem:
378 2874 443 2933 ideo
465 2886 565 2952 typum
588 2893 654 2933 curn
676 2874 718 2932 rei
742 2875 867 2941 veritate,
882 2873 1022 2932 Sacrificii
1046 2876 1192 2934 materiam
1207 2896 1274 2936 cum

76 2975 198 3037 victima
219 2974 369 3032 conserens
391 2972 460 3032 dicit
481 2972 668 3048 Cyprianus:
700 2971 788 3038 “Qui
810 2970 900 3048 magis
926 2971 1058 3029 sacerdos
1084 2972 1140 3031 Dei
1165 2975 1273 3033 summi

31 3056 169 3151 ‘famam
182 3071 328 3131 Dominus
342 3082 438 3130 noster
458 3069 545 3129 Jesus
568 3070 702 3128 Christus
725 3071 775 3143 qui
794 3071 965 3129 sacrificium
981 3071 1045 3129 Deo
1060 3071 1137 3129 Patri
1152 3073 1275 3131 obtulit?

53 3152 119 3273 'en‘
130 3171 235 3232 obtulit
248 3171 306 3230 hoc
319 3169 396 3228 idern
411 3168 486 3242 quod
502 3168 718 3227 Melchisedech
734 3169 880 3236 obtulerat,
896 3169 925 3227 id
943 3181 987 3227 est
1007 3189 1110 3245 panem
1125 3172 1273 3239 arvinum,
1361 3162 1367 3181 ¹

61 3274 165 3331 lurrann
179 3268 289 3328 scilicet
313 3287 418 3345 corpus
439 3280 467 3326 et
489 3267 691 3344 sanguinem.”
735 3269 783 3325 Sic
804 3279 833 3324 et
847 3268 993 3325 materiem
1008 3286 1043 3325 ex
1059 3287 1114 3340 qua
1128 3268 1277 3327 conficitur

44 3350 309 3449 plflaommentum,
317 3385 333 3423 a
342 3364 443 3433 Jacob,
454 3365 483 3422 in
494 3365 625 3423 vaticinio
636 3364 671 3421 de
679 3362 755 3421 luda
765 3364 875 3421 lavante
885 3365 914 3421 in
923 3365 1061 3440 sanguine
1070 3383 1131 3420 uvae
1141 3365 1275 3424 amictum

10 3536 13 3551 ,
46 3440 178 3533 :ar-mum,
202 3464 376 3522 enuntiatam
404 3462 570 3539 Cyprianus
593 3461 749 3520 intellexit:
775 3460 926 3527 “Quando
953 3470 1046 3517 autem
1072 3461 1187 3536 sanguia
1211 3479 1276 3519 uvae

24 3570 29 3577 “
58 3560 195 3629 adicitur,
210 3559 278 3634 quid
302 3558 378 3617 aliud
400 3578 485 3632 quarn
508 3560 607 3618 vinum
629 3559 727 3616 caliois
748 3557 895 3616 Dominici
913 3556 1060 3632 sanguinis
1074 3546 1275 3615 ofltendituri”

31 3670 39 3731 ζ
64 3659 131 3719 -ste
143 3656 223 3733 quod
235 3655 310 3734 apud
323 3656 426 3715 Isaiam
443 3656 477 3714 de
487 3657 612 3715 calcante
623 3655 742 3712 torcular
753 3654 865 3721 dicitur,
876 3652 910 3711 ad
922 3663 1127 3711 sacramentum
1139 3654 1276 3715 refertur:

38 3746 53 3769 “
70 3766 99 3799 ⁴⁶
110 3756 185 3817 vini
197 3757 296 3831 utique
318 3756 425 3815 mentio
451 3767 505 3823 est,
526 3765 555 3813 et
569 3755 634 3812 ideo
649 3754 772 3830 ponitur,
788 3762 819 3810 ut
832 3751 952 3810 Domini
965 3753 1082 3828 sanguis
1096 3753 1163 3812 vino
1178 3754 1279 3813 intelli·

33 3892 36 3899 ·
66 3866 172 3937 ‘gotum
214 3855 255 3914 Et
276 3854 353 3928 quod
376 3854 405 3912 in
427 3855 515 3913 calice
537 3853 691 3911 Dominico
715 3863 816 3929 postea
838 3851 1047 3911 manifestatum
1061 3860 1114 3920 eet,
1130 3855 1278 3931 prophetis

30 4096 57 4147 '.·
98 4078 104 4087 '
118 4084 165 4153 (1)
185 4082 233 4148 Dp.
246 4084 277 4135 ad
289 4082 418 4135 Caecilium
427 4100 451 4149 p.
463 4085 504 4132 51.
515 4083 571 4132 edit.
584 4082 658 4132 Basil.

43 4218 57 4233 ,.
116 4172 163 4239 (2)
183 4169 254 4221 “Lot
261 4170 315 4220 that
325 4186 373 4235 oup
380 4169 462 4220 which
473 4169 495 4218 is
504 4167 592 4218 offered
604 4174 628 4220 to
638 4167 679 4219 the
691 4167 779 4236 pecple
792 4169 873 4230 (verba
881 4166 932 4217 hec
941 4183 994 4231 quta
1006 4168 1096 4219 Italicis
1105 4170 1282 4220 characteribus

39 4312 42 4319 ,
74 4258 224 4315 notavimus
234 4258 298 4308 mala
309 4266 373 4308 certe
384 4257 431 4307 lide
442 4256 583 4307 inseruntur
594 4274 609 4306 a
626 4256 726 4318 Cosino,
738 4272 814 4321 quum
827 4254 967 4320 Cyprianus
986 4257 1097 4321 loquatur
1114 4258 1240 4307 manifesto
1251 4256 1282 4305 ds

10 4368 28 4405 ,¹
72 4344 207 4399 'othum
218 4344 273 4396 Deo
283 4346 355 4405 secto,
365 4354 390 4394 et
401 4345 431 4396 de
442 4345 571 4412 sacrificio)
584 4346 611 4395 in
622 4345 836 4396 commemoration
854 4344 883 4395 of
896 4343 1002 4395 Cramer
1020 4346 1051 4394 be
1067 4345 1128 4395 mixt
1140 4346 1198 4395 with
1210 4345 1282 4405 wine,

10 4434 18 4503 j
76 4432 119 4485 br
129 4431 256 4484 icasmos
265 4436 388 4495 represent
399 4430 441 4480 the
459 4429 534 4481 Blood
546 4431 574 4480 of
588 4431 691 4480 Cramer
703 4431 776 4481 when
787 4430 854 4480 there
868 4429 890 4480 is
901 4446 935 4480 no
950 4431 1014 4480 wine
1025 4430 1052 4479 in
1062 4429 1103 4478 the
1114 4446 1169 4494 cup,
1181 4432 1283 4479 &cause

33 4532 36 4537 '
73 4518 126 4573 tlte
135 4517 220 4572 Blood
229 4518 259 4568 οἰ
264 4516 369 4567 Caum
380 4518 537 4584 inexpressed
549 4519 581 4581 by
591 4517 632 4567 the
641 4516 725 4577 Wine,
734 4536 761 4568 aa
772 4518 813 4569 the
824 4518 920 4570 faithful
932 4533 971 4568 are
978 4516 1122 4567 understood
1131 4518 1161 4581 by
1172 4518 1213 4567 the
1221 4516 1282 4566 Wa-

21 4592 44 4683 ‘r
66 4603 142 4677 ¹terd’
177 4602 242 4655 Hes
254 4601 379 4654 Curinus:
397 4619 448 4654 non
459 4604 511 4654 hec
522 4603 677 4669 Cypriamus.
1305 4678 1308 4685 Ι

10 4764 44 4831 r..''

10 4834 17 4887 l
60 4838 64 4845 '
