2812 5062
912 127 932 167 0

265 338 322 400 un
342 337 638 402 conuuuroun
659 338 738 400 sua
760 316 959 408 araneus
981 336 1140 402 aruum:
1232 343 1291 401 aas

100 495 133 554 iu
144 499 292 574 mysteriis
305 499 495 558 exhiberetur.
537 500 608 560 Ideo
620 498 732 574 quoties
745 498 923 558 Sacrificium
943 499 1069 568 offertur,
1084 511 1113 558 et
1126 499 1291 560 Sacramen-

98 603 162 653 tum
176 595 334 665 conficitur,
353 595 402 654 illa
414 596 571 675 corporisa
590 586 728 674 sanguiue
747 597 888 672 separatio
908 615 972 669 quac
992 597 1022 656 in
1043 614 1126 656 cmce
1147 597 1287 665 11111111,

103 702 331 769 representatur,
341 694 471 767 quamvis
492 713 544 772 pro
558 694 720 753 conditione
735 691 845 752 Christi
864 694 992 771 corporis
1012 694 1153 771 prasenti,
1175 694 1291 772 sanguia

104 806 171 848 cum
184 806 222 848 eo
235 790 432 867 conjungatur.

143 891 212 946 313.
231 886 297 967 ooj.
308 891 337 947 4.
360 897 379 925 “
392 889 425 947 Si
438 887 587 967 designare
611 879 642 948 s'e
655 898 745 948 totum
756 887 903 959 voluisset,
914 888 1007 947 dicere
1017 897 1136 967 potarat,
1146 906 1201 968 ego
1213 907 1292 960 sum,

103 982 227 1058 qualiter
236 984 319 1058 loqui
331 985 362 1043 in
376 985 532 1061 Scriptnris
545 986 703 1054 consuerit,
717 1003 775 1046 non
796 995 901 1053 autem,
916 981 982 1044 Hoc
1004 995 1049 1044 est
1067 1005 1170 1063 corpus
1185 1004 1292 1063 meum,

103 1082 152 1142 hic
165 1091 210 1141 est
220 1084 335 1160 sanguis
344 1072 473 1142 meus.”'¹

143 1178 234 1260 Resp.
256 1179 338 1239 Dixit
352 1181 486 1239 Christus
509 1180 544 1239 de
558 1182 742 1240 Sacramenta
755 1181 853 1255 utique
866 1178 998 1256 loquens.
1041 1190 1060 1221 ‘⁶
1071 1181 1128 1249 uui
1142 1180 1293 1240 manducat

102 1295 156 1347 un,
170 1286 202 1336 et
225 1278 287 1355 ipse
307 1279 384 1336 rivet
405 1287 520 1356 propter
540 1279 617 1338 me.”
657 1277 764 1337 Credat
783 1279 867 1355 igitur
889 1278 1002 1338 Caluini
1016 1278 1125 1337 assecla
1141 1277 1292 1338 Christum

102 1384 195 1434 totum
219 1376 301 1434 nobis
323 1375 395 1435 dari.
415 1383 416 1386 ’
436 1375 520 1434 Dixit
541 1386 634 1436 autem
659 1377 873 1434 Sacramentum
895 1377 1045 1434 instituens
1073 1377 1159 1435 verba
1179 1376 1237 1443 illa,
1262 1384 1294 1433 ut

101 1483 196 1532 certos
209 1461 263 1531 uos
277 1472 381 1532 faceret
395 1491 493 1533 verum
507 1475 570 1552 ejus
584 1492 688 1551 corpus
702 1483 730 1532 et
749 1473 916 1551 sauguinem
937 1491 1002 1537 essa
1021 1492 1084 1548 quae
1105 1473 1152 1532 dat
1171 1491 1290 1533 munera

102 1571 134 1629 in
147 1569 305 1646 mysteriis.

143 1669 213 1725 314.
239 1664 305 1745 obj.
321 1671 349 1725 5.
372 1665 534 1726 “Calicem
548 1685 677 1727 seorsum
693 1684 796 1744 apane
810 1666 915 1735 statuit,
924 1674 961 1725 'ut
976 1665 1084 1735 doceat,
1100 1685 1131 1725 se
1145 1666 1293 1744 adpotum

102 1781 163 1824 non
177 1764 272 1823 minus
287 1783 370 1837 quam
386 1763 480 1824 cibum
501 1765 641 1824 sufficere.
670 1762 772 1822 'Nunc
792 1764 904 1823 tollatur
924 1782 989 1841 pars
1003 1782 1069 1833 una,
1083 1764 1198 1823 nonnisi
1211 1763 1295 1822 dimi·

103 1859 185 1920 dium
200 1860 397 1920 alimentorum
411 1861 442 1919 in
456 1880 491 1920 eo
507 1858 732 1938 reperiemus.”⁹

141 1954 233 2034 Reap.
253 1956 369 2014 Frivola
389 1967 434 2015 est
460 1968 489 2015 11
513 1957 610 2034 inepta
630 1958 725 2025 rati03
746 1973 803 2014 non
830 1955 909 2014 enim
933 1954 1130 2014 alimentorum
1153 1957 1294 2032 symbolis

102 2053 190 2113 varim
204 2053 335 2132 indiguit,
348 2064 379 2112 ut
392 2055 494 2128 quibus
509 2073 562 2113 uos
576 2054 684 2113 reficiat
697 2063 726 2112 et
737 2052 875 2112 refocillet
889 2053 1044 2111 rationibus
1056 2052 1221 2122 exhiberet;
1242 2053 1294 2112 scd

99 2169 164 2210 sure
178 2151 277 2210 mortis
292 2169 343 2228 pro
357 2149 457 2209 mundi
471 2151 560 2209 salute
581 2151 747 2211 memoriam
759 2160 897 2229 perpetuo
908 2147 1115 2219 celebrandam,
1127 2168 1246 2227 corpore
1266 2156 1295 2208 et

100 2247 244 2326 sanguine
257 2265 311 2305 suo
326 2247 523 2324 presentibus,
534 2247 632 2324 jussit.

142 2349 213 2404 1115.
232 2343 298 2423 obj.
309 2349 337 2403 6.
360 2354 380 2381 ‘⁶
392 2344 438 2405 An
447 2345 634 2403 mentiebatur
646 2342 764 2408 Paulus,
779 2361 867 2416 quum
881 2341 991 2401 dicebat
1000 2342 1160 2401 Corinthiis
1175 2342 1205 2415 (1
1223 2341 1292 2399 Gor.

99 2443 145 2503 xi.
161 2441 224 2521 23,)
238 2460 270 2500 se
282 2442 427 2520 accepisse
442 2461 458 2500 a
472 2441 610 2509 Domino,
624 2439 701 2515 quod
715 2439 771 2497 illis
785 2437 957 2498 tradiderat!
999 2440 1076 2499 Nam
1086 2448 1196 2517 postea,
1211 2437 1295 2496 tradi·

98 2541 212 2601 tionem
225 2538 356 2608 declarat,
371 2549 403 2597 ut
413 2557 513 2598 omnes
528 2539 688 2617 promiscue
703 2546 822 2610 utroque
837 2537 971 2613 symbolo
984 2535 1274 2596 communicarent.”³

141 2634 231 2715 Beep.
254 2637 324 2696 Nou
342 2637 476 2696 mentitus
490 2646 535 2694 est
547 2635 665 2703 Paulus,
689 2635 738 2707 qui
757 2651 789 2691 sc
803 2633 948 2710 accepisse
962 2653 979 2692 a
992 2632 1119 2692 Domino
1133 2633 1213 2701 dicit,
1228 2651 1294 2692 eum

102 2752 209 2813 corpus
224 2753 307 2794 suum
322 2746 351 2793 et
363 2736 530 2813 sauguinem
541 2735 571 2793 in
586 2752 643 2808 qua
655 2741 739 2791 nocte
751 2731 908 2790 tradebatur
921 2732 1068 2810 Apostolis
1083 2730 1195 2790 dedisse
1209 2751 1216 2801 ;
1243 2729 1295 2790 sed

100 2832 239 2893 mentitur
252 2832 402 2902 Calvinus,
418 2831 530 2912 (uocem
558 2831 593 2889 ab
614 2832 678 2908 ipso
696 2830 779 2888 liceat
801 2828 935 2908 mutuari)
957 2829 1054 2887 diceus
1075 2828 1198 2889 Paulum
1212 2827 1294 2887 tradi·

102 2931 212 2991 tionem
232 2930 373 2989 declarare
396 2939 428 2988 ut
447 2947 547 2989 omues
568 2929 729 3006 promiscue
749 2937 867 3000 utroque
888 2926 1020 3004 symbolo
1041 2928 1293 2987 communicarent.

103 3026 191 3086 Nihil
204 3024 368 3104 hujusmodi
382 3026 417 3084 ab
430 3027 494 3102 ipso
513 3034 557 3083 est
570 3023 688 3092 dictum,
703 3023 831 3097 quamvis
846 3032 961 3081 moneat
971 3021 1082 3091 fideles,
1097 3022 1294 3082 manducando

102 3140 209 3201 panem
234 3122 310 3182 hunc
330 3130 358 3180 et
378 3121 496 3180 calicem
520 3119 645 3179 bibendo
669 3137 701 3177 se
720 3130 839 3178 mortem
865 3118 984 3178 Domini
1007 3122 1181 3178 annuntiare·
1223 3118 1294 3177 Inde

104 3219 222 3293 quidem
241 3218 345 3279 inferre
369 3218 435 3276 licet
455 3218 508 3276 sub
528 3227 646 3290 utraque
666 3216 762 3292 specie
783 3215 981 3273 eucharistiam
1003 3224 1073 3273 tunc
1095 3216 1293 3282 ministratam,

103 3319 235 3393 quamvis
248 3318 301 3376 sub
315 3317 446 3375 alterutra
459 3334 564 3393 corpus
580 3325 609 3373 et
618 3314 785 3391 sanguinem
794 3313 931 3371 contineri
946 3313 1029 3370 exiis
1044 3330 1106 3385 quea
1118 3311 1195 3370 addit
1205 3314 1294 3370 mani·

102 3417 178 3475 festo
201 3426 352 3488 sequatur:
393 3422 412 3449 ‘⁶
424 3413 525 3485 Itaque
551 3412 725 3486 quicumque
753 3407 965 3468 manducaverit
988 3426 1092 3485 panem
1121 3411 1206 3477 hunc,
1235 3426 1291 3467 van

105 3510 209 3569 biberit
218 3509 335 3569 calicem
348 3507 467 3567 Domini
480 3506 616 3584 indigne:
637 3525 702 3565 reus
718 3506 770 3565 erit
783 3505 910 3582 eorporis
924 3514 953 3563 11
966 3504 1112 3581 sanguinis
1128 3503 1294 3564 Domini.’'⁴

103 3610 259 3687 Perperam
274 3607 423 3685 Anglicaui
437 3605 595 3665 Bibliorum
608 3605 773 3684 interpretes
788 3612 949 3663 verterunt:
964 3601 1025 3661 uod
1031 3623 1044 3672 ,·
1059 3620 1171 3662 sacrum
1185 3612 1294 3663 textum

105 3709 248 3776 vitiantes,
262 3717 294 3766 ut
307 3713 502 3784 argumentum
516 3703 581 3764 inde
596 3703 777 3781 desumptum
789 3701 971 3762 declinarent.

145 3811 214 3867 316.
240 3804 306 3883 Obj.
321 3810 350 3864 7.
374 3812 393 3842 “
406 3803 467 3862 Cur
489 3802 604 3861 meliore
629 3800 679 3860 illo
703 3800 808 3860 saeculo
830 3801 864 3859 ab
888 3800 1034 3878 Apostolis
1055 3799 1089 3859 ad
1110 3801 1187 3860 mille
1200 3820 1293 3876 usque

105 3923 197 3966 anuos
210 3915 318 3982 postea,
333 3903 396 3960 sine
409 3901 577 3978 exceptione
591 3917 693 3959 omnes
706 3899 811 3958 fiebant
819 3899 966 3973 utriusque
977 3899 1103 3977 symboli
1117 3901 1290 3978 participesl

104 4004 287 4084 ignorabatne
302 4014 381 4062 vetus
404 4000 546 4068 Ecclesia,
561 4016 633 4073 quoa
660 3997 794 4058 Christus
814 3999 950 4059 convivas
970 3997 1006 4058 ad
1019 4017 1129 4059 conam
1143 4018 1223 4060 suam
1245 3997 1292 4057 ad·
1353 3996 1360 4015 i

107 4103 236 4168 misisset
246 4101 294 4178 i”?

442 4313 447 4321 ‘
503 4313 543 4380 (1)
560 4308 620 4364 lust.
631 4311 647 4362 l
658 4312 690 4365 iv.
700 4329 721 4363 c.
731 4312 790 4364 xvii.
801 4328 825 4363 n.
836 4313 877 4362 tr.

504 4401 544 4465 (2)
562 4398 662 4448 Ibidem.

505 4487 547 4552 (8)
565 4484 691 4534 Ibidemu.
703 4483 743 4533 dd.

503 4572 543 4636 (4)
562 4568 640 4619 1001.
647 4569 680 4619 xi.
687 4568 729 4618 27.

500 4659 539 4724 (5)
559 4654 678 4708 Calvinus
688 4655 748 4706 inst
760 4656 776 4706 1.
787 4655 818 4708 iv.
829 4671 851 4708 c.
862 4656 920 4708 xvii.
930 4672 955 4708 a.
963 4658 1004 4707 48.

618 4743 677 4800 20*
