2812 5062
295 965 301 980 '
392 957 826 1042 TRAOTATUS
873 954 969 1038 XI.

582 1229 715 1306 PARS
746 1232 817 1305 II.'

81 1502 209 1624 ltu
269 1500 596 1624 MISSAE
673 1478 1274 1649 stottlnlolo‘.

510 2164 870 2219 PRAENOTANDA.
961 2206 963 2211 .

129 2414 156 2470 1.
177 2409 316 2470 Sacrificii
327 2429 433 2471 nomen
445 2411 528 2471 latins
542 2429 619 2489 saepe
633 2411 754 2470 sumitur
764 2430 817 2489 pro
831 2419 894 2468 actu
910 2425 1091 2483 quocumque
1113 2406 1218 2474 cultos,
1233 2403 1278 2465 vel

86 2506 200 2567 virtutis
212 2507 339 2582 quolibet
352 2509 498 2577 exercitio,
513 2526 570 2582 qno
584 2507 648 2567 Deo
670 2508 781 2584 placere
801 2503 959 2576 studemus,
973 2504 1049 2564 dono
1070 2503 1166 2578 aliquo
1184 2503 1279 2563 oblato

85 2605 119 2664 in
132 2604 196 2681 eJns
210 2605 359 2676 honorem,
375 2606 421 2666 vel
440 2605 620 2684 cupidatibns
633 2606 663 2664 vi
679 2605 766 2665 illata.
807 2605 928 2682 Proprie
942 2614 1036 2662 autem
1051 2601 1223 2661 sacrificinm
1236 2609 1281 2659 est

86 2710 168 2786 actua
182 2703 309 2779 supremi
321 2704 414 2763 cultus
438 2721 496 2777 qno
517 2702 597 2761 Deus
618 2721 769 2780 supremus
789 2721 885 2761 rerum
900 2700 1042 2760 Dominus
1057 2698 1228 2777 agnoscitur,
1249 2715 1280 2756 re

88 2797 185 2871 aliqua
197 2798 228 2857 in
240 2798 318 2857 illius
338 2799 477 2859 honorem
497 2798 601 2859 oblata.
646 2797 835 2878 Sacrificium
855 2798 1002 2857 notionem
1022 2795 1152 2856 animalis
1168 2793 1281 2853 mactati

86 2896 121 2955 in
134 2894 192 2954 Dei
205 2894 344 2957 honorem
354 2898 439 2975 juxta
458 2897 683 2957 communiorem
697 2896 919 2973 acceptationem
934 2893 1047 2972 ingerit.
1088 2893 1138 2951 Sic
1149 2909 1215 2965 quae
1228 2891 1281 2950 im·

86 2993 266 3053 molebantur
279 2993 355 3072 apud
367 2995 387 3054 J
389 2994 484 3054 ndens
499 3013 536 3054 cx
549 2994 622 3072 legis
636 2994 803 3072 prescripto
813 2992 976 3061 animantia,
987 2990 1126 3053 sacrificia
1136 2999 1281 3048 vocantur.

88 3089 205 3151 Horum
219 3091 272 3150 tria
285 3091 398 3151 suerunt
421 3110 534 3170 genera,
557 3109 678 3165 quorum
704 3110 795 3150 unum
819 3101 909 3150 totum
931 3089 1158 3156 comburebatur,
1181 3059 1281 3194 ,ἠὴρ

88 3209 199 3269 idcirco
213 3207 330 3278 dictum,
342 3208 500 3269 accendens
513 3209 633 3278 scilicet,
643 3213 788 3266 tamnen
801 3207 875 3286 apud
888 3186 1018 3276 Graeoos,
1029 3205 1198 3266 ascendebat
1206 3209 1282 3269 enim

86 3305 206 3366 flamma
219 3306 341 3365 victimae
355 3305 389 3364 ad
404 3324 569 3384 supremum
583 3305 641 3365 Dei
660 3303 818 3366 dominium
840 3304 1010 3363 testandum.
1051 3314 1173 3393 nm]
1182 3320 1283 3380 pecca·

89 3431 160 3484 tum
172 3423 315 3485 dicebatur
329 3425 443 3484 victima
456 3423 491 3484 ad
505 3422 600 3484 delicti
613 3424 726 3483 veniam
740 3421 946 3497 assequendam
962 3422 1064 3482 oblata.
1094 3420 1200 3517 0527
1213 3422 1284 3483 duas

91 3543 272 3603 victimarum
282 3544 395 3621 species
409 3542 660 3619 complectebatur,
676 3561 724 3601 eas
733 3542 843 3600 scilicet
856 3560 919 3616 qum
933 3541 968 3599 ad
982 3515 1189 3616 impetrandum
1202 3542 1286 3600 bene·
1330 3561 1334 3568 ·

89 3642 190 3701 ficium
206 3641 404 3711 offerebantur,
417 3651 503 3700 eteas
524 3658 587 3714 quaa
607 3649 716 3717 gratnm
738 3641 865 3698 animum
885 3640 922 3698 ob
942 3638 1113 3700 beneficium
1136 3650 1284 3719 acceptum

91 3739 276 3811 testabantur.
298 3739 406 3799 Praeter
419 3736 567 3806 sacrificia,
583 3737 738 3798 oblationes
749 3737 879 3812 quadam
893 3737 998 3795 fiebant
1011 3748 1119 3847 ,71:120
1134 3757 1171 3797 ex
1192 3737 1286 3797 simila

94 3856 161 3916 oleo
173 3865 202 3915 et
214 3857 315 3926 thure;
336 3866 366 3916 et
385 3857 535 3916 libationes
549 3874 587 3914 ex
611 3857 688 3915 vino.
719 3857 868 3916 ⁴sacrificii
888 3875 994 3916 nomen
1008 3858 1138 3917 tribuitur
1151 3855 1286 3918 oblationi

96 3951 132 4010 ad
146 3949 203 4009 Dei
217 3949 557 4029 testandumsuprernnm
571 3951 730 4010 dominium
745 3952 824 4011 sactae
838 3952 904 4011 licet
922 3953 1000 4011 nulla
1022 3953 1062 4012 sit
1084 3956 1216 4014 mactatio
1230 3954 1287 4013 vie·

94 4051 172 4109 timae
186 4069 194 4107 :
208 4051 250 4109 sic
264 4051 367 4125 oblatio
381 4050 521 4109 fructuum
536 4062 616 4110 terrm
630 4050 748 4109 aCaiuo
757 4051 838 4119 sacta,
851 4051 916 4109 Deo
926 4052 1097 4111 sacrificium
1110 4071 1207 4112 verum
1221 4053 1284 4112 suit.

93 4147 278 4207 incruentum
292 4148 461 4208 sacrificium
477 4148 642 4226 hujusmodi
656 4157 708 4217 est,
721 4149 835 4226 sanguis
851 4150 958 4226 quippe
973 4168 1030 4210 non
1050 4150 1197 4210 funditur:
1223 4166 1287 4209 ortt·

94 4251 198 4307 tntum
213 4261 229 4303 e
244 4256 340 4305 contra
353 4256 469 4304 vocatur
479 4246 649 4305 sacrificium
665 4246 693 4305 in
709 4264 765 4320 quo
779 4245 893 4305 victima
909 4258 1053 4316 mactatur,
1068 4249 1206 4325 sanguine
1222 4246 1285 4323 ejus

95 4343 173 4401 fuso.
275 4384 277 4388 ψ

136 4444 166 4498 2.
189 4439 306 4499 Christo
320 4438 498 4509 adveniente,
512 4450 541 4498 et
554 4440 585 4498 in
598 4458 682 4499 cruce
695 4449 818 4509 mortuo,
833 4439 930 4499 omnia
954 4450 1048 4500 vetera
1061 4458 1190 4499 cessasse
1204 4439 1287 4498 sacri-

96 4538 165 4597 ficia
178 4555 224 4597 res
238 4547 282 4596 est
294 4538 448 4616 explorata.
491 4536 585 4597 Unica
597 4537 674 4597 illins
695 4537 836 4597 oblatione
857 4539 980 4616 pretium
1001 4555 1054 4616 pro
1068 4537 1150 4597 nobis
1164 4536 1288 4596 solutum

98 4641 221 4702 constat,
236 4632 307 4695 adeo
320 4632 441 4694 utnulla
454 4632 510 4693 alia
523 4651 597 4711 opus
611 4634 717 4708 aitqua
730 4633 978 4714 lnanturpeccata‚
993 4633 1107 4694 nonnisi
1121 4633 1211 4713 ipsine
1225 4650 1288 4693 sau·
