<?xml version="1.0" encoding="UTF-8"?>
<!DOCTYPE html PUBLIC "-//W3C//DTD XHTML 1.0 Transitional//EN"
    "http://www.w3.org/TR/xhtml1/DTD/xhtml1-transitional.dtd">
<html xmlns="http://www.w3.org/1999/xhtml" xml:lang="en" lang="en">
 <head>
  <title>
</title>
<meta http-equiv="Content-Type" content="text/html;charset=utf-8" />
  <meta name='ocr-system' content='tesseract 3.04.00' />
  <meta name='ocr-capabilities' content='ocr_page ocr_carea ocr_par ocr_line ocrx_word'/>
</head>
<body>
  <div class='ocr_page' id='page_1' title='image "./theologidogmati03kenrgoog_0368.png"; bbox 0 0 2774 5056; ppageno 0'>
   <div class='ocr_carea' id='block_1_1' title="bbox 482 344 1292 410">
    <p class='ocr_par' dir='ltr' id='par_1_1' title="bbox 482 344 1292 447">
     <span class='ocr_line' id='line_1_1' title="bbox 482 344 1292 410; baseline -0.002 0"><span class='ocrx_word' id='word_1_1' title='bbox 482 347 540 410; x_wconf 86' lang='lat' dir='ltr'>DE</span> <span class='ocrx_word' id='word_1_2' title='bbox 562 344 905 410; x_wconf 74' lang='lat' dir='ltr'>snmsmc‘tmrtu.</span> <span class='ocrx_word' id='word_1_3' title='bbox 1232 346 1292 408; x_wconf 79' lang='lat' dir='ltr'>eet</span> 
     </span>
    </p>
   </div>
   <div class='ocr_carea' id='block_1_2' title="bbox 90 502 1291 684">
    <p class='ocr_par' dir='ltr' id='par_1_2' title="bbox 90 502 1291 684">
     <span class='ocr_line' id='line_1_2' title="bbox 90 502 1291 586; baseline -0.002 -19"><span class='ocrx_word' id='word_1_4' title='bbox 90 506 200 585; x_wconf 83' lang='lat' dir='ltr'>regulis</span> <span class='ocrx_word' id='word_1_5' title='bbox 214 518 335 566; x_wconf 80' lang='lat' dir='ltr'>constat.</span> <span class='ocrx_word' id='word_1_6' title='bbox 376 507 467 586; x_wconf 81' lang='lat' dir='ltr'>Igitur</span> <span class='ocrx_word' id='word_1_7' title='bbox 481 526 648 586; x_wconf 87' lang='lat' dir='ltr'>persuasum</span> <span class='ocrx_word' id='word_1_8' title='bbox 663 518 707 566; x_wconf 89' lang='lat' dir='ltr'>est</span> <span class='ocrx_word' id='word_1_9' title='bbox 721 508 863 566; x_wconf 78' lang='lat' dir='ltr'>veteribus</span> <span class='ocrx_word' id='word_1_10' title='bbox 877 522 911 565; x_wconf 87' lang='lat' dir='ltr'>es</span> <span class='ocrx_word' id='word_1_11' title='bbox 926 523 1014 583; x_wconf 87' lang='lat' dir='ltr'>opera</span> <span class='ocrx_word' id='word_1_12' title='bbox 1029 504 1168 582; x_wconf 75' lang='lat' dir='ltr'>prodesse</span> <span class='ocrx_word' id='word_1_13' title='bbox 1182 502 1217 564; x_wconf 90' lang='lat' dir='ltr'>ad</span> <span class='ocrx_word' id='word_1_14' title='bbox 1233 506 1291 584; x_wconf 89' lang='lat' dir='ltr'>pla·</span> 
     </span>
     <span class='ocr_line' id='line_1_3' title="bbox 90 602 1094 684; baseline -0.001 -20"><span class='ocrx_word' id='word_1_15' title='bbox 90 603 214 665; x_wconf 89' lang='lat' dir='ltr'>eandum</span> <span class='ocrx_word' id='word_1_16' title='bbox 230 604 337 674; x_wconf 90' lang='lat' dir='ltr'>Deum,</span> <span class='ocrx_word' id='word_1_17' title='bbox 350 613 379 664; x_wconf 88' lang='lat' dir='ltr'>et</span> <span class='ocrx_word' id='word_1_18' title='bbox 393 605 428 664; x_wconf 88' lang='lat' dir='ltr'>ad</span> <span class='ocrx_word' id='word_1_19' title='bbox 443 623 590 684; x_wconf 74' lang='lat' dir='ltr'>portarum</span> <span class='ocrx_word' id='word_1_20' title='bbox 604 603 673 665; x_wconf 86' lang='lat' dir='ltr'>alias</span> <span class='ocrx_word' id='word_1_21' title='bbox 687 603 854 664; x_wconf 88' lang='lat' dir='ltr'>luendarum</span> <span class='ocrx_word' id='word_1_22' title='bbox 868 602 1094 664; x_wconf 68' lang='lat' dir='ltr'>rerarissionem,1</span> 
     </span>
    </p>
   </div>
   <div class='ocr_carea' id='block_1_3' title="bbox 489 816 898 860">
    <p class='ocr_par' dir='ltr' id='par_1_3' title="bbox 489 816 898 860">
     <span class='ocr_line' id='line_1_4' title="bbox 489 816 898 860; baseline -0.01 0"><span class='ocrx_word' id='word_1_23' title='bbox 489 816 688 860; x_wconf 69' lang='lat' dir='ltr'>mentones</span> <span class='ocrx_word' id='word_1_24' title='bbox 713 816 898 858; x_wconf 75' lang='lat' dir='ltr'>souvunwn.</span> 
     </span>
    </p>
   </div>
   <div class='ocr_carea' id='block_1_4' title="bbox 91 954 1317 1616">
    <p class='ocr_par' dir='ltr' id='par_1_4' title="bbox 92 954 1317 1327">
     <span class='ocr_line' id='line_1_5' title="bbox 136 954 1317 1036; baseline 0 -20"><span class='ocrx_word' id='word_1_25' title='bbox 136 961 204 1017; x_wconf 78' lang='lat'><strong>150.</strong></span> <span class='ocrx_word' id='word_1_26' title='bbox 229 954 297 1036; x_wconf 81' lang='lat' dir='ltr'>obj.</span> <span class='ocrx_word' id='word_1_27' title='bbox 315 962 343 1017; x_wconf 94' lang='grc'>1.</span> <span class='ocrx_word' id='word_1_28' title='bbox 366 967 386 996; x_wconf 84' lang='grc'><em>“</em></span> <span class='ocrx_word' id='word_1_29' title='bbox 398 957 431 1017; x_wconf 93' lang='lat' dir='ltr'>ln</span> <span class='ocrx_word' id='word_1_30' title='bbox 447 958 520 1017; x_wconf 89' lang='lat' dir='ltr'>hanc</span> <span class='ocrx_word' id='word_1_31' title='bbox 540 976 684 1017; x_wconf 87' lang='lat' dir='ltr'>summam</span> <span class='ocrx_word' id='word_1_32' title='bbox 704 955 834 1015; x_wconf 89' lang='lat' dir='ltr'>recidunt</span> <span class='ocrx_word' id='word_1_33' title='bbox 856 957 963 1024; x_wconf 86' lang='lat' dir='ltr'>omnia,</span> <span class='ocrx_word' id='word_1_34' title='bbox 986 975 1040 1015; x_wconf 89' lang='lat' dir='ltr'>nos</span> <span class='ocrx_word' id='word_1_35' title='bbox 1061 956 1178 1031; x_wconf 86' lang='lat' dir='ltr'>quidem</span> <span class='ocrx_word' id='word_1_36' title='bbox 1198 976 1216 1015; x_wconf 85' lang='lat' dir='ltr'>a</span> <span class='ocrx_word' id='word_1_37' title='bbox 1236 955 1296 1016; x_wconf 89' lang='lat' dir='ltr'>Dei</span> <span class='ocrx_word' id='word_1_38' title='bbox 1313 1024 1317 1036; x_wconf 58' lang='lat'><em>„</em></span> 
     </span>
     <span class='ocr_line' id='line_1_6' title="bbox 92 1052 1290 1130; baseline -0.003 -15"><span class='ocrx_word' id='word_1_39' title='bbox 92 1054 249 1115; x_wconf 84' lang='lat' dir='ltr'>clementia</span> <span class='ocrx_word' id='word_1_40' title='bbox 269 1053 439 1114; x_wconf 83' lang='lat' dir='ltr'>delictorum</span> <span class='ocrx_word' id='word_1_41' title='bbox 462 1053 575 1113; x_wconf 86' lang='lat' dir='ltr'>veniam</span> <span class='ocrx_word' id='word_1_42' title='bbox 591 1054 753 1130; x_wconf 90' lang='lat' dir='ltr'>impetrare,</span> <span class='ocrx_word' id='word_1_43' title='bbox 768 1052 818 1111; x_wconf 90' lang='lat' dir='ltr'>sed</span> <span class='ocrx_word' id='word_1_44' title='bbox 834 1052 1027 1111; x_wconf 77' lang='lat' dir='ltr'>intercedente</span> <span class='ocrx_word' id='word_1_45' title='bbox 1042 1055 1143 1111; x_wconf 89' lang='lat' dir='ltr'>merito</span> <span class='ocrx_word' id='word_1_46' title='bbox 1158 1071 1290 1130; x_wconf 87' lang='lat' dir='ltr'>operum,</span> 
     </span>
     <span class='ocr_line' id='line_1_7' title="bbox 96 1149 1298 1229; baseline -0.002 -19"><span class='ocrx_word' id='word_1_47' title='bbox 96 1153 204 1226; x_wconf 89' lang='lat' dir='ltr'>quibus</span> <span class='ocrx_word' id='word_1_48' title='bbox 219 1161 400 1229; x_wconf 87' lang='lat' dir='ltr'>peccatorum</span> <span class='ocrx_word' id='word_1_49' title='bbox 415 1170 492 1210; x_wconf 85' lang='lat' dir='ltr'>noxa</span> <span class='ocrx_word' id='word_1_50' title='bbox 513 1162 726 1229; x_wconf 84' lang='lat' dir='ltr'>compensetur,</span> <span class='ocrx_word' id='word_1_51' title='bbox 740 1169 799 1225; x_wconf 90' lang='lat' dir='ltr'>quo</span> <span class='ocrx_word' id='word_1_52' title='bbox 813 1149 907 1209; x_wconf 78' lang='lat' dir='ltr'>debite</span> <span class='ocrx_word' id='word_1_53' title='bbox 924 1150 1043 1228; x_wconf 88' lang='lat' dir='ltr'>justitiae</span> <span class='ocrx_word' id='word_1_54' title='bbox 1065 1151 1121 1210; x_wconf 89' lang='lat' dir='ltr'>Dei</span> <span class='ocrx_word' id='word_1_55' title='bbox 1141 1149 1298 1209; x_wconf 78' lang='lat' dir='ltr'>satisfactio</span> 
     </span>
     <span class='ocr_line' id='line_1_8' title="bbox 93 1244 908 1327; baseline -0.004 -19"><span class='ocrx_word' id='word_1_56' title='bbox 93 1247 322 1327; x_wconf 75' lang='lat' dir='ltr'>persolvatur.’&#39;⁹</span> <span class='ocrx_word' id='word_1_57' title='bbox 362 1247 405 1307; x_wconf 88' lang='lat' dir='ltr'>lta</span> <span class='ocrx_word' id='word_1_58' title='bbox 419 1248 569 1307; x_wconf 82' lang='lat' dir='ltr'>Calvinus.</span> <span class='ocrx_word' id='word_1_59' title='bbox 901 1244 908 1263; x_wconf 90' lang='lat'><em>&#39;</em></span> 
     </span>
    </p>

    <p class='ocr_par' dir='ltr' id='par_1_5' title="bbox 91 1340 1295 1616">
     <span class='ocr_line' id='line_1_9' title="bbox 133 1340 1291 1424; baseline -0.003 -20"><span class='ocrx_word' id='word_1_60' title='bbox 133 1344 224 1424; x_wconf 84' lang='lat' dir='ltr'>Resp.</span> <span class='ocrx_word' id='word_1_61' title='bbox 248 1345 317 1404; x_wconf 92' lang='lat' dir='ltr'>Non</span> <span class='ocrx_word' id='word_1_62' title='bbox 331 1347 432 1404; x_wconf 90' lang='lat' dir='ltr'>merito</span> <span class='ocrx_word' id='word_1_63' title='bbox 443 1364 561 1422; x_wconf 90' lang='lat' dir='ltr'>operum</span> <span class='ocrx_word' id='word_1_64' title='bbox 573 1344 685 1404; x_wconf 87' lang='lat' dir='ltr'>veniam</span> <span class='ocrx_word' id='word_1_65' title='bbox 698 1345 894 1422; x_wconf 85' lang='lat' dir='ltr'>impetramus,</span> <span class='ocrx_word' id='word_1_66' title='bbox 910 1343 960 1402; x_wconf 88' lang='lat' dir='ltr'>sed</span> <span class='ocrx_word' id='word_1_67' title='bbox 980 1344 1090 1403; x_wconf 83' lang='lat' dir='ltr'>Christi</span> <span class='ocrx_word' id='word_1_68' title='bbox 1113 1340 1226 1412; x_wconf 90' lang='lat' dir='ltr'>intuitu,</span> <span class='ocrx_word' id='word_1_69' title='bbox 1241 1345 1291 1417; x_wconf 93' lang='lat' dir='ltr'>qui</span> 
     </span>
     <span class='ocr_line' id='line_1_10' title="bbox 92 1440 1295 1520; baseline -0.002 -20"><span class='ocrx_word' id='word_1_70' title='bbox 92 1460 147 1520; x_wconf 88' lang='lat' dir='ltr'>pro</span> <span class='ocrx_word' id='word_1_71' title='bbox 162 1440 245 1500; x_wconf 87' lang='lat' dir='ltr'>nobis</span> <span class='ocrx_word' id='word_1_72' title='bbox 256 1441 375 1519; x_wconf 82' lang='lat' dir='ltr'>justitiae</span> <span class='ocrx_word' id='word_1_73' title='bbox 387 1440 492 1500; x_wconf 85' lang='lat' dir='ltr'>divinae</span> <span class='ocrx_word' id='word_1_74' title='bbox 514 1440 667 1510; x_wconf 80' lang='lat' dir='ltr'>satisfecit;</span> <span class='ocrx_word' id='word_1_75' title='bbox 688 1460 777 1518; x_wconf 89' lang='lat' dir='ltr'>opera</span> <span class='ocrx_word' id='word_1_76' title='bbox 797 1454 889 1500; x_wconf 89' lang='lat' dir='ltr'>tamen</span> <span class='ocrx_word' id='word_1_77' title='bbox 905 1453 973 1518; x_wconf 91' lang='lat' dir='ltr'>post</span> <span class='ocrx_word' id='word_1_78' title='bbox 986 1442 1099 1500; x_wconf 88' lang='lat' dir='ltr'>veniam</span> <span class='ocrx_word' id='word_1_79' title='bbox 1114 1442 1295 1517; x_wconf 86' lang='lat' dir='ltr'>impetratam</span> 
     </span>
     <span class='ocr_line' id='line_1_11' title="bbox 91 1535 1232 1616; baseline -0.001 -21"><span class='ocrx_word' id='word_1_80' title='bbox 91 1536 167 1596; x_wconf 83' lang='lat' dir='ltr'>iacta</span> <span class='ocrx_word' id='word_1_81' title='bbox 180 1537 276 1616; x_wconf 82' lang='lat' dir='ltr'>gratiae</span> <span class='ocrx_word' id='word_1_82' title='bbox 289 1538 396 1596; x_wconf 87' lang='lat' dir='ltr'>auxilio</span> <span class='ocrx_word' id='word_1_83' title='bbox 411 1556 462 1616; x_wconf 88' lang='lat' dir='ltr'>per</span> <span class='ocrx_word' id='word_1_84' title='bbox 477 1536 625 1598; x_wconf 82' lang='lat' dir='ltr'>Christum</span> <span class='ocrx_word' id='word_1_85' title='bbox 641 1537 736 1597; x_wconf 83' lang='lat' dir='ltr'>valent</span> <span class='ocrx_word' id='word_1_86' title='bbox 749 1537 785 1596; x_wconf 86' lang='lat' dir='ltr'>ed</span> <span class='ocrx_word' id='word_1_87' title='bbox 800 1556 899 1616; x_wconf 82' lang='lat' dir='ltr'>poenas</span> <span class='ocrx_word' id='word_1_88' title='bbox 915 1539 1087 1616; x_wconf 83' lang='lat' dir='ltr'>temporales</span> <span class='ocrx_word' id='word_1_89' title='bbox 1101 1535 1232 1596; x_wconf 87' lang='lat' dir='ltr'>luendas.</span> 
     </span>
    </p>
   </div>
   <div class='ocr_carea' id='block_1_5' title="bbox 89 1714 1302 4741">
    <p class='ocr_par' dir='ltr' id='par_1_6' title="bbox 89 1714 1302 3430">
     <span class='ocr_line' id='line_1_12' title="bbox 128 1714 1296 1796; baseline 0.006 -21"><span class='ocrx_word' id='word_1_90' title='bbox 128 1727 172 1794; x_wconf 88' lang='lat' dir='ltr'>(l)</span> <span class='ocrx_word' id='word_1_91' title='bbox 191 1727 291 1780; x_wconf 78' lang='lat' dir='ltr'>Saeculo</span> <span class='ocrx_word' id='word_1_92' title='bbox 311 1714 381 1780; x_wconf 82' lang='lat' dir='ltr'>tertio</span> <span class='ocrx_word' id='word_1_93' title='bbox 401 1728 558 1781; x_wconf 86' lang='lat' dir='ltr'>solemniores</span> <span class='ocrx_word' id='word_1_94' title='bbox 569 1729 718 1796; x_wconf 75' lang='lat' dir='ltr'>poenitentis</span> <span class='ocrx_word' id='word_1_95' title='bbox 729 1729 818 1792; x_wconf 73' lang='lat' dir='ltr'>gradus</span> <span class='ocrx_word' id='word_1_96' title='bbox 831 1731 883 1796; x_wconf 77' lang='lat' dir='ltr'>jam</span> <span class='ocrx_word' id='word_1_97' title='bbox 894 1729 1113 1794; x_wconf 75' lang='lat' dir='ltr'>distinguebantur,</span> <span class='ocrx_word' id='word_1_98' title='bbox 1124 1729 1161 1780; x_wconf 91' lang='lat' dir='ltr'>uti</span> <span class='ocrx_word' id='word_1_99' title='bbox 1172 1730 1249 1795; x_wconf 90' lang='lat' dir='ltr'>liquet</span> <span class='ocrx_word' id='word_1_100' title='bbox 1265 1748 1296 1782; x_wconf 90' lang='lat' dir='ltr'>ex</span> 
     </span>
     <span class='ocr_line' id='line_1_13' title="bbox 91 1812 1302 1886; baseline 0.002 -23"><span class='ocrx_word' id='word_1_101' title='bbox 91 1812 197 1881; x_wconf 85' lang='lat' dir='ltr'>epistola</span> <span class='ocrx_word' id='word_1_102' title='bbox 208 1813 327 1865; x_wconf 87' lang='lat' dir='ltr'>canonica</span> <span class='ocrx_word' id='word_1_103' title='bbox 338 1813 365 1865; x_wconf 81' lang='lat' dir='ltr'>S.</span> <span class='ocrx_word' id='word_1_104' title='bbox 377 1813 489 1878; x_wconf 78' lang='lat' dir='ltr'>Gregorii</span> <span class='ocrx_word' id='word_1_105' title='bbox 502 1815 712 1866; x_wconf 78' lang='lat' dir='ltr'>Neocesareensis</span> <span class='ocrx_word' id='word_1_106' title='bbox 723 1832 776 1865; x_wconf 90' lang='lat' dir='ltr'>ean.</span> <span class='ocrx_word' id='word_1_107' title='bbox 788 1814 822 1865; x_wconf 80' lang='lat' dir='ltr'>xi.</span> <span class='ocrx_word' id='word_1_108' title='bbox 857 1823 871 1846; x_wconf 80' lang='lat'>‘⁴</span> <span class='ocrx_word' id='word_1_109' title='bbox 880 1813 969 1866; x_wconf 82' lang='lat' dir='ltr'>Fletus</span> <span class='ocrx_word' id='word_1_110' title='bbox 980 1817 1111 1886; x_wconf 68' lang='lat' dir='ltr'>ssuluctus</span> <span class='ocrx_word' id='word_1_111' title='bbox 1121 1823 1159 1865; x_wconf 89' lang='lat' dir='ltr'>est</span> <span class='ocrx_word' id='word_1_112' title='bbox 1169 1823 1238 1865; x_wconf 84' lang='lat' dir='ltr'>extra</span> <span class='ocrx_word' id='word_1_113' title='bbox 1247 1832 1302 1882; x_wconf 91' lang='lat' dir='ltr'>por-</span> 
     </span>
     <span class='ocr_line' id='line_1_14' title="bbox 90 1897 1298 1965; baseline 0 -16"><span class='ocrx_word' id='word_1_114' title='bbox 90 1905 144 1949; x_wconf 88' lang='lat' dir='ltr'>tam</span> <span class='ocrx_word' id='word_1_115' title='bbox 156 1897 273 1959; x_wconf 88' lang='lat' dir='ltr'>Oratorii,</span> <span class='ocrx_word' id='word_1_116' title='bbox 285 1899 327 1949; x_wconf 89' lang='lat' dir='ltr'>ubi</span> <span class='ocrx_word' id='word_1_117' title='bbox 338 1907 489 1964; x_wconf 86' lang='lat' dir='ltr'>peccatorem</span> <span class='ocrx_word' id='word_1_118' title='bbox 505 1907 610 1950; x_wconf 86' lang='lat' dir='ltr'>stantem</span> <span class='ocrx_word' id='word_1_119' title='bbox 627 1906 721 1964; x_wconf 87' lang='lat' dir='ltr'>oportet</span> <span class='ocrx_word' id='word_1_120' title='bbox 732 1899 817 1949; x_wconf 85' lang='lat' dir='ltr'>fideles</span> <span class='ocrx_word' id='word_1_121' title='bbox 833 1898 996 1962; x_wconf 77' lang='lat' dir='ltr'>ingredientes</span> <span class='ocrx_word' id='word_1_122' title='bbox 1009 1915 1083 1959; x_wconf 90' lang='lat' dir='ltr'>orare,</span> <span class='ocrx_word' id='word_1_123' title='bbox 1096 1907 1124 1949; x_wconf 89' lang='lat' dir='ltr'>ut</span> <span class='ocrx_word' id='word_1_124' title='bbox 1140 1915 1184 1964; x_wconf 91' lang='lat' dir='ltr'>pro</span> <span class='ocrx_word' id='word_1_125' title='bbox 1204 1916 1230 1949; x_wconf 84' lang='lat' dir='ltr'>se</span> <span class='ocrx_word' id='word_1_126' title='bbox 1242 1917 1298 1965; x_wconf 87' lang='lat' dir='ltr'>pre·</span> 
     </span>
     <span class='ocr_line' id='line_1_15' title="bbox 89 1985 1298 2053; baseline -0.001 -16"><span class='ocrx_word' id='word_1_127' title='bbox 89 1993 185 2037; x_wconf 82' lang='lat' dir='ltr'>centur.</span> <span class='ocrx_word' id='word_1_128' title='bbox 218 1985 325 2037; x_wconf 77' lang='lat' dir='ltr'>Artditio</span> <span class='ocrx_word' id='word_1_129' title='bbox 336 1994 373 2036; x_wconf 87' lang='lat' dir='ltr'>cst</span> <span class='ocrx_word' id='word_1_130' title='bbox 384 1987 448 2037; x_wconf 87' lang='lat' dir='ltr'>intra</span> <span class='ocrx_word' id='word_1_131' title='bbox 458 1994 559 2052; x_wconf 89' lang='lat' dir='ltr'>portam,</span> <span class='ocrx_word' id='word_1_132' title='bbox 571 1986 597 2036; x_wconf 94' lang='lat' dir='ltr'>in</span> <span class='ocrx_word' id='word_1_133' title='bbox 608 1986 711 2053; x_wconf 88' lang='lat' dir='ltr'>porticu,</span> <span class='ocrx_word' id='word_1_134' title='bbox 722 1987 764 2037; x_wconf 89' lang='lat' dir='ltr'>ubi</span> <span class='ocrx_word' id='word_1_135' title='bbox 776 1994 870 2051; x_wconf 87' lang='lat' dir='ltr'>oportet</span> <span class='ocrx_word' id='word_1_136' title='bbox 881 2003 937 2036; x_wconf 89' lang='lat' dir='ltr'>eum</span> <span class='ocrx_word' id='word_1_137' title='bbox 954 1987 997 2050; x_wconf 93' lang='lat' dir='ltr'>qui</span> <span class='ocrx_word' id='word_1_138' title='bbox 1014 1986 1124 2052; x_wconf 83' lang='lat' dir='ltr'>peccavit</span> <span class='ocrx_word' id='word_1_139' title='bbox 1137 1993 1208 2046; x_wconf 76' lang='lat' dir='ltr'>mere,</span> <span class='ocrx_word' id='word_1_140' title='bbox 1219 2002 1298 2050; x_wconf 88' lang='lat' dir='ltr'>usqne</span> 
     </span>
     <span class='ocr_line' id='line_1_16' title="bbox 90 2069 1301 2136; baseline -0.002 -13"><span class='ocrx_word' id='word_1_141' title='bbox 90 2072 123 2123; x_wconf 82' lang='lat' dir='ltr'>cd</span> <span class='ocrx_word' id='word_1_142' title='bbox 133 2070 338 2131; x_wconf 82' lang='lat' dir='ltr'>Catechumcnoe,</span> <span class='ocrx_word' id='word_1_143' title='bbox 349 2079 374 2122; x_wconf 90' lang='lat' dir='ltr'>et</span> <span class='ocrx_word' id='word_1_144' title='bbox 384 2071 452 2122; x_wconf 90' lang='lat' dir='ltr'>illinc</span> <span class='ocrx_word' id='word_1_145' title='bbox 463 2072 558 2136; x_wconf 77' lang='lat' dir='ltr'>egredi:</span> <span class='ocrx_word' id='word_1_146' title='bbox 576 2072 688 2123; x_wconf 85' lang='lat' dir='ltr'>Audiens</span> <span class='ocrx_word' id='word_1_147' title='bbox 699 2071 773 2130; x_wconf 91' lang='lat' dir='ltr'>enim,</span> <span class='ocrx_word' id='word_1_148' title='bbox 784 2071 872 2135; x_wconf 90' lang='lat' dir='ltr'>inquit,</span> <span class='ocrx_word' id='word_1_149' title='bbox 883 2071 1021 2136; x_wconf 76' lang='lat' dir='ltr'>Scripturas</span> <span class='ocrx_word' id='word_1_150' title='bbox 1030 2079 1055 2122; x_wconf 83' lang='lat' dir='ltr'>ot</span> <span class='ocrx_word' id='word_1_151' title='bbox 1065 2069 1208 2131; x_wconf 74' lang='lat' dir='ltr'>doctrinam,</span> <span class='ocrx_word' id='word_1_152' title='bbox 1218 2070 1301 2136; x_wconf 87' lang='lat' dir='ltr'>ejicia·</span> 
     </span>
     <span class='ocr_line' id='line_1_17' title="bbox 90 2157 1298 2226; baseline -0.002 -15"><span class='ocrx_word' id='word_1_153' title='bbox 90 2168 140 2220; x_wconf 85' lang='lat' dir='ltr'>tur,</span> <span class='ocrx_word' id='word_1_154' title='bbox 158 2167 183 2209; x_wconf 88' lang='lat' dir='ltr'>et</span> <span class='ocrx_word' id='word_1_155' title='bbox 199 2159 337 2225; x_wconf 78' lang='lat' dir='ltr'>precatione</span> <span class='ocrx_word' id='word_1_156' title='bbox 356 2158 474 2222; x_wconf 77' lang='lat' dir='ltr'>indignus</span> <span class='ocrx_word' id='word_1_157' title='bbox 490 2167 626 2211; x_wconf 70' lang='lat' dir='ltr'>cernentur.</span> <span class='ocrx_word' id='word_1_158' title='bbox 658 2158 783 2226; x_wconf 78' lang='lat' dir='ltr'>subjectio</span> <span class='ocrx_word' id='word_1_159' title='bbox 799 2167 883 2210; x_wconf 84' lang='lat' dir='ltr'>autem</span> <span class='ocrx_word' id='word_1_160' title='bbox 899 2174 944 2210; x_wconf 88' lang='lat' dir='ltr'>seu</span> <span class='ocrx_word' id='word_1_161' title='bbox 962 2157 1105 2211; x_wconf 73' lang='lat' dir='ltr'>Sredstrstt&#39;o</span> <span class='ocrx_word' id='word_1_162' title='bbox 1126 2166 1171 2217; x_wconf 85' lang='lat' dir='ltr'>est,</span> <span class='ocrx_word' id='word_1_163' title='bbox 1189 2166 1217 2209; x_wconf 89' lang='lat' dir='ltr'>ut</span> <span class='ocrx_word' id='word_1_164' title='bbox 1234 2159 1298 2208; x_wconf 86' lang='lat' dir='ltr'>intra</span> 
     </span>
     <span class='ocr_line' id='line_1_18' title="bbox 90 2244 1298 2313; baseline -0.003 -15"><span class='ocrx_word' id='word_1_165' title='bbox 90 2246 179 2313; x_wconf 86' lang='lat' dir='ltr'>templi</span> <span class='ocrx_word' id='word_1_166' title='bbox 188 2255 283 2313; x_wconf 85' lang='lat' dir='ltr'>portam</span> <span class='ocrx_word' id='word_1_167' title='bbox 295 2255 431 2298; x_wconf 79' lang='lat' dir='ltr'>etruscum</span> <span class='ocrx_word' id='word_1_168' title='bbox 443 2245 789 2310; x_wconf 72' lang='lat' dir='ltr'>Octechumsnisegrediatur.</span> <span class='ocrx_word' id='word_1_169' title='bbox 824 2245 989 2310; x_wconf 70' lang='lat' dir='ltr'>congregatio</span> <span class='ocrx_word' id='word_1_170' title='bbox 1004 2263 1049 2298; x_wconf 85' lang='lat' dir='ltr'>seu</span> <span class='ocrx_word' id='word_1_171' title='bbox 1070 2244 1243 2297; x_wconf 65' lang='lat' dir='ltr'>deserentia</span> <span class='ocrx_word' id='word_1_172' title='bbox 1253 2254 1298 2305; x_wconf 88' lang='lat' dir='ltr'>est,</span> 
     </span>
     <span class='ocr_line' id='line_1_19' title="bbox 90 2333 1300 2397; baseline -0.002 -11"><span class='ocrx_word' id='word_1_173' title='bbox 90 2343 121 2387; x_wconf 89' lang='lat' dir='ltr'>ut</span> <span class='ocrx_word' id='word_1_174' title='bbox 131 2350 190 2396; x_wconf 85' lang='lat' dir='ltr'>cum</span> <span class='ocrx_word' id='word_1_175' title='bbox 202 2334 314 2385; x_wconf 87' lang='lat' dir='ltr'>fidelibus</span> <span class='ocrx_word' id='word_1_176' title='bbox 324 2333 485 2394; x_wconf 71' lang='lat' dir='ltr'>consistatet</span> <span class='ocrx_word' id='word_1_177' title='bbox 503 2350 560 2384; x_wconf 90' lang='lat' dir='ltr'>cum</span> <span class='ocrx_word' id='word_1_178' title='bbox 579 2333 771 2386; x_wconf 68' lang='lat' dir='ltr'>catechumenis</span> <span class='ocrx_word' id='word_1_179' title='bbox 789 2350 841 2385; x_wconf 87' lang='lat' dir='ltr'>non</span> <span class='ocrx_word' id='word_1_180' title='bbox 860 2333 1022 2397; x_wconf 80' lang='lat' dir='ltr'>egrediatur.”</span> <span class='ocrx_word' id='word_1_181' title='bbox 1053 2334 1117 2384; x_wconf 91' lang='lat' dir='ltr'>Vide</span> <span class='ocrx_word' id='word_1_182' title='bbox 1133 2333 1206 2383; x_wconf 88' lang='lat' dir='ltr'>etiam</span> <span class='ocrx_word' id='word_1_183' title='bbox 1219 2333 1300 2384; x_wconf 82' lang='lat' dir='ltr'>Cone.</span> 
     </span>
     <span class='ocr_line' id='line_1_20' title="bbox 91 2418 1299 2487; baseline -0.004 -14"><span class='ocrx_word' id='word_1_184' title='bbox 91 2422 255 2487; x_wconf 87' lang='lat' dir='ltr'>Ancyrenum</span> <span class='ocrx_word' id='word_1_185' title='bbox 268 2419 332 2471; x_wconf 81' lang='lat' dir='ltr'>Can.</span> <span class='ocrx_word' id='word_1_186' title='bbox 348 2420 374 2470; x_wconf 88' lang='lat'>4.</span> <span class='ocrx_word' id='word_1_187' title='bbox 387 2422 411 2470; x_wconf 86' lang='lat'>5.</span> <span class='ocrx_word' id='word_1_188' title='bbox 429 2423 453 2469; x_wconf 87' lang='lat'>8.</span> <span class='ocrx_word' id='word_1_189' title='bbox 470 2419 611 2472; x_wconf 80' lang='lat' dir='ltr'>Nioaeuum.</span> <span class='ocrx_word' id='word_1_190' title='bbox 628 2419 692 2472; x_wconf 77' lang='lat' dir='ltr'>(lan.</span> <span class='ocrx_word' id='word_1_191' title='bbox 712 2423 751 2470; x_wconf 92' lang='lat' dir='ltr'>ll.</span> <span class='ocrx_word' id='word_1_192' title='bbox 767 2429 792 2472; x_wconf 89' lang='lat' dir='ltr'>et</span> <span class='ocrx_word' id='word_1_193' title='bbox 812 2424 851 2470; x_wconf 76' lang='lat'>12.</span> <span class='ocrx_word' id='word_1_194' title='bbox 868 2418 956 2470; x_wconf 85' lang='lat' dir='ltr'>Postea</span> <span class='ocrx_word' id='word_1_195' title='bbox 972 2420 999 2470; x_wconf 90' lang='lat' dir='ltr'>in</span> <span class='ocrx_word' id='word_1_196' title='bbox 1017 2419 1169 2470; x_wconf 87' lang='lat' dir='ltr'>Occidentali</span> <span class='ocrx_word' id='word_1_197' title='bbox 1186 2418 1299 2468; x_wconf 89' lang='lat' dir='ltr'>Ecclesia</span> 
     </span>
     <span class='ocr_line' id='line_1_21' title="bbox 90 2502 1298 2570; baseline -0.001 -15"><span class='ocrx_word' id='word_1_198' title='bbox 90 2505 179 2557; x_wconf 83' lang='lat' dir='ltr'>eadem</span> <span class='ocrx_word' id='word_1_199' title='bbox 189 2505 318 2570; x_wconf 88' lang='lat' dir='ltr'>disciplina</span> <span class='ocrx_word' id='word_1_200' title='bbox 329 2502 440 2564; x_wconf 86' lang='lat' dir='ltr'>invaluit,</span> <span class='ocrx_word' id='word_1_201' title='bbox 451 2506 523 2570; x_wconf 89' lang='lat' dir='ltr'>cujus</span> <span class='ocrx_word' id='word_1_202' title='bbox 534 2504 646 2556; x_wconf 85' lang='lat' dir='ltr'>meminit</span> <span class='ocrx_word' id='word_1_203' title='bbox 657 2505 683 2556; x_wconf 82' lang='lat' dir='ltr'>S.</span> <span class='ocrx_word' id='word_1_204' title='bbox 696 2505 767 2555; x_wconf 84' lang='lat' dir='ltr'>Felix</span> <span class='ocrx_word' id='word_1_205' title='bbox 785 2505 819 2556; x_wconf 90' lang='lat' dir='ltr'>iii.</span> <span class='ocrx_word' id='word_1_206' title='bbox 831 2503 910 2570; x_wconf 84' lang='lat' dir='ltr'>Epist</span> <span class='ocrx_word' id='word_1_207' title='bbox 931 2508 954 2555; x_wconf 86' lang='grc'>7.</span> <span class='ocrx_word' id='word_1_208' title='bbox 966 2504 996 2554; x_wconf 87' lang='lat' dir='ltr'>ed</span> <span class='ocrx_word' id='word_1_209' title='bbox 1018 2503 1143 2554; x_wconf 88' lang='lat' dir='ltr'>universos</span> <span class='ocrx_word' id='word_1_210' title='bbox 1163 2503 1298 2568; x_wconf 88' lang='lat' dir='ltr'>episcopos,</span> 
     </span>
     <span class='ocr_line' id='line_1_22' title="bbox 90 2590 1300 2658; baseline -0.003 -14"><span class='ocrx_word' id='word_1_211' title='bbox 90 2592 183 2658; x_wconf 79' lang='lat' dir='ltr'>scripta</span> <span class='ocrx_word' id='word_1_212' title='bbox 193 2592 281 2643; x_wconf 77' lang='lat' dir='ltr'>seculo</span> <span class='ocrx_word' id='word_1_213' title='bbox 293 2590 380 2656; x_wconf 88' lang='lat' dir='ltr'>quinto</span> <span class='ocrx_word' id='word_1_214' title='bbox 391 2591 422 2641; x_wconf 86' lang='lat' dir='ltr'>ed</span> <span class='ocrx_word' id='word_1_215' title='bbox 442 2591 517 2641; x_wconf 88' lang='lat' dir='ltr'>tinem</span> <span class='ocrx_word' id='word_1_216' title='bbox 536 2599 659 2655; x_wconf 78' lang='lat' dir='ltr'>vergente.</span> <span class='ocrx_word' id='word_1_217' title='bbox 691 2590 793 2644; x_wconf 81' lang='lat' dir='ltr'>Flentes</span> <span class='ocrx_word' id='word_1_218' title='bbox 809 2607 880 2642; x_wconf 89' lang='lat' dir='ltr'>sacco</span> <span class='ocrx_word' id='word_1_219' title='bbox 897 2590 985 2652; x_wconf 91' lang='lat' dir='ltr'>induti,</span> <span class='ocrx_word' id='word_1_220' title='bbox 996 2591 1077 2641; x_wconf 89' lang='lat' dir='ltr'>cinere</span> <span class='ocrx_word' id='word_1_221' title='bbox 1094 2591 1168 2656; x_wconf 90' lang='lat' dir='ltr'>capiti</span> <span class='ocrx_word' id='word_1_222' title='bbox 1179 2591 1300 2656; x_wconf 88' lang='lat' dir='ltr'>insperso,</span> 
     </span>
     <span class='ocr_line' id='line_1_23' title="bbox 90 2674 1299 2743; baseline -0.001 -14"><span class='ocrx_word' id='word_1_223' title='bbox 90 2676 187 2743; x_wconf 84' lang='lat' dir='ltr'>capillis</span> <span class='ocrx_word' id='word_1_224' title='bbox 197 2685 222 2728; x_wconf 89' lang='lat' dir='ltr'>et</span> <span class='ocrx_word' id='word_1_225' title='bbox 238 2678 311 2727; x_wconf 87' lang='lat' dir='ltr'>barba</span> <span class='ocrx_word' id='word_1_226' title='bbox 327 2674 453 2741; x_wconf 87' lang='lat' dir='ltr'>promissis</span> <span class='ocrx_word' id='word_1_227' title='bbox 464 2675 491 2726; x_wconf 89' lang='lat' dir='ltr'>in</span> <span class='ocrx_word' id='word_1_228' title='bbox 508 2675 629 2728; x_wconf 85' lang='lat' dir='ltr'>vestibulo</span> <span class='ocrx_word' id='word_1_229' title='bbox 644 2679 790 2728; x_wconf 81' lang='lat' dir='ltr'>manebant:</span> <span class='ocrx_word' id='word_1_230' title='bbox 808 2675 938 2728; x_wconf 81' lang='lat' dir='ltr'>audientes</span> <span class='ocrx_word' id='word_1_231' title='bbox 950 2677 1013 2727; x_wconf 88' lang='lat' dir='ltr'>intra</span> <span class='ocrx_word' id='word_1_232' title='bbox 1030 2683 1124 2742; x_wconf 84' lang='lat' dir='ltr'>portem</span> <span class='ocrx_word' id='word_1_233' title='bbox 1141 2677 1167 2727; x_wconf 94' lang='lat' dir='ltr'>in</span> <span class='ocrx_word' id='word_1_234' title='bbox 1185 2676 1239 2727; x_wconf 93' lang='lat' dir='ltr'>loco</span> <span class='ocrx_word' id='word_1_235' title='bbox 1256 2679 1299 2741; x_wconf 90' lang='lat' dir='ltr'>qui</span> 
     </span>
     <span class='ocr_line' id='line_1_24' title="bbox 90 2759 1302 2827; baseline -0.002 -13"><span class='ocrx_word' id='word_1_236' title='bbox 90 2761 202 2814; x_wconf 77' lang='lat' dir='ltr'>aarttee</span> <span class='ocrx_word' id='word_1_237' title='bbox 209 2779 254 2812; x_wconf 92' lang='lat' dir='ltr'>seu</span> <span class='ocrx_word' id='word_1_238' title='bbox 267 2762 344 2812; x_wconf 86' lang='lat' dir='ltr'>ferula</span> <span class='ocrx_word' id='word_1_239' title='bbox 352 2761 491 2821; x_wconf 86' lang='lat' dir='ltr'>dicebatut;</span> <span class='ocrx_word' id='word_1_240' title='bbox 509 2759 632 2812; x_wconf 83' lang='lat' dir='ltr'>substrati</span> <span class='ocrx_word' id='word_1_241' title='bbox 640 2762 763 2824; x_wconf 82' lang='lat' dir='ltr'>genuflexi</span> <span class='ocrx_word' id='word_1_242' title='bbox 774 2761 848 2812; x_wconf 84' lang='lat' dir='ltr'>variis</span> <span class='ocrx_word' id='word_1_243' title='bbox 855 2761 935 2827; x_wconf 89' lang='lat' dir='ltr'>poenis</span> <span class='ocrx_word' id='word_1_244' title='bbox 946 2778 974 2812; x_wconf 86' lang='lat' dir='ltr'>ac</span> <span class='ocrx_word' id='word_1_245' title='bbox 985 2761 1107 2812; x_wconf 87' lang='lat' dir='ltr'>laboribus</span> <span class='ocrx_word' id='word_1_246' title='bbox 1119 2763 1302 2821; x_wconf 87' lang='lat' dir='ltr'>exercebantur,</span> 
     </span>
     <span class='ocr_line' id='line_1_25' title="bbox 90 2847 1301 2914; baseline -0.002 -15"><span class='ocrx_word' id='word_1_247' title='bbox 90 2849 293 2914; x_wconf 84' lang='lat' dir='ltr'>accipiebantque</span> <span class='ocrx_word' id='word_1_248' title='bbox 301 2864 389 2898; x_wconf 86' lang='lat' dir='ltr'>manus</span> <span class='ocrx_word' id='word_1_249' title='bbox 400 2847 575 2913; x_wconf 82' lang='lat' dir='ltr'>impositiones,</span> <span class='ocrx_word' id='word_1_250' title='bbox 582 2847 746 2898; x_wconf 85' lang='lat' dir='ltr'>sacerdotibus</span> <span class='ocrx_word' id='word_1_251' title='bbox 753 2863 799 2913; x_wconf 93' lang='lat' dir='ltr'>pro</span> <span class='ocrx_word' id='word_1_252' title='bbox 808 2847 838 2898; x_wconf 90' lang='lat' dir='ltr'>iis</span> <span class='ocrx_word' id='word_1_253' title='bbox 847 2847 978 2898; x_wconf 88' lang='lat' dir='ltr'>orantibus.</span> <span class='ocrx_word' id='word_1_254' title='bbox 996 2847 1090 2897; x_wconf 86' lang='lat' dir='ltr'>Eorum</span> <span class='ocrx_word' id='word_1_255' title='bbox 1102 2848 1170 2897; x_wconf 91' lang='lat' dir='ltr'>locus</span> <span class='ocrx_word' id='word_1_256' title='bbox 1180 2847 1225 2897; x_wconf 90' lang='lat' dir='ltr'>fuit</span> <span class='ocrx_word' id='word_1_257' title='bbox 1233 2848 1259 2897; x_wconf 91' lang='lat' dir='ltr'>in</span> <span class='ocrx_word' id='word_1_258' title='bbox 1271 2865 1301 2897; x_wconf 87' lang='lat' dir='ltr'>ea</span> 
     </span>
     <span class='ocr_line' id='line_1_26' title="bbox 91 2933 1299 2999; baseline -0.002 -13"><span class='ocrx_word' id='word_1_259' title='bbox 91 2935 211 2986; x_wconf 76' lang='lat' dir='ltr'>Emissis</span> <span class='ocrx_word' id='word_1_260' title='bbox 223 2943 290 2999; x_wconf 88' lang='lat' dir='ltr'>parte</span> <span class='ocrx_word' id='word_1_261' title='bbox 301 2950 356 2998; x_wconf 80' lang='lat' dir='ltr'>qno</span> <span class='ocrx_word' id='word_1_262' title='bbox 366 2933 397 2983; x_wconf 90' lang='lat' dir='ltr'>ad</span> <span class='ocrx_word' id='word_1_263' title='bbox 408 2933 540 2986; x_wconf 86' lang='lat' dir='ltr'>ambonem</span> <span class='ocrx_word' id='word_1_264' title='bbox 551 2950 630 2999; x_wconf 88' lang='lat' dir='ltr'>usque</span> <span class='ocrx_word' id='word_1_265' title='bbox 641 2934 843 2999; x_wconf 81' lang='lat' dir='ltr'>protendebatur3</span> <span class='ocrx_word' id='word_1_266' title='bbox 861 2936 931 2984; x_wconf 90' lang='lat' dir='ltr'>ambo</span> <span class='ocrx_word' id='word_1_267' title='bbox 941 2942 1023 2984; x_wconf 89' lang='lat' dir='ltr'>entem</span> <span class='ocrx_word' id='word_1_268' title='bbox 1034 2943 1085 2984; x_wconf 88' lang='lat' dir='ltr'>erat</span> <span class='ocrx_word' id='word_1_269' title='bbox 1092 2935 1212 2984; x_wconf 83' lang='lat' dir='ltr'>excelsius</span> <span class='ocrx_word' id='word_1_270' title='bbox 1223 2935 1299 2998; x_wconf 92' lang='lat' dir='ltr'>quod·</span> 
     </span>
     <span class='ocr_line' id='line_1_27' title="bbox 90 3020 1302 3085; baseline -0.002 -13"><span class='ocrx_word' id='word_1_271' title='bbox 90 3022 149 3072; x_wconf 83' lang='lat' dir='ltr'>dam</span> <span class='ocrx_word' id='word_1_272' title='bbox 160 3030 305 3084; x_wconf 78' lang='lat' dir='ltr'>suggestum</span> <span class='ocrx_word' id='word_1_273' title='bbox 314 3020 343 3070; x_wconf 84' lang='lat' dir='ltr'>itt</span> <span class='ocrx_word' id='word_1_274' title='bbox 353 3020 450 3085; x_wconf 88' lang='lat' dir='ltr'>templis</span> <span class='ocrx_word' id='word_1_275' title='bbox 467 3021 498 3071; x_wconf 87' lang='lat' dir='ltr'>ad</span> <span class='ocrx_word' id='word_1_276' title='bbox 515 3020 581 3084; x_wconf 90' lang='lat' dir='ltr'>quod</span> <span class='ocrx_word' id='word_1_277' title='bbox 599 3020 713 3083; x_wconf 83' lang='lat' dir='ltr'>gradibus</span> <span class='ocrx_word' id='word_1_278' title='bbox 730 3022 911 3082; x_wconf 88' lang='lat' dir='ltr'>ascendebatur,</span> <span class='ocrx_word' id='word_1_279' title='bbox 923 3028 947 3071; x_wconf 87' lang='lat' dir='ltr'>et</span> <span class='ocrx_word' id='word_1_280' title='bbox 964 3037 995 3070; x_wconf 77' lang='lat' dir='ltr'>ex</span> <span class='ocrx_word' id='word_1_281' title='bbox 1013 3037 1062 3084; x_wconf 88' lang='lat' dir='ltr'>quo</span> <span class='ocrx_word' id='word_1_282' title='bbox 1079 3021 1181 3084; x_wconf 83' lang='lat' dir='ltr'>epistola</span> <span class='ocrx_word' id='word_1_283' title='bbox 1192 3028 1217 3070; x_wconf 90' lang='lat' dir='ltr'>et</span> <span class='ocrx_word' id='word_1_284' title='bbox 1227 3037 1302 3070; x_wconf 88' lang='lat' dir='ltr'>evan·</span> 
     </span>
     <span class='ocr_line' id='line_1_28' title="bbox 91 3104 1300 3170; baseline -0.003 -13"><span class='ocrx_word' id='word_1_285' title='bbox 91 3106 185 3169; x_wconf 83' lang='lat' dir='ltr'>gelium</span> <span class='ocrx_word' id='word_1_286' title='bbox 196 3105 345 3168; x_wconf 79' lang='lat' dir='ltr'>legebantur.</span> <span class='ocrx_word' id='word_1_287' title='bbox 380 3104 547 3155; x_wconf 77' lang='lat' dir='ltr'>Germistentes</span> <span class='ocrx_word' id='word_1_288' title='bbox 559 3104 672 3170; x_wconf 88' lang='lat' dir='ltr'>deinceps</span> <span class='ocrx_word' id='word_1_289' title='bbox 683 3122 761 3166; x_wconf 84' lang='lat' dir='ltr'>usque</span> <span class='ocrx_word' id='word_1_290' title='bbox 772 3106 803 3156; x_wconf 90' lang='lat' dir='ltr'>ad</span> <span class='ocrx_word' id='word_1_291' title='bbox 823 3104 989 3156; x_wconf 71' lang='lat' dir='ltr'>sanctuarium</span> <span class='ocrx_word' id='word_1_292' title='bbox 1006 3121 1064 3154; x_wconf 87' lang='lat' dir='ltr'>cum</span> <span class='ocrx_word' id='word_1_293' title='bbox 1081 3105 1192 3154; x_wconf 86' lang='lat' dir='ltr'>fidelibus</span> <span class='ocrx_word' id='word_1_294' title='bbox 1209 3106 1300 3154; x_wconf 79' lang='lat' dir='ltr'>caeteris</span> 
     </span>
     <span class='ocr_line' id='line_1_29' title="bbox 91 3191 1299 3256; baseline -0.002 -14"><span class='ocrx_word' id='word_1_295' title='bbox 91 3193 264 3251; x_wconf 85' lang='lat' dir='ltr'>miscebantur,</span> <span class='ocrx_word' id='word_1_296' title='bbox 283 3191 464 3242; x_wconf 84' lang='lat' dir='ltr'>communionis</span> <span class='ocrx_word' id='word_1_297' title='bbox 483 3197 579 3241; x_wconf 81' lang='lat' dir='ltr'>tanturn</span> <span class='ocrx_word' id='word_1_298' title='bbox 596 3199 714 3256; x_wconf 81' lang='lat' dir='ltr'>expertes</span> <span class='ocrx_word' id='word_1_299' title='bbox 748 3191 808 3242; x_wconf 91' lang='lat' dir='ltr'>Non</span> <span class='ocrx_word' id='word_1_300' title='bbox 826 3208 912 3242; x_wconf 88' lang='lat' dir='ltr'>omnes</span> <span class='ocrx_word' id='word_1_301' title='bbox 928 3191 1078 3256; x_wconf 81' lang='lat' dir='ltr'>poenitentia</span> <span class='ocrx_word' id='word_1_302' title='bbox 1095 3191 1184 3253; x_wconf 79' lang='lat' dir='ltr'>gradus</span> <span class='ocrx_word' id='word_1_303' title='bbox 1195 3191 1299 3252; x_wconf 87' lang='lat' dir='ltr'>singulis</span> 
     </span>
     <span class='ocr_line' id='line_1_30' title="bbox 91 3276 1298 3346; baseline -0.002 -17"><span class='ocrx_word' id='word_1_304' title='bbox 91 3279 259 3346; x_wconf 83' lang='lat' dir='ltr'>peccatoribus</span> <span class='ocrx_word' id='word_1_305' title='bbox 269 3294 406 3344; x_wconf 88' lang='lat' dir='ltr'>percurrere</span> <span class='ocrx_word' id='word_1_306' title='bbox 418 3293 480 3342; x_wconf 89' lang='lat' dir='ltr'>opus</span> <span class='ocrx_word' id='word_1_307' title='bbox 491 3276 545 3337; x_wconf 83' lang='lat' dir='ltr'>suit,</span> <span class='ocrx_word' id='word_1_308' title='bbox 556 3293 602 3326; x_wconf 87' lang='lat' dir='ltr'>nec</span> <span class='ocrx_word' id='word_1_309' title='bbox 613 3277 678 3327; x_wconf 88' lang='lat' dir='ltr'>idem</span> <span class='ocrx_word' id='word_1_310' title='bbox 689 3278 803 3329; x_wconf 86' lang='lat' dir='ltr'>omnibus</span> <span class='ocrx_word' id='word_1_311' title='bbox 822 3277 937 3342; x_wconf 86' lang='lat' dir='ltr'>temporis</span> <span class='ocrx_word' id='word_1_312' title='bbox 954 3279 1060 3342; x_wconf 89' lang='lat' dir='ltr'>spatium</span> <span class='ocrx_word' id='word_1_313' title='bbox 1079 3293 1123 3340; x_wconf 89' lang='lat' dir='ltr'>per</span> <span class='ocrx_word' id='word_1_314' title='bbox 1138 3277 1203 3340; x_wconf 90' lang='lat' dir='ltr'>quod</span> <span class='ocrx_word' id='word_1_315' title='bbox 1220 3293 1298 3326; x_wconf 85' lang='lat' dir='ltr'>versa·</span> 
     </span>
     <span class='ocr_line' id='line_1_31' title="bbox 90 3363 1163 3430; baseline -0.005 -13"><span class='ocrx_word' id='word_1_316' title='bbox 90 3375 177 3418; x_wconf 89' lang='lat' dir='ltr'>rentur</span> <span class='ocrx_word' id='word_1_317' title='bbox 187 3367 214 3416; x_wconf 90' lang='lat' dir='ltr'>in</span> <span class='ocrx_word' id='word_1_318' title='bbox 226 3382 374 3430; x_wconf 89' lang='lat' dir='ltr'>unoquoque</span> <span class='ocrx_word' id='word_1_319' title='bbox 386 3365 478 3428; x_wconf 70' lang='lat' dir='ltr'>gratim</span> <span class='ocrx_word' id='word_1_320' title='bbox 496 3365 538 3414; x_wconf 87' lang='lat' dir='ltr'>sed</span> <span class='ocrx_word' id='word_1_321' title='bbox 549 3364 668 3429; x_wconf 87' lang='lat' dir='ltr'>episeopis</span> <span class='ocrx_word' id='word_1_322' title='bbox 679 3365 748 3415; x_wconf 87' lang='lat' dir='ltr'>licuit</span> <span class='ocrx_word' id='word_1_323' title='bbox 758 3365 812 3415; x_wconf 80' lang='lat' dir='ltr'>hec</span> <span class='ocrx_word' id='word_1_324' title='bbox 823 3363 936 3429; x_wconf 78' lang='lat' dir='ltr'>pntdenti</span> <span class='ocrx_word' id='word_1_325' title='bbox 948 3363 1044 3413; x_wconf 85' lang='lat' dir='ltr'>erbitrio</span> <span class='ocrx_word' id='word_1_326' title='bbox 1056 3363 1163 3412; x_wconf 88' lang='lat' dir='ltr'>definire.</span> 
     </span>
    </p>

    <p class='ocr_par' dir='ltr' id='par_1_7' title="bbox 91 3446 1300 4628">
     <span class='ocr_line' id='line_1_32' title="bbox 127 3446 1297 3516; baseline -0.005 -13"><span class='ocrx_word' id='word_1_327' title='bbox 127 3452 180 3514; x_wconf 84' lang='lat' dir='ltr'>Qui</span> <span class='ocrx_word' id='word_1_328' title='bbox 191 3453 218 3502; x_wconf 92' lang='lat' dir='ltr'>in</span> <span class='ocrx_word' id='word_1_329' title='bbox 229 3452 303 3502; x_wconf 78' lang='lat' dir='ltr'>reteri</span> <span class='ocrx_word' id='word_1_330' title='bbox 314 3450 433 3511; x_wconf 78' lang='lat' dir='ltr'>Ecclesia,</span> <span class='ocrx_word' id='word_1_331' title='bbox 444 3448 550 3516; x_wconf 89' lang='lat' dir='ltr'>episcopi</span> <span class='ocrx_word' id='word_1_332' title='bbox 561 3457 604 3500; x_wconf 87' lang='lat' dir='ltr'>aut</span> <span class='ocrx_word' id='word_1_333' title='bbox 614 3446 745 3515; x_wconf 86' lang='lat' dir='ltr'>presbyteri</span> <span class='ocrx_word' id='word_1_334' title='bbox 757 3449 929 3516; x_wconf 73' lang='lat' dir='ltr'>poenitentiarii</span> <span class='ocrx_word' id='word_1_335' title='bbox 936 3448 1039 3515; x_wconf 84' lang='lat' dir='ltr'>judicio,</span> <span class='ocrx_word' id='word_1_336' title='bbox 1047 3447 1168 3512; x_wconf 89' lang='lat' dir='ltr'>publicam</span> <span class='ocrx_word' id='word_1_337' title='bbox 1179 3447 1297 3512; x_wconf 70' lang='lat' dir='ltr'>poiniten-</span> 
     </span>
     <span class='ocr_line' id='line_1_33' title="bbox 91 3535 1297 3604; baseline -0.002 -13"><span class='ocrx_word' id='word_1_338' title='bbox 91 3542 153 3592; x_wconf 89' lang='lat' dir='ltr'>tiam</span> <span class='ocrx_word' id='word_1_339' title='bbox 164 3539 421 3604; x_wconf 82' lang='lat' dir='ltr'>exequi‘debcbant,in</span> <span class='ocrx_word' id='word_1_340' title='bbox 433 3538 510 3603; x_wconf 87' lang='lat' dir='ltr'>capite</span> <span class='ocrx_word' id='word_1_341' title='bbox 518 3537 614 3604; x_wconf 84' lang='lat' dir='ltr'>jejunii,</span> <span class='ocrx_word' id='word_1_342' title='bbox 626 3553 669 3588; x_wconf 89' lang='lat' dir='ltr'>seu</span> <span class='ocrx_word' id='word_1_343' title='bbox 680 3537 759 3604; x_wconf 88' lang='lat' dir='ltr'>prima</span> <span class='ocrx_word' id='word_1_344' title='bbox 771 3537 967 3600; x_wconf 79' lang='lat' dir='ltr'>Quadragesimae</span> <span class='ocrx_word' id='word_1_345' title='bbox 976 3537 1022 3595; x_wconf 85' lang='lat' dir='ltr'>dic,</span> <span class='ocrx_word' id='word_1_346' title='bbox 1032 3536 1061 3585; x_wconf 87' lang='lat' dir='ltr'>ad</span> <span class='ocrx_word' id='word_1_347' title='bbox 1071 3535 1186 3585; x_wconf 78' lang='lat' dir='ltr'>Ecclesiae</span> <span class='ocrx_word' id='word_1_348' title='bbox 1192 3537 1297 3600; x_wconf 87' lang='lat' dir='ltr'>jannem</span> 
     </span>
     <span class='ocr_line' id='line_1_34' title="bbox 92 3620 1299 3693; baseline -0.006 -14"><span class='ocrx_word' id='word_1_349' title='bbox 92 3628 274 3693; x_wconf 80' lang='lat' dir='ltr'>comparebant,</span> <span class='ocrx_word' id='word_1_350' title='bbox 285 3625 399 3676; x_wconf 88' lang='lat' dir='ltr'>sordidati</span> <span class='ocrx_word' id='word_1_351' title='bbox 410 3640 453 3691; x_wconf 88' lang='lat' dir='ltr'>pro</span> <span class='ocrx_word' id='word_1_352' title='bbox 464 3641 531 3675; x_wconf 90' lang='lat' dir='ltr'>more</span> <span class='ocrx_word' id='word_1_353' title='bbox 543 3625 687 3688; x_wconf 76' lang='lat' dir='ltr'>lugentium.</span> <span class='ocrx_word' id='word_1_354' title='bbox 720 3624 751 3676; x_wconf 90' lang='lat' dir='ltr'>ln</span> <span class='ocrx_word' id='word_1_355' title='bbox 762 3624 900 3675; x_wconf 82' lang='lat' dir='ltr'>Ecclesiam</span> <span class='ocrx_word' id='word_1_356' title='bbox 910 3623 1013 3686; x_wconf 78' lang='lat' dir='ltr'>ingressi</span> <span class='ocrx_word' id='word_1_357' title='bbox 1024 3639 1055 3672; x_wconf 84' lang='lat' dir='ltr'>ex</span> <span class='ocrx_word' id='word_1_358' title='bbox 1067 3620 1179 3672; x_wconf 88' lang='lat' dir='ltr'>manibus</span> <span class='ocrx_word' id='word_1_359' title='bbox 1191 3622 1299 3688; x_wconf 89' lang='lat' dir='ltr'>episcopi</span> 
     </span>
     <span class='ocr_line' id='line_1_35' title="bbox 94 3709 1300 3777; baseline -0.004 -13"><span class='ocrx_word' id='word_1_360' title='bbox 94 3715 203 3765; x_wconf 88' lang='lat' dir='ltr'>cinerem</span> <span class='ocrx_word' id='word_1_361' title='bbox 214 3712 287 3777; x_wconf 91' lang='lat' dir='ltr'>capiti</span> <span class='ocrx_word' id='word_1_362' title='bbox 297 3713 442 3776; x_wconf 81' lang='lat' dir='ltr'>inspersum,</span> <span class='ocrx_word' id='word_1_363' title='bbox 451 3718 476 3760; x_wconf 88' lang='lat' dir='ltr'>et</span> <span class='ocrx_word' id='word_1_364' title='bbox 486 3710 609 3760; x_wconf 88' lang='lat' dir='ltr'>cilicinam</span> <span class='ocrx_word' id='word_1_365' title='bbox 620 3719 712 3761; x_wconf 86' lang='lat' dir='ltr'>vestem</span> <span class='ocrx_word' id='word_1_366' title='bbox 723 3711 880 3777; x_wconf 87' lang='lat' dir='ltr'>accipiebant,</span> <span class='ocrx_word' id='word_1_367' title='bbox 891 3726 965 3774; x_wconf 86' lang='lat' dir='ltr'>seque</span> <span class='ocrx_word' id='word_1_368' title='bbox 973 3711 1001 3758; x_wconf 87' lang='lat' dir='ltr'>in</span> <span class='ocrx_word' id='word_1_369' title='bbox 1011 3717 1097 3758; x_wconf 89' lang='lat' dir='ltr'>terram</span> <span class='ocrx_word' id='word_1_370' title='bbox 1110 3709 1300 3772; x_wconf 86' lang='lat' dir='ltr'>prosternebant,</span> 
     </span>
     <span class='ocr_line' id='line_1_36' title="bbox 93 3796 1298 3864; baseline -0.006 -13"><span class='ocrx_word' id='word_1_371' title='bbox 93 3800 155 3852; x_wconf 91' lang='lat' dir='ltr'>dum</span> <span class='ocrx_word' id='word_1_372' title='bbox 167 3816 182 3850; x_wconf 86' lang='lat' dir='ltr'>e</span> <span class='ocrx_word' id='word_1_373' title='bbox 194 3801 257 3850; x_wconf 88' lang='lat' dir='ltr'>clero</span> <span class='ocrx_word' id='word_1_374' title='bbox 269 3807 293 3848; x_wconf 92' lang='lat' dir='ltr'>et</span> <span class='ocrx_word' id='word_1_375' title='bbox 304 3799 394 3863; x_wconf 88' lang='lat' dir='ltr'>populo</span> <span class='ocrx_word' id='word_1_376' title='bbox 405 3814 449 3862; x_wconf 88' lang='lat' dir='ltr'>pro</span> <span class='ocrx_word' id='word_1_377' title='bbox 460 3797 491 3846; x_wconf 84' lang='lat' dir='ltr'>iis</span> <span class='ocrx_word' id='word_1_378' title='bbox 509 3797 668 3848; x_wconf 85' lang='lat' dir='ltr'>funderentur</span> <span class='ocrx_word' id='word_1_379' title='bbox 685 3813 775 3864; x_wconf 89' lang='lat' dir='ltr'>preces.</span> <span class='ocrx_word' id='word_1_380' title='bbox 809 3798 947 3862; x_wconf 79' lang='lat' dir='ltr'>Episcopus</span> <span class='ocrx_word' id='word_1_381' title='bbox 963 3796 1085 3859; x_wconf 86' lang='lat' dir='ltr'>deinceps,</span> <span class='ocrx_word' id='word_1_382' title='bbox 1097 3796 1160 3845; x_wconf 85' lang='lat' dir='ltr'>clero</span> <span class='ocrx_word' id='word_1_383' title='bbox 1181 3804 1298 3846; x_wconf 85' lang='lat' dir='ltr'>canente:</span> 
     </span>
     <span class='ocr_line' id='line_1_37' title="bbox 93 3880 1298 3950; baseline -0.005 -14"><span class='ocrx_word' id='word_1_384' title='bbox 93 3893 107 3917; x_wconf 83' lang='lat'>‘⁴</span> <span class='ocrx_word' id='word_1_385' title='bbox 116 3885 147 3936; x_wconf 91' lang='lat' dir='ltr'>In</span> <span class='ocrx_word' id='word_1_386' title='bbox 159 3884 246 3934; x_wconf 90' lang='lat' dir='ltr'>sudore</span> <span class='ocrx_word' id='word_1_387' title='bbox 257 3885 339 3934; x_wconf 88' lang='lat' dir='ltr'>vultus</span> <span class='ocrx_word' id='word_1_388' title='bbox 351 3884 395 3944; x_wconf 91' lang='lat' dir='ltr'>tui,</span> <span class='ocrx_word' id='word_1_389' title='bbox 406 3881 471 3933; x_wconf 84' lang='lat' dir='ltr'>&amp;c.’&#39;</span> <span class='ocrx_word' id='word_1_390' title='bbox 483 3898 525 3932; x_wconf 87' lang='lat' dir='ltr'>eos</span> <span class='ocrx_word' id='word_1_391' title='bbox 537 3899 567 3932; x_wconf 89' lang='lat' dir='ltr'>ex</span> <span class='ocrx_word' id='word_1_392' title='bbox 580 3882 692 3934; x_wconf 86' lang='lat' dir='ltr'>Ecclesia</span> <span class='ocrx_word' id='word_1_393' title='bbox 703 3883 820 3950; x_wconf 84' lang='lat' dir='ltr'>ejiciebat,</span> <span class='ocrx_word' id='word_1_394' title='bbox 832 3883 896 3932; x_wconf 88' lang='lat' dir='ltr'>sient</span> <span class='ocrx_word' id='word_1_395' title='bbox 907 3882 987 3932; x_wconf 82' lang='lat' dir='ltr'>Adam</span> <span class='ocrx_word' id='word_1_396' title='bbox 999 3897 1012 3930; x_wconf 91' lang='lat' dir='ltr'>e</span> <span class='ocrx_word' id='word_1_397' title='bbox 1024 3880 1139 3931; x_wconf 85' lang='lat' dir='ltr'>Paradiso</span> <span class='ocrx_word' id='word_1_398' title='bbox 1151 3883 1243 3946; x_wconf 84' lang='lat' dir='ltr'>ejectus</span> <span class='ocrx_word' id='word_1_399' title='bbox 1254 3891 1298 3930; x_wconf 85' lang='lat' dir='ltr'>est.</span> 
     </span>
     <span class='ocr_line' id='line_1_38' title="bbox 94 3967 1298 4034; baseline -0.004 -13"><span class='ocrx_word' id='word_1_400' title='bbox 94 3970 146 4032; x_wconf 83' lang='lat' dir='ltr'>Qui</span> <span class='ocrx_word' id='word_1_401' title='bbox 164 3971 193 4019; x_wconf 88' lang='lat' dir='ltr'>in</span> <span class='ocrx_word' id='word_1_402' title='bbox 216 3970 264 4019; x_wconf 93' lang='lat' dir='ltr'>hoc</span> <span class='ocrx_word' id='word_1_403' title='bbox 280 3969 427 4034; x_wconf 80' lang='lat' dir='ltr'>poenitentim</span> <span class='ocrx_word' id='word_1_404' title='bbox 444 3976 509 4018; x_wconf 88' lang='lat' dir='ltr'>statu</span> <span class='ocrx_word' id='word_1_405' title='bbox 528 3969 692 4029; x_wconf 88' lang='lat' dir='ltr'>versabantur,</span> <span class='ocrx_word' id='word_1_406' title='bbox 709 3969 775 4018; x_wconf 91' lang='lat' dir='ltr'>domi</span> <span class='ocrx_word' id='word_1_407' title='bbox 792 3969 930 4026; x_wconf 87' lang='lat' dir='ltr'>manebant,</span> <span class='ocrx_word' id='word_1_408' title='bbox 953 3967 1063 4031; x_wconf 89' lang='lat' dir='ltr'>precibus</span> <span class='ocrx_word' id='word_1_409' title='bbox 1081 3974 1104 4016; x_wconf 89' lang='lat' dir='ltr'>et</span> <span class='ocrx_word' id='word_1_410' title='bbox 1121 3967 1231 4030; x_wconf 86' lang='lat' dir='ltr'>suspiriis</span> <span class='ocrx_word' id='word_1_411' title='bbox 1258 3984 1298 4016; x_wconf 86' lang='lat' dir='ltr'>va-</span> 
     </span>
     <span class='ocr_line' id='line_1_39' title="bbox 93 4052 1297 4116; baseline -0.004 -9"><span class='ocrx_word' id='word_1_412' title='bbox 93 4064 194 4114; x_wconf 80' lang='lat' dir='ltr'>cantes3</span> <span class='ocrx_word' id='word_1_413' title='bbox 211 4055 297 4105; x_wconf 92' lang='lat' dir='ltr'>diebus</span> <span class='ocrx_word' id='word_1_414' title='bbox 316 4055 383 4105; x_wconf 85' lang='lat' dir='ltr'>festis</span> <span class='ocrx_word' id='word_1_415' title='bbox 402 4062 427 4104; x_wconf 88' lang='lat' dir='ltr'>et</span> <span class='ocrx_word' id='word_1_416' title='bbox 437 4053 584 4104; x_wconf 87' lang='lat' dir='ltr'>stationariis</span> <span class='ocrx_word' id='word_1_417' title='bbox 601 4053 631 4104; x_wconf 89' lang='lat' dir='ltr'>ad</span> <span class='ocrx_word' id='word_1_418' title='bbox 648 4054 785 4105; x_wconf 86' lang='lat' dir='ltr'>Ecclesiam</span> <span class='ocrx_word' id='word_1_419' title='bbox 796 4053 901 4104; x_wconf 88' lang='lat' dir='ltr'>venturi.</span> <span class='ocrx_word' id='word_1_420' title='bbox 933 4052 1018 4102; x_wconf 81' lang='lat' dir='ltr'>stadio</span> <span class='ocrx_word' id='word_1_421' title='bbox 1029 4052 1177 4116; x_wconf 75' lang='lat' dir='ltr'>poenitentias</span> <span class='ocrx_word' id='word_1_422' title='bbox 1189 4052 1297 4113; x_wconf 88' lang='lat' dir='ltr'>decurso,</span> 
     </span>
     <span class='ocr_line' id='line_1_40' title="bbox 92 4138 1299 4204; baseline -0.005 -10"><span class='ocrx_word' id='word_1_423' title='bbox 92 4141 310 4194; x_wconf 85' lang='lat' dir='ltr'>reconciliabantur</span> <span class='ocrx_word' id='word_1_424' title='bbox 320 4143 358 4192; x_wconf 87' lang='lat' dir='ltr'>vel</span> <span class='ocrx_word' id='word_1_425' title='bbox 370 4141 396 4192; x_wconf 94' lang='lat' dir='ltr'>in</span> <span class='ocrx_word' id='word_1_426' title='bbox 408 4141 549 4199; x_wconf 87' lang='lat' dir='ltr'>Parasceve,</span> <span class='ocrx_word' id='word_1_427' title='bbox 559 4141 598 4190; x_wconf 90' lang='lat' dir='ltr'>vel</span> <span class='ocrx_word' id='word_1_428' title='bbox 609 4140 636 4192; x_wconf 91' lang='lat' dir='ltr'>in</span> <span class='ocrx_word' id='word_1_429' title='bbox 647 4141 686 4192; x_wconf 92' lang='lat' dir='ltr'>die</span> <span class='ocrx_word' id='word_1_430' title='bbox 699 4141 782 4192; x_wconf 80' lang='lat' dir='ltr'>Coeno</span> <span class='ocrx_word' id='word_1_431' title='bbox 794 4139 895 4191; x_wconf 88' lang='lat' dir='ltr'>Domini</span> <span class='ocrx_word' id='word_1_432' title='bbox 906 4155 949 4204; x_wconf 91' lang='lat' dir='ltr'>pro</span> <span class='ocrx_word' id='word_1_433' title='bbox 960 4138 1027 4188; x_wconf 86' lang='lat' dir='ltr'>vario</span> <span class='ocrx_word' id='word_1_434' title='bbox 1038 4138 1203 4188; x_wconf 88' lang='lat' dir='ltr'>Ecclesiarum</span> <span class='ocrx_word' id='word_1_435' title='bbox 1215 4153 1299 4198; x_wconf 84' lang='lat' dir='ltr'>moro;</span> 
     </span>
     <span class='ocr_line' id='line_1_41' title="bbox 92 4225 1298 4297; baseline -0.007 -15"><span class='ocrx_word' id='word_1_436' title='bbox 92 4231 209 4297; x_wconf 88' lang='lat' dir='ltr'>episcopo</span> <span class='ocrx_word' id='word_1_437' title='bbox 220 4244 262 4279; x_wconf 87' lang='lat' dir='ltr'>eos</span> <span class='ocrx_word' id='word_1_438' title='bbox 273 4230 421 4288; x_wconf 89' lang='lat' dir='ltr'>absolvente,</span> <span class='ocrx_word' id='word_1_439' title='bbox 432 4235 457 4278; x_wconf 89' lang='lat' dir='ltr'>ct</span> <span class='ocrx_word' id='word_1_440' title='bbox 466 4227 607 4277; x_wconf 89' lang='lat' dir='ltr'>restituente</span> <span class='ocrx_word' id='word_1_441' title='bbox 619 4227 737 4280; x_wconf 81' lang='lat' dir='ltr'>Ecclesiae</span> <span class='ocrx_word' id='word_1_442' title='bbox 748 4226 923 4280; x_wconf 89' lang='lat' dir='ltr'>communioni.</span> <span class='ocrx_word' id='word_1_443' title='bbox 956 4225 982 4276; x_wconf 91' lang='lat' dir='ltr'>N</span> <span class='ocrx_word' id='word_1_444' title='bbox 984 4242 1015 4276; x_wconf 92' lang='lat' dir='ltr'>on</span> <span class='ocrx_word' id='word_1_445' title='bbox 1028 4241 1113 4275; x_wconf 87' lang='lat' dir='ltr'>ornnes</span> <span class='ocrx_word' id='word_1_446' title='bbox 1122 4231 1203 4274; x_wconf 84' lang='lat' dir='ltr'>tamen</span> <span class='ocrx_word' id='word_1_447' title='bbox 1214 4239 1298 4274; x_wconf 89' lang='lat' dir='ltr'>recon-</span> 
     </span>
     <span class='ocr_line' id='line_1_42' title="bbox 93 4310 1296 4381; baseline -0.007 -13"><span class='ocrx_word' id='word_1_448' title='bbox 93 4315 226 4368; x_wconf 74' lang='lat' dir='ltr'>ciliationis</span> <span class='ocrx_word' id='word_1_449' title='bbox 237 4316 398 4381; x_wconf 85' lang='lat' dir='ltr'>impetrabant</span> <span class='ocrx_word' id='word_1_450' title='bbox 408 4314 554 4364; x_wconf 84' lang='lat' dir='ltr'>beneficium</span> <span class='ocrx_word' id='word_1_451' title='bbox 566 4322 621 4380; x_wconf 87' lang='lat' dir='ltr'>post</span> <span class='ocrx_word' id='word_1_452' title='bbox 638 4330 713 4365; x_wconf 89' lang='lat' dir='ltr'>unam</span> <span class='ocrx_word' id='word_1_453' title='bbox 725 4314 940 4380; x_wconf 85' lang='lat' dir='ltr'>quadragesimam,</span> <span class='ocrx_word' id='word_1_454' title='bbox 952 4312 1049 4377; x_wconf 89' lang='lat' dir='ltr'>plurimi</span> <span class='ocrx_word' id='word_1_455' title='bbox 1061 4311 1126 4360; x_wconf 90' lang='lat' dir='ltr'>enim</span> <span class='ocrx_word' id='word_1_456' title='bbox 1136 4310 1296 4375; x_wconf 89' lang='lat' dir='ltr'>plurimorum</span> 
     </span>
     <span class='ocr_line' id='line_1_43' title="bbox 92 4395 1298 4468; baseline -0.007 -13"><span class='ocrx_word' id='word_1_457' title='bbox 92 4419 216 4455; x_wconf 85' lang='lat' dir='ltr'>annorum</span> <span class='ocrx_word' id='word_1_458' title='bbox 226 4403 369 4468; x_wconf 84' lang='lat' dir='ltr'>poenitentia</span> <span class='ocrx_word' id='word_1_459' title='bbox 380 4401 591 4462; x_wconf 85' lang='lat' dir='ltr'>adstringebantur</span> <span class='ocrx_word' id='word_1_460' title='bbox 597 4401 670 4466; x_wconf 84' lang='lat' dir='ltr'>juxta</span> <span class='ocrx_word' id='word_1_461' title='bbox 680 4417 794 4460; x_wconf 84' lang='lat' dir='ltr'>canones,</span> <span class='ocrx_word' id='word_1_462' title='bbox 811 4413 916 4464; x_wconf 87' lang='lat' dir='ltr'>quorum</span> <span class='ocrx_word' id='word_1_463' title='bbox 932 4399 982 4448; x_wconf 82' lang='lat' dir='ltr'>vim</span> <span class='ocrx_word' id='word_1_464' title='bbox 1002 4407 1084 4448; x_wconf 88' lang='lat' dir='ltr'>tamen</span> <span class='ocrx_word' id='word_1_465' title='bbox 1100 4395 1252 4459; x_wconf 87' lang='lat' dir='ltr'>indulgentie</span> <span class='ocrx_word' id='word_1_466' title='bbox 1262 4410 1298 4446; x_wconf 89' lang='lat' dir='ltr'>rc·</span> 
     </span>
     <span class='ocr_line' id='line_1_44' title="bbox 92 4479 1296 4556; baseline -0.008 -15"><span class='ocrx_word' id='word_1_467' title='bbox 92 4490 209 4541; x_wconf 80' lang='lat' dir='ltr'>texebant</span> <span class='ocrx_word' id='word_1_468' title='bbox 220 4488 309 4554; x_wconf 83' lang='lat' dir='ltr'>sepius</span> <span class='ocrx_word' id='word_1_469' title='bbox 321 4486 428 4553; x_wconf 88' lang='lat' dir='ltr'>episcopi</span> <span class='ocrx_word' id='word_1_470' title='bbox 440 4500 525 4548; x_wconf 78' lang='lat' dir='ltr'>graves</span> <span class='ocrx_word' id='word_1_471' title='bbox 536 4487 568 4536; x_wconf 89' lang='lat' dir='ltr'>ob</span> <span class='ocrx_word' id='word_1_472' title='bbox 584 4501 677 4537; x_wconf 87' lang='lat' dir='ltr'>ccusas.</span> <span class='ocrx_word' id='word_1_473' title='bbox 712 4487 777 4537; x_wconf 86' lang='lat' dir='ltr'>Vide</span> <span class='ocrx_word' id='word_1_474' title='bbox 788 4487 859 4552; x_wconf 80' lang='lat' dir='ltr'>pluro</span> <span class='ocrx_word' id='word_1_475' title='bbox 869 4484 934 4550; x_wconf 86' lang='lat' dir='ltr'>apud</span> <span class='ocrx_word' id='word_1_476' title='bbox 946 4483 1096 4546; x_wconf 74' lang='lat' dir='ltr'>Sardagnam</span> <span class='ocrx_word' id='word_1_477' title='bbox 1107 4479 1194 4532; x_wconf 87' lang='lat' dir='ltr'>Theoi.</span> <span class='ocrx_word' id='word_1_478' title='bbox 1207 4480 1296 4556; x_wconf 76' lang='lat' dir='ltr'>Dogm·</span> 
     </span>
     <span class='ocr_line' id='line_1_45' title="bbox 92 4572 485 4628; baseline -0.02 0"><span class='ocrx_word' id='word_1_479' title='bbox 92 4576 237 4628; x_wconf 77' lang='lat' dir='ltr'>Polemict.</span> <span class='ocrx_word' id='word_1_480' title='bbox 250 4574 294 4624; x_wconf 79' lang='lat' dir='ltr'>viii</span> <span class='ocrx_word' id='word_1_481' title='bbox 304 4573 335 4624; x_wconf 91' lang='lat' dir='ltr'>de</span> <span class='ocrx_word' id='word_1_482' title='bbox 346 4572 402 4622; x_wconf 82' lang='lat' dir='ltr'>Sec.</span> <span class='ocrx_word' id='word_1_483' title='bbox 414 4572 485 4622; x_wconf 82' lang='lat' dir='ltr'>Poen.</span> 
     </span>
    </p>

    <p class='ocr_par' dir='ltr' id='par_1_8' title="bbox 126 4656 1292 4741">
     <span class='ocr_line' id='line_1_46' title="bbox 126 4656 1292 4741; baseline -0.008 -28"><span class='ocrx_word' id='word_1_484' title='bbox 126 4665 168 4725; x_wconf 81' lang='lat'>(2)</span> <span class='ocrx_word' id='word_1_485' title='bbox 187 4661 250 4713; x_wconf 83' lang='lat' dir='ltr'>lost.</span> <span class='ocrx_word' id='word_1_486' title='bbox 262 4660 278 4712; x_wconf 90' lang='lat'>1.</span> <span class='ocrx_word' id='word_1_487' title='bbox 290 4658 332 4717; x_wconf 85' lang='lat' dir='ltr'>iii,</span> <span class='ocrx_word' id='word_1_488' title='bbox 342 4673 364 4708; x_wconf 86' lang='lat' dir='ltr'>c.</span> <span class='ocrx_word' id='word_1_489' title='bbox 375 4656 407 4708; x_wconf 83' lang='lat' dir='ltr'>ir.</span> <span class='ocrx_word' id='word_1_490' title='bbox 418 4671 443 4707; x_wconf 89' lang='lat' dir='ltr'>n.</span> <span class='ocrx_word' id='word_1_491' title='bbox 455 4659 495 4708; x_wconf 79' lang='lat'>25.</span> <span class='ocrx_word' id='word_1_492' title='bbox 1285 4662 1292 4741; x_wconf 48' lang='grc' dir='ltr'>ζ</span> 
     </span>
    </p>
   </div>
   <div class='ocr_carea' id='block_1_6' title="bbox 669 4743 726 4800">
    <p class='ocr_par' dir='ltr' id='par_1_9' title="bbox 669 4743 726 4800">
     <span class='ocr_line' id='line_1_47' title="bbox 669 4743 726 4800; baseline 0 0"><span class='ocrx_word' id='word_1_493' title='bbox 669 4743 726 4800; x_wconf 76' lang='lat'>31*</span> 
     </span>
    </p>
   </div>
   <div class='ocr_carea' id='block_1_7' title="bbox 0 0 1393 5056">
    <p class='ocr_par' dir='ltr' id='par_1_10' title="bbox 0 0 1393 5056">
     <span class='ocr_line' id='line_1_48' title="bbox 0 0 1393 5056; baseline 0 0"><span class='ocrx_word' id='word_1_494' title='bbox 0 0 1393 5056; x_wconf 95' lang='lat' dir='ltr'> </span> 
     </span>
    </p>
   </div>
  </div>
 </body>
</html>
