2774 5056
138 306 195 367 1³0
432 307 489 369 DE
507 307 650 370 SEXTO
670 308 847 369 toaNNts
869 307 1033 369 CAPITE.

172 465 325 527 Probatur
337 465 382 526 II.
397 483 434 525 ea
447 474 574 545 potrum
586 466 834 546 interpretatione.

174 571 225 626 27.
245 567 278 624 S.
293 565 467 627 Crarmuus
478 566 626 644 explicans
641 567 808 644 petitionem
820 576 950 646 “panem
962 565 1123 636 nostrum,”
1136 567 1194 626 ait:
1212 564 1334 625 “Hunc

134 676 229 725 autem
244 683 346 742 panem
360 663 421 723 dari
434 665 517 724 nobis
531 664 658 740 quotidie
672 665 860 742 postulamus,
875 685 911 725 ue
925 666 979 740 qui
993 667 1021 724 in
1038 665 1157 725 Christo
1177 684 1290 734 sumus,
1306 677 1334 723 et

133 763 332 823 eucharistiam
361 761 490 837 quotidie
517 761 553 820 ad
580 752 675 821 'cibum
699 762 798 821 salutis
820 763 987 840 accipimus,
1017 762 1211 823 intercedente
1232 762 1333 837 aliquo

135 861 257 940 graviori
271 860 384 929 delicto,
400 860 468 920 dum
482 861 603 920 abstenti
619 870 647 919 et
661 879 718 920 non
733 862 975 921 communicantes
990 882 1007 920 a
1019 863 1131 922 eoelesti
1145 880 1220 940 pane
1237 861 1335 938 prohi*

135 959 245 1028 bemur,
267 979 284 1017 a
309 958 419 1018 Christi
433 977 552 1036 corpore
573 977 747 1036 separemur,
769 960 834 1036 ipso
854 959 1024 1036 praedioante
1038 972 1068 1018 et
1088 969 1242 1021 mouente:
1267 959 1336 1037 Ego

134 1076 199 1116 sum
214 1059 296 1136 panis
310 1059 374 1118 vita
389 1058 439 1132 qui
451 1056 487 1116 de
499 1057 572 1117 coelo
584 1057 728 1116 descendi.
758 1058 791 1115 Si
805 1059 869 1131 quis
880 1057 970 1116 ederit
983 1057 1018 1116 de
1034 1077 1099 1117 meo
1114 1077 1199 1136 pane,
1215 1059 1295 1116 vivet
1306 1058 1336 1116 in

136 1164 283 1215 aternum.
324 1155 412 1215 Panis
427 1166 520 1214 autem
543 1173 628 1229 quem
643 1174 699 1232 ego
712 1154 827 1224 dedero,
842 1174 907 1214 earo
922 1174 986 1214 mea
1006 1168 1050 1215 ast
1070 1174 1122 1234 pro
1143 1155 1242 1214 saculi
1265 1155 1333 1213 rita.

135 1251 258 1320 Quando
268 1270 336 1330 ergo
345 1252 413 1311 dicit
424 1253 453 1311 in
465 1263 600 1311 ueternum
613 1253 717 1320 vivere,
728 1253 753 1310 si
765 1252 933 1326 quisederit
943 1251 978 1310 de
990 1253 1052 1330 ejus
1064 1271 1148 1329 pane,
1158 1264 1191 1311 ut
1199 1251 1335 1311 manitas·

106 1358 109 1363 ’
135 1358 196 1411 tutu
211 1360 255 1409 est
268 1368 318 1411 eos
331 1351 426 1409 uivere
437 1352 485 1425 qui
496 1369 600 1429 corpus
612 1352 674 1429 ejus
687 1351 835 1429 attingunt,
848 1361 876 1409 et
888 1351 1088 1410 eucharistiam
1097 1353 1164 1430 jure
1174 1352 1337 1410 communi·

134 1447 256 1506 cationis
271 1447 431 1525 accipiunt:
455 1449 492 1506 ita
505 1458 604 1507 contra
617 1447 774 1507 timendum
788 1458 833 1506 est
845 1457 874 1506 et
893 1447 1042 1516 orandum,
1058 1436 1095 1506 ne
1114 1447 1185 1506 dum
1207 1449 1274 1520 quis
1290 1448 1338 1507 ab·

136 1552 246 1602 etentus
261 1555 407 1621 separatur
420 1564 437 1602 a
451 1545 561 1603 Christi
575 1563 705 1622 corpore,
720 1545 818 1622 procul
832 1554 977 1604 remaneat
990 1565 1007 1603 a
1020 1545 1120 1614 salute,
1136 1546 1334 1604 comminante

136 1640 203 1717 ipso
217 1652 246 1700 et
258 1641 370 1701 dicente
380 1661 392 1713 r⁴
411 1640 479 1700 Nisi
492 1641 607 1700 ederitis
620 1661 735 1701 carnem
748 1642 800 1701 filii
821 1642 958 1711 hominis,
973 1653 1002 1701 et
1014 1643 1143 1701 biberitis
1164 1645 1338 1720 sanguinem

136 1738 211 1815 ejus,
240 1757 297 1799 non
321 1738 460 1799 habebitis
485 1740 571 1798 vitam
595 1739 625 1798 in
652 1740 744 1798 vobis.
786 1739 828 1798 Ει
851 1737 918 1798 ideo
938 1757 1041 1816 panem
1063 1749 1203 1806 nostrum,
1226 1739 1255 1798 id
1278 1751 1334 1808 est,

137 1833 286 1895 Christum
312 1835 372 1895 dati
396 1835 480 1895 nobis
505 1835 632 1911 quotidie
657 1836 792 1915 patimus,
814 1847 845 1895 ut
868 1836 918 1911 qui
943 1838 972 1896 in
995 1836 1112 1897 Christo
1132 1855 1287 1895 manemus
1308 1846 1340 1896 et

137 1933 271 2003 vivimus,
286 1935 538 1996 asaneuficatione
552 1935 615 2013 ejus
629 1945 658 1993 et
670 1954 789 2012 corpore
804 1952 861 1994 non
876 1933 1093 1994 recedamus.”²
1149 1969 1152 1976 -

176 2037 227 2093 28.
248 2033 280 2091 S.
299 2032 448 2093 Hmatuns
468 2033 583 2094 Patrem
596 2043 625 2092 et
645 2033 752 2092 Filium
774 2046 872 2092 natura
892 2052 982 2092 unum
1006 2051 1081 2101 esse,
1104 2051 1161 2091 non
1183 2034 1340 2092 voluntatis

137 2137 246 2188 tantum
275 2148 428 2197 consensu,
453 2131 553 2207 probat
575 2147 612 2188 ex
637 2148 672 2188 eo
694 2129 770 2203 quod
794 2139 823 2187 at
843 2147 896 2187 nos
916 2128 1080 2188 naturaliter
1099 2129 1129 2187 in
1150 2129 1339 2188 Sacramenta

138 2224 256 2291 Christo
267 2227 482 2305 conjungamur.
505 2237 525 2265 ‘⁶
537 2227 598 2287 Eos
610 2226 660 2301 qui
670 2227 744 2285 inter
754 2227 868 2286 Patrem
880 2236 909 2284 et
920 2225 1025 2286 Filium
1038 2227 1191 2285 voluntatis
1204 2227 1340 2304 ingerunt

137 2325 284 2391 unitatem,
301 2325 453 2402 interrogo,
468 2334 600 2385 utrumne
615 2342 667 2402 per
677 2334 783 2383 natnrae
797 2325 943 2383 veritatem
955 2323 1041 2382 hodie
1057 2323 1193 2382 Christus
1209 2326 1240 2383 in
1256 2326 1342 2385 nobis

136 2422 185 2491 sit,
194 2441 230 2482 an
244 2441 295 2499 per
308 2421 490 2483 concordiam
504 2421 676 2482 voluntatisl
698 2422 729 2482 Si
741 2422 818 2482 enim
830 2439 896 2480 rere
909 2422 1034 2479 Verbum
1047 2439 1113 2480 earo
1125 2421 1300 2490 factumest,
1313 2433 1343 2481 at

137 2539 191 2580 nos
200 2539 266 2579 vere
281 2520 408 2580 Verbum
420 2539 532 2580 carnem
542 2521 606 2579 cibo
619 2519 772 2579 Dominico
782 2521 936 2588 sumimus,
948 2519 1093 2593 quomodo
1104 2537 1163 2578 non
1174 2521 1343 2579 naturaliter

138 2635 253 2677 manere
268 2617 297 2675 in
312 2619 393 2675 nobis
408 2615 615 2675 existimandus
631 2627 684 2683 est,
700 2619 749 2689 qui
765 2629 793 2674 et
806 2629 933 2675 naturam
956 2618 1048 2674 carnis
1063 2628 1166 2674 nostrae
1184 2618 1248 2694 jam
1266 2619 1343 2677 inse·

144 2709 298 2787 parabilem
313 2711 369 2769 sibi
383 2711 470 2770 homo
484 2724 566 2769 natus
588 2712 763 2787 assumpsit;
785 2723 813 2768 et
836 2724 963 2770 naturam
985 2713 1077 2771 camis
1094 2712 1137 2771 sic
1151 2713 1187 2771 ad
1208 2725 1341 2772 naturam

139 2807 301 2867 aeternitatis
318 2808 372 2867 sub
387 2808 572 2866 Sacramenta
593 2808 675 2866 nobis
700 2809 945 2867 communicandae
959 2811 1052 2868 cantis
1074 2808 1251 2868 admiscuit?
1295 2811 1340 2869 lta

139 2904 334 2969 enimomnes
358 2924 447 2965 unutn
463 2924 581 2974 sumus;
603 2907 671 2978 quia
685 2916 714 2965 et
737 2908 767 2964 in
789 2906 907 2965 Christo
929 2909 1014 2966 Pater
1028 2919 1080 2973 est,
1097 2919 1126 2965 et
1147 2907 1284 2966 Christus
1308 2908 1340 2966 in

140 3003 224 3060 uobis
238 3013 290 3062 est.
312 3002 451 3077 Quisquis
466 3022 533 3080 ergo
547 3004 709 3062 naturaliter
719 3005 831 3062 Patrem
848 3006 877 3063 in
890 3004 1008 3063 Christo
1018 3005 1142 3082 negabit,
1157 3017 1244 3082 neget
1259 3007 1341 3083 prius

142 3117 198 3158 non
212 3100 374 3157 naturaliter
387 3099 432 3158 vel
444 3118 475 3158 se
487 3101 516 3158 in
531 3099 659 3167 Christo,
672 3101 716 3158 vel
730 3100 877 3159 Christum
890 3103 945 3160 sibi
958 3103 1051 3159 inesse
1064 3120 1072 3169 ;
1094 3103 1161 3174 quia
1172 3101 1202 3160 in
1218 3101 1340 3162 Christo

141 3198 237 3265 Pater,
251 3209 280 3255 et
293 3197 426 3255 Christus
442 3199 472 3255 in
492 3198 586 3265 nobis,
601 3216 688 3255 unum
704 3199 733 3256 in
750 3198 794 3255 his
809 3217 873 3257 esse
889 3218 940 3257 nos
963 3199 1078 3257 iaciunt.
1122 3199 1155 3256 Si
1171 3217 1238 3257 vere
1253 3200 1343 3276 igitur

141 3314 255 3355 emnem
283 3295 411 3372 corporis
437 3295 527 3354 nostri
551 3294 684 3354 Christus
715 3299 880 3373 assumpsit,
904 3307 933 3354 et
954 3316 1019 3354 vere
1040 3297 1128 3354 homo
1148 3296 1207 3364 ille,
1231 3299 1342 3370 quiex

142 3395 236 3455 Maria
251 3406 331 3454 natus
346 3395 408 3463 suit,
424 3394 558 3453 Christus
577 3405 630 3462 est,
645 3413 756 3466 nosque
773 3414 838 3453 vere
853 3397 906 3453 suh
928 3395 1065 3471 mysterio
1080 3414 1194 3453 carnem
1211 3398 1342 3472 corporis

141 3495 187 3554 sui
212 3496 363 3562 sumimus,
379 3505 407 3552 et
433 3512 483 3570 per
506 3494 561 3552 hoo
576 3512 663 3551 unum
689 3495 806 3562 erimus,
828 3495 896 3566 quia
916 3495 1001 3552 Pater
1022 3495 1218 3558 ineassum
1239 3495 1288 3552 ille
1311 3496 1340 3554 in

142 3593 242 3650 nobis:
259 3592 403 3665 quomodo
417 3590 567 3650 voluntatis
579 3594 671 3650 unitas
684 3593 827 3659 asseritur,
837 3610 902 3649 cum
915 3591 1047 3650 naturalis
1060 3610 1111 3668 per
1121 3593 1340 3652 Sacramentum

143 3691 300 3766 proprietas
315 3690 446 3767 perlecta
462 3691 675 3750 Sacramentum
691 3691 728 3748 sit
738 3691 853 3748 unitatis
866 3691 877 3747 l
899 3691 928 3748 N
931 3710 967 3748 on
980 3699 1023 3747 est
1037 3690 1162 3750 humano
1177 3702 1224 3748 aut
1239 3688 1341 3751 saeculi

143 3800 230 3842 sensu
245 3787 273 3843 in
288 3785 344 3843 Dei
368 3787 451 3844 rebus
466 3787 652 3860 loquendum,
674 3807 767 3861 neque
789 3806 840 3864 per
852 3788 1006 3846 violentam
1028 3797 1112 3861 atque
1127 3788 1341 3864 imprudentem

144 3881 372 3958 praedicationem
385 3885 539 3942 caelestium
551 3885 688 3944 dictorum
701 3887 823 3953 sanitati,
833 3886 932 3944 alienae
944 3896 1028 3959 atque
1040 3886 1135 3963 impioe
1145 3886 1341 3964 intelligentia

145 3981 339 4053 extorquenda
353 3983 521 4060 perversitas
536 3996 589 4041 est.
625 3984 696 4050 Quae
711 3984 815 4061 scripta
829 3994 895 4042 sunt
909 3984 1047 4060 legamus,
1063 3996 1091 4043 et
1104 4004 1167 4058 quae
1186 3985 1344 4062 legerimus

142 4077 346 4155 intelligamus,
362 4091 390 4138 et
404 4094 470 4139 tunc
485 4081 616 4156 perlecta
630 4080 696 4139 fidei
711 4081 806 4140 officio
821 4080 981 4159 fungemur.
1025 4081 1071 4140 De
1083 4081 1201 4140 naturali
1217 4083 1296 4142 enim
1315 4084 1344 4142 in

145 4176 228 4234 nohis
245 4174 353 4234 Christi
369 4179 484 4237 veritate
496 4197 558 4251 quae
570 4177 703 4248 dicimus,
716 4179 773 4237 nisi
786 4179 821 4237 ab
833 4196 868 4236 eo
880 4177 1041 4248 didicimus,
1056 4179 1140 4239 stulte
1153 4188 1241 4253 atque
1255 4182 1345 4259 impie

145 4271 277 4332 dicimus.
320 4272 388 4350 lpse
401 4275 479 4334 enim
494 4280 550 4334 ait:
574 4276 669 4335 ‘Caro
684 4295 748 4334 mea
761 4294 827 4334 vere
842 4283 887 4334 est
905 4295 981 4345 esca,
997 4286 1025 4334 et
1038 4278 1155 4354 sanguis
1177 4297 1262 4337 meus
1278 4297 1345 4338 vers

144 4383 189 4428 est
202 4382 298 4449 potus.
340 4371 397 4439 Qui
411 4371 470 4430 edit
483 4390 608 4440 carnem,
624 4383 653 4432 et
672 4372 743 4431 bibit
763 4373 931 4450 sanguinem
953 4393 1059 4442 meum,
1072 4374 1102 4432 in
1124 4393 1170 4433 me
1186 4384 1294 4445 manet,
1317 4385 1347 4434 et

145 4482 200 4544 ego
214 4467 243 4526 in
257 4467 314 4526 eo.’
356 4467 401 4527 De
426 4467 543 4527 veritate
569 4471 662 4528 carnis
676 4481 705 4528 et
724 4469 872 4546 sanguinis
893 4489 950 4528 non
973 4470 1085 4529 relictus
1107 4479 1152 4530 est
1172 4472 1341 4551 ambigendi

414 4644 457 4710 (l)
477 4641 532 4693 Lib.
543 4643 573 4693 de
585 4643 652 4695 Orat.
663 4644 795 4698 Dominica
803 4663 828 4714 p.
839 4649 889 4698 2³7
901 4645 957 4697 edit.
968 4644 1044 4696 Basil.
