2774 5056
502 318 559 379 DE
581 316 883 380 SACRAMENTO.
1236 323 1293 379 1⁰8

88 477 253 537 auctoritate
268 477 475 557 Apostolorum
488 488 519 538 at
529 478 665 556 exemplo
686 497 743 539 non
757 478 821 546 niti,
835 496 893 537 non
913 475 980 536 ideo
1000 477 1157 553 quidquam
1178 477 1291 539 laeditur

89 575 157 635 rinus
170 576 240 635 alter
262 577 350 654 plane
370 577 562 654 Apostolicus.
605 575 749 635 Caeterum
771 578 857 654 gratis
878 578 1012 636 asseritur
1035 578 1192 656 Apostolos
1213 577 1289 638 haud

91 673 207 733 misse
229 684 261 733 et
281 675 414 752 signasse
438 675 591 734 chrismate
612 693 714 733 recens
738 675 909 752 baptizatos,
934 674 1002 733 dum
1028 674 1085 733 illis
1110 677 1291 753 imponerent

94 788 201 840 manus,
215 790 285 831 nam
299 771 411 831 ridetur
418 772 575 849 Apostolus
589 771 625 830 ad
638 772 722 831 ritum
737 772 813 831 huuc
835 771 938 831 referre
951 771 996 830 vel
1007 771 1131 831 alludere
1142 772 1285 832 dicendo:

95 868 180 936 “Qui
189 879 288 928 autem
303 869 453 928 confirmat
466 887 519 928 nos
534 869 681 929 vobiscum
694 870 724 927 in
738 867 867 937 Christo,
885 879 915 928 ct
941 869 991 942 qui
1012 868 1095 927 unxit
1120 887 1173 927 nos
1188 869 1289 930 Deus:

96 964 321 1042 quietsignarit
333 983 398 1034 nos,
420 974 449 1024 et
461 963 540 1023 dedit
559 966 663 1042 pignus
678 965 795 1042 spiritus
812 965 843 1024 in
863 965 998 1024 cordibus
1020 965 1171 1026 nostris.”¹
1213 967 1290 1027 'Pota

97 1071 163 1121 retro
175 1062 331 1136 antiquitas
344 1061 509 1131 christiana,
524 1063 559 1122 ab
573 1062 644 1139 ipsis
659 1061 832 1140 primordiis,
848 1062 903 1121 hoc
922 1063 978 1121 ritu
991 1081 1045 1121 usa
1064 1082 1128 1122 esse
1145 1065 1288 1123 noscitura

100 1160 166 1234 quod
190 1161 358 1238 contingere
384 1161 434 1219 rix
457 1161 549 1238 potuit
573 1161 681 1234 absque
702 1160 905 1236 Apostolorum
930 1160 1064 1238 exemplo
1078 1172 1108 1219 ct
1130 1161 1288 1223 sanctione.

99 1256 174 1324 Quod
192 1257 227 1316 ad
242 1257 331 1317 Lucae
344 1257 489 1317 silentium
504 1259 614 1326 attinet,
630 1276 696 1316 cum
719 1276 764 1315 res
778 1267 872 1335 gestas
893 1258 1015 1316 breviter
1036 1258 1166 1317 retulisse
1189 1259 1289 1332 liquet,

101 1372 144 1412 nac
156 1355 262 1414 rituum
277 1353 499 1432 explicationem
511 1354 565 1412 sibi
580 1354 766 1432 proposuisse
779 1352 976 1412 scribendam:
998 1363 1172 1431 quapropter
1186 1354 1290 1414 mirum

102 1470 149 1512 uon
161 1463 206 1512 est
220 1453 246 1510 si
261 1452 366 1530 singuli
380 1452 557 1537 enucleatius
571 1452 696 1531 expositi
708 1452 738 1511 in
754 1452 818 1529 ejus
830 1452 903 1510 libro
917 1451 990 1511 haud
1002 1452 1187 1530 reperiantur.
1231 1451 1291 1513 Sed

104 1568 180 1623 quum
195 1551 330 1628 Apostoli
344 1550 413 1609 alias
427 1551 502 1619 olco,
520 1551 638 1628 jubente
654 1549 782 1618 Christo,
797 1550 841 1608 usi
862 1550 930 1618 sint,
945 1550 1074 1609 infirmos
1085 1549 1231 1627 ungendo,
1248 1549 1290 1609 nil

104 1657 166 1706 retal
178 1649 344 1707 existimare
358 1665 408 1705 eos
421 1646 548 1723 symboli
562 1633 650 1706 instar
670 1646 739 1705 illud
760 1666 825 1705 cum
851 1665 987 1705 manuum
1002 1647 1187 1723 impositione
1211 1645 1291 1705 adhi-

105 1743 195 1805 buisse.
237 1744 273 1805 Id
287 1765 371 1823 porro
385 1743 575 1805 indubitatum
595 1746 628 1803 fit
649 1764 687 1803 ex
700 1745 853 1803 universali
867 1756 896 1803 ct
917 1746 1119 1818 antiquissima
1138 1754 1290 1805 consuetu·

108 1839 159 1900 dine
173 1862 207 1902 eo
221 1840 332 1902 utendi.
373 1842 407 1901 In
421 1842 485 1901 oleo
499 1853 594 1900 autem
608 1861 666 1901 non
681 1841 834 1916 quaerimus
849 1841 978 1907 salntem,
994 1860 1047 1900 nec
1061 1842 1120 1901 vim
1140 1840 1288 1900 roborandi

108 1935 139 1994 illi
151 1939 339 2005 attribuimus,
347 1938 405 1996 nisi
414 1949 552 2012 quatenus
564 1938 781 1996 instrumentum
791 1938 827 1995 sit
838 1937 960 2013 Spiritus
970 1936 1077 2004 Sancti,
1087 1939 1169 1996 nobis
1181 1937 1291 1997 Christi

111 2035 241 2096 curatoris
256 2036 346 2095 nostri
356 2047 385 2094 et
399 2036 456 2094 Dei
470 2035 665 2094 misericordia
679 2035 786 2093 datum.
828 2035 899 2102 Qua
911 2035 969 2093 sint
978 2034 1140 2093 chrismatis
1154 2045 1247 2113 partes
1259 2036 1290 2095 in

113 2131 155 2193 loc
165 2135 218 2193 ritu
229 2134 266 2193 de
280 2133 337 2193 fide
352 2133 467 2208 quidem
482 2153 541 2193 non
555 2144 683 2202 constan
698 2133 749 2191 sed
764 2133 814 2207 qui
827 2134 855 2191 ei
868 2133 1000 2192 virtutem
1012 2134 1136 2207 aliquam
1152 2135 1288 2203 tribuunt,

111 2237 235 2306 tunquam
248 2232 426 2292 Sacramenti
439 2231 582 2301 materiae,
602 2233 644 2290 uti
666 2231 797 2309 plurimis
819 2231 922 2308 placet,
938 2231 1045 2290 nnllam
1069 2242 1145 2290 certe
1169 2232 1289 2308 Spiritui

113 2326 200 2391 Sancto
213 2332 341 2408 irrogant
352 2330 496 2408 injuriam.
538 2329 644 2388 Merito
657 2328 764 2387 idcirco
775 2328 977 2387 Tridentinum
988 2329 1140 2387 concilium
1155 2330 1285 2387 certauit:

114 2428 161 2487 “si
182 2431 245 2504 quis
259 2429 375 2496 dixerit,
390 2429 511 2506 injurios
535 2445 598 2486 csse
625 2426 745 2504 Spiritui
759 2427 875 2492 Sancto,
890 2427 940 2498 qui
962 2444 1043 2485 sacro
1064 2426 1288 2485 confirmationis

113 2522 235 2586 ursmari
250 2527 382 2587 virtutem
396 2526 521 2600 aliquam
532 2524 673 2592 tribuunt3
688 2523 838 2581 anathema
849 2521 932 2580 sit.”²

140 2627 181 2682 m.
205 2622 273 2703 obj.
289 2629 319 2682 7.
341 2623 440 2682 Patres
456 2621 632 2680 sacramenti
645 2637 751 2677 nomen
765 2619 856 2677 latiori
871 2616 1007 2678 adhibent
1021 2637 1108 2678 seusu
1123 2617 1158 2677 de
1174 2618 1288 2679 Confir-

114 2723 216 2782 matione
250 2732 378 2800 agentes,
407 2720 574 2798 Cyprianus
601 2719 679 2777 enirn
704 2729 857 2796 postquam
892 2729 1043 2792 utrumque
1072 2718 1287 2777 Sacramentum

114 2829 373 2889 nnmemoravsrat,
387 2820 563 2897 baptismum
577 2817 696 2885 scilicet,
718 2826 747 2875 et
765 2835 903 2875 manuum
931 2794 1156 2894 impositionem,
1171 2815 1289 2875 adduxit

115 2919 285 2979 testimonium
302 2919 411 2977 Christi
424 2916 459 2976 dc
473 2936 547 2977 nova
560 2915 704 2975 nativitate
718 2934 754 2974 er
769 2924 883 2988 aquaet
896 2915 1004 2992 Spiritu
1027 2915 1141 2975 Sancto.
1184 2924 1204 2952 “
1214 2915 1286 2982 Quae

114 3012 180 3074 raba
206 3018 358 3095 perspicue
378 3015 540 3082 ostendunt,
566 3012 644 3087 quod
667 3031 719 3090 per
743 3012 801 3071 duo
823 3013 1006 3072 Sacramenta
1030 3011 1101 3072 nihil
1129 3013 1287 3091 intelligant

114 3114 225 3190 mplius,
240 3113 326 3189 qudm
341 3113 412 3172 duas
426 3113 571 3190 principes
584 3110 762 3170 caerirnonias
774 3109 809 3169 ad
822 3110 996 3188 completum
1010 3121 1039 3169 et
1052 3111 1208 3187 perlectum
1220 3112 1288 3188 bap·
1312 3140 1316 3154 =

115 3207 210 3272 bimum
223 3214 386 3288 requisitas,
402 3212 469 3286 quia
490 3210 622 3271 homines
636 3219 758 3284 utroque
773 3211 957 3269 Sacramento
971 3214 1081 3269 renasci
1100 3209 1202 3268 dicit.”
1244 3210 1288 3271 Ita

116 3301 295 3387 Binghamua.⁸
452 3370 456 3375 ,

143 3403 222 3486 Reap.
237 3408 308 3466 Non
322 3407 385 3466 sola
397 3424 468 3466 voce
482 3404 609 3473 nitimur,
625 3402 675 3462 aad
690 3403 908 3481 proprietatibus
918 3401 1093 3460 Sacramenti
1107 3420 1178 3474 quas
1188 3403 1287 3460 Patres

117 3513 278 3574 quomrum,
292 3502 475 3581 impositione
490 3501 600 3567 scilicet
613 3500 748 3561 m'auuum
770 3498 841 3558 tradi
867 3498 1006 3574 Spiritum
1032 3496 1167 3555 Sanctum
1184 3516 1288 3575 magno

117 3609 235 3661 eonsensu
251 3600 402 3660 declarant.
445 3599 589 3658 Caeterurn
603 3599 667 3675 ipsa
681 3596 858 3654 Sacramenti
879 3613 937 3652 vox
961 3593 1022 3651 vim
1044 3592 1130 3652 habet
1143 3615 1286 3674 magnam,

118 3697 207 3763 quando
221 3697 256 3757 de
270 3698 423 3775 baptismo,
438 3707 467 3756 et
480 3715 614 3756 manuum
640 3695 824 3770 impositione
845 3692 931 3750 simul
951 3690 1108 3759 adhibetur,
1124 3712 1189 3752 nam
1215 3695 1289 3754 sieut

119 3788 181 3852 obvio
193 3794 331 3854 sumenda
343 3805 387 3852 cst
407 3813 493 3852 sensu
514 3792 548 3852 de
570 3781 722 3869 baptismo,
737 3790 837 3849 eodem
854 3808 941 3847 sensu
961 3787 1037 3848 dicta
1049 3789 1085 3848 de
1106 3790 1288 3867 impositione

120 3900 226 3952 nanuum
249 3891 394 3951 censenda
417 3902 470 3950 est.
525 3890 609 3959 Quod
637 3903 730 3947 autem
756 3889 784 3947 id
814 3889 932 3966 probare
960 3888 1081 3946 voluerit
1111 3888 1287 3966 Cyprianus,

120 3981 215 4049 allucio
229 3990 278 4048 illo
293 3988 402 4047 Christi
420 3989 594 4055 testimonio,
610 3985 735 4045 ostendit
752 4005 817 4044 eum
832 3985 1003 4062 peculiarem
1029 3985 1287 4062 interpretationem

122 4079 167 4154 tius
183 4087 234 4147 loci
250 4087 423 4165 prebuisse:
445 4086 522 4161 quod
542 4085 618 4143 haud
639 4086 783 4143 insuetum
798 4095 843 4142 cst
862 4083 1000 4160 patribus,
1015 4083 1063 4156 qui
1078 4083 1162 4141 certis
1176 4084 1290 4142 notissi-

122 4178 207 4255 misque
228 4186 295 4245 fidei
308 4184 487 4260 dogmatibus
502 4183 631 4258 quaedam
644 4184 717 4251 loca,
732 4202 784 4260 pro
796 4181 957 4250 occasione,
970 4179 1194 4267 accommodant,
1208 4180 1244 4239 de
1260 4180 1289 4238 ri

126 4278 237 4347 probandi
250 4301 312 4342 rem
327 4282 458 4355 utrinque
469 4282 500 4340 in
511 4281 644 4340 consessu
659 4280 735 4340 haud
749 4297 864 4356 semper
878 4278 992 4338 soliciti.

399 4479 497 4544 (1.

399 4564 428 4629 (a

392 4650 420 4715 (³

453 4599 549 4715 Origih.
558 4598 734 4701 lim-m
745 4665 766 4700 c.
778 4647 795 4700 i.
807 4651 858 4710 54.
