<?xml version="1.0" encoding="UTF-8"?>
<!DOCTYPE html PUBLIC "-//W3C//DTD XHTML 1.0 Transitional//EN"
    "http://www.w3.org/TR/xhtml1/DTD/xhtml1-transitional.dtd">
<html xmlns="http://www.w3.org/1999/xhtml" xml:lang="en" lang="en">
 <head>
  <title>
</title>
<meta http-equiv="Content-Type" content="text/html;charset=utf-8" />
  <meta name='ocr-system' content='tesseract 3.04.00' />
  <meta name='ocr-capabilities' content='ocr_page ocr_carea ocr_par ocr_line ocrx_word'/>
</head>
<body>
  <div class='ocr_page' id='page_1' title='image "./theologidogmati03kenrgoog_0354.png"; bbox 0 0 2774 5056; ppageno 0'>
   <div class='ocr_carea' id='block_1_1' title="bbox 491 310 1274 405">
    <p class='ocr_par' dir='ltr' id='par_1_1' title="bbox 491 310 1274 405">
     <span class='ocr_line' id='line_1_1' title="bbox 491 310 1274 405; baseline 0.006 -35"><span class='ocrx_word' id='word_1_1' title='bbox 491 310 546 371; x_wconf 86' lang='lat' dir='ltr'>DE</span> <span class='ocrx_word' id='word_1_2' title='bbox 568 310 873 377; x_wconf 81' lang='lat' dir='ltr'><strong>OONFESSIONE.</strong></span> <span class='ocrx_word' id='word_1_3' title='bbox 1113 400 1116 405; x_wconf 21' lang='grc' dir='ltr'>Ι</span> <span class='ocrx_word' id='word_1_4' title='bbox 1218 317 1274 375; x_wconf 78' lang='lat' dir='ltr'>ool</span> 
     </span>
    </p>
   </div>
   <div class='ocr_carea' id='block_1_2' title="bbox 78 469 1377 4453">
    <p class='ocr_par' dir='ltr' id='par_1_2' title="bbox 83 469 1277 648">
     <span class='ocr_line' id='line_1_2' title="bbox 83 469 1277 552; baseline 0.001 -22"><span class='ocrx_word' id='word_1_5' title='bbox 83 470 199 540; x_wconf 85' lang='lat' dir='ltr'>indicia,</span> <span class='ocrx_word' id='word_1_6' title='bbox 214 469 337 546; x_wconf 85' lang='lat' dir='ltr'>ideoque</span> <span class='ocrx_word' id='word_1_7' title='bbox 352 469 476 529; x_wconf 87' lang='lat' dir='ltr'>maxime</span> <span class='ocrx_word' id='word_1_8' title='bbox 489 469 606 530; x_wconf 86' lang='lat' dir='ltr'>inservit</span> <span class='ocrx_word' id='word_1_9' title='bbox 618 471 773 541; x_wconf 83' lang='lat' dir='ltr'>consessio,</span> <span class='ocrx_word' id='word_1_10' title='bbox 785 481 816 531; x_wconf 91' lang='lat' dir='ltr'>ut</span> <span class='ocrx_word' id='word_1_11' title='bbox 828 470 961 533; x_wconf 85' lang='lat' dir='ltr'>sacerdos</span> <span class='ocrx_word' id='word_1_12' title='bbox 968 471 1079 552; x_wconf 87' lang='lat' dir='ltr'>judicet</span> <span class='ocrx_word' id='word_1_13' title='bbox 1088 482 1181 532; x_wconf 92' lang='lat' dir='ltr'>utrum</span> <span class='ocrx_word' id='word_1_14' title='bbox 1193 473 1277 532; x_wconf 85' lang='lat' dir='ltr'>venia</span> 
     </span>
     <span class='ocr_line' id='line_1_3' title="bbox 84 568 254 648; baseline 0 -20"><span class='ocrx_word' id='word_1_15' title='bbox 84 568 188 648; x_wconf 91' lang='lat' dir='ltr'>dignus</span> <span class='ocrx_word' id='word_1_16' title='bbox 203 570 254 628; x_wconf 93' lang='lat' dir='ltr'>sit.</span> 
     </span>
    </p>

    <p class='ocr_par' dir='ltr' id='par_1_3' title="bbox 84 651 1277 941">
     <span class='ocr_line' id='line_1_4' title="bbox 122 651 1276 746; baseline 0.003 -20"><span class='ocrx_word' id='word_1_17' title='bbox 122 671 192 727; x_wconf 87' lang='lat' dir='ltr'>tto.</span> <span class='ocrx_word' id='word_1_18' title='bbox 219 664 287 745; x_wconf 88' lang='lat' dir='ltr'>Obj.</span> <span class='ocrx_word' id='word_1_19' title='bbox 309 671 337 726; x_wconf 84' lang='grc'>3.</span> <span class='ocrx_word' id='word_1_20' title='bbox 358 666 544 725; x_wconf 87' lang='lat' dir='ltr'>Veniadatur</span> <span class='ocrx_word' id='word_1_21' title='bbox 565 669 672 740; x_wconf 90' lang='lat' dir='ltr'>absque</span> <span class='ocrx_word' id='word_1_22' title='bbox 684 666 742 726; x_wconf 86' lang='lat' dir='ltr'>ulla</span> <span class='ocrx_word' id='word_1_23' title='bbox 757 678 937 746; x_wconf 79' lang='lat' dir='ltr'>peccatorum</span> <span class='ocrx_word' id='word_1_24' title='bbox 950 651 1143 736; x_wconf 78' lang='lat' dir='ltr'>consessione,</span> <span class='ocrx_word' id='word_1_25' title='bbox 1159 668 1276 742; x_wconf 85' lang='lat' dir='ltr'>quando</span> 
     </span>
     <span class='ocr_line' id='line_1_5' title="bbox 84 763 1277 844; baseline 0.003 -20"><span class='ocrx_word' id='word_1_26' title='bbox 84 763 144 824; x_wconf 74' lang='lat' dir='ltr'>hee</span> <span class='ocrx_word' id='word_1_27' title='bbox 158 765 223 825; x_wconf 83' lang='lat' dir='ltr'>fieri</span> <span class='ocrx_word' id='word_1_28' title='bbox 244 765 361 838; x_wconf 88' lang='lat' dir='ltr'>nequit:</span> <span class='ocrx_word' id='word_1_29' title='bbox 383 784 447 838; x_wconf 83' lang='lat' dir='ltr'>qooe</span> <span class='ocrx_word' id='word_1_30' title='bbox 462 764 578 839; x_wconf 92' lang='lat' dir='ltr'>quidem</span> <span class='ocrx_word' id='word_1_31' title='bbox 599 765 767 843; x_wconf 89' lang='lat' dir='ltr'>plerumque</span> <span class='ocrx_word' id='word_1_32' title='bbox 781 767 896 826; x_wconf 92' lang='lat' dir='ltr'>nonnisi</span> <span class='ocrx_word' id='word_1_33' title='bbox 916 784 954 826; x_wconf 84' lang='lat' dir='ltr'>ex</span> <span class='ocrx_word' id='word_1_34' title='bbox 974 778 1052 844; x_wconf 83' lang='lat' dir='ltr'>parte</span> <span class='ocrx_word' id='word_1_35' title='bbox 1070 766 1113 835; x_wconf 85' lang='lat' dir='ltr'>tit,</span> <span class='ocrx_word' id='word_1_36' title='bbox 1129 767 1178 825; x_wconf 83' lang='lat' dir='ltr'>vix</span> <span class='ocrx_word' id='word_1_37' title='bbox 1199 769 1277 828; x_wconf 87' lang='lat' dir='ltr'>enim</span> 
     </span>
     <span class='ocr_line' id='line_1_6' title="bbox 84 862 803 941; baseline 0 -18"><span class='ocrx_word' id='word_1_38' title='bbox 84 864 188 938; x_wconf 81' lang='lat' dir='ltr'>aliquis</span> <span class='ocrx_word' id='word_1_39' title='bbox 200 862 313 941; x_wconf 86' lang='lat' dir='ltr'>singula</span> <span class='ocrx_word' id='word_1_40' title='bbox 327 863 357 922; x_wconf 92' lang='lat' dir='ltr'>in</span> <span class='ocrx_word' id='word_1_41' title='bbox 371 863 539 922; x_wconf 89' lang='lat' dir='ltr'>memoriam</span> <span class='ocrx_word' id='word_1_42' title='bbox 553 882 686 922; x_wconf 85' lang='lat' dir='ltr'>revocare</span> <span class='ocrx_word' id='word_1_43' title='bbox 701 874 803 941; x_wconf 92' lang='lat' dir='ltr'>potest.</span> 
     </span>
    </p>

    <p class='ocr_par' dir='ltr' id='par_1_4' title="bbox 80 960 1281 1508">
     <span class='ocr_line' id='line_1_7' title="bbox 121 960 1278 1039; baseline 0.001 -18"><span class='ocrx_word' id='word_1_44' title='bbox 121 960 213 1039; x_wconf 78' lang='lat' dir='ltr'>Hesp.</span> <span class='ocrx_word' id='word_1_45' title='bbox 235 960 481 1034; x_wconf 84' lang='lat' dir='ltr'>Quandocumque</span> <span class='ocrx_word' id='word_1_46' title='bbox 502 961 691 1020; x_wconf 87' lang='lat' dir='ltr'>consessionis</span> <span class='ocrx_word' id='word_1_47' title='bbox 711 962 829 1021; x_wconf 75' lang='lat' dir='ltr'>facultas</span> <span class='ocrx_word' id='word_1_48' title='bbox 850 961 940 1031; x_wconf 89' lang='lat' dir='ltr'>deest,</span> <span class='ocrx_word' id='word_1_49' title='bbox 960 962 1048 1023; x_wconf 89' lang='lat' dir='ltr'>animi</span> <span class='ocrx_word' id='word_1_50' title='bbox 1069 963 1198 1022; x_wconf 83' lang='lat' dir='ltr'>voluntas</span> <span class='ocrx_word' id='word_1_51' title='bbox 1213 962 1278 1022; x_wconf 93' lang='lat' dir='ltr'>Deo</span> 
     </span>
     <span class='ocr_line' id='line_1_8' title="bbox 82 1059 1279 1138; baseline 0.001 -18"><span class='ocrx_word' id='word_1_52' title='bbox 82 1071 274 1138; x_wconf 80' lang='lat' dir='ltr'>estaccepts3</span> <span class='ocrx_word' id='word_1_53' title='bbox 290 1060 339 1134; x_wconf 92' lang='lat' dir='ltr'>qui</span> <span class='ocrx_word' id='word_1_54' title='bbox 354 1060 439 1118; x_wconf 89' lang='lat' dir='ltr'>etiarn</span> <span class='ocrx_word' id='word_1_55' title='bbox 453 1059 528 1118; x_wconf 87' lang='lat' dir='ltr'>haud</span> <span class='ocrx_word' id='word_1_56' title='bbox 543 1060 635 1137; x_wconf 88' lang='lat' dir='ltr'>rejicit</span> <span class='ocrx_word' id='word_1_57' title='bbox 649 1061 844 1138; x_wconf 76' lang='lat' dir='ltr'>paenitentem,</span> <span class='ocrx_word' id='word_1_58' title='bbox 856 1062 906 1135; x_wconf 90' lang='lat' dir='ltr'>qui</span> <span class='ocrx_word' id='word_1_59' title='bbox 917 1063 1023 1131; x_wconf 86' lang='lat' dir='ltr'>omnia,</span> <span class='ocrx_word' id='word_1_60' title='bbox 1036 1080 1157 1135; x_wconf 90' lang='lat' dir='ltr'>quorum</span> <span class='ocrx_word' id='word_1_61' title='bbox 1168 1080 1279 1121; x_wconf 86' lang='lat' dir='ltr'>memor</span> 
     </span>
     <span class='ocr_line' id='line_1_9' title="bbox 82 1156 1281 1237; baseline 0 -20"><span class='ocrx_word' id='word_1_62' title='bbox 82 1167 138 1226; x_wconf 87' lang='lat' dir='ltr'>est,</span> <span class='ocrx_word' id='word_1_63' title='bbox 154 1156 258 1216; x_wconf 90' lang='lat' dir='ltr'>delicta</span> <span class='ocrx_word' id='word_1_64' title='bbox 272 1167 411 1215; x_wconf 76' lang='lat' dir='ltr'><strong>recenset.</strong></span> <span class='ocrx_word' id='word_1_65' title='bbox 453 1156 537 1223; x_wconf 86' lang='lat' dir='ltr'>Quod</span> <span class='ocrx_word' id='word_1_66' title='bbox 551 1157 632 1216; x_wconf 90' lang='lat' dir='ltr'>hisce</span> <span class='ocrx_word' id='word_1_67' title='bbox 644 1159 673 1216; x_wconf 92' lang='lat' dir='ltr'>in</span> <span class='ocrx_word' id='word_1_68' title='bbox 688 1176 780 1218; x_wconf 88' lang='lat' dir='ltr'>rerum</span> <span class='ocrx_word' id='word_1_69' title='bbox 796 1157 935 1237; x_wconf 87' lang='lat' dir='ltr'>adjunctis</span> <span class='ocrx_word' id='word_1_70' title='bbox 952 1160 1035 1218; x_wconf 84' lang='lat' dir='ltr'>uenia</span> <span class='ocrx_word' id='word_1_71' title='bbox 1050 1157 1140 1228; x_wconf 87' lang='lat' dir='ltr'>detur,</span> <span class='ocrx_word' id='word_1_72' title='bbox 1155 1159 1281 1218; x_wconf 74' lang='lat' dir='ltr'>ostendit</span> 
     </span>
     <span class='ocr_line' id='line_1_10' title="bbox 82 1254 1278 1336; baseline 0.001 -21"><span class='ocrx_word' id='word_1_73' title='bbox 82 1255 157 1315; x_wconf 89' lang='lat' dir='ltr'>nihil</span> <span class='ocrx_word' id='word_1_74' title='bbox 170 1255 244 1312; x_wconf 89' lang='lat' dir='ltr'>ultra</span> <span class='ocrx_word' id='word_1_75' title='bbox 258 1254 333 1313; x_wconf 82' lang='lat' dir='ltr'>vires</span> <span class='ocrx_word' id='word_1_76' title='bbox 348 1255 430 1313; x_wconf 92' lang='lat' dir='ltr'>nobis</span> <span class='ocrx_word' id='word_1_77' title='bbox 443 1255 563 1332; x_wconf 89' lang='lat' dir='ltr'>injungi,</span> <span class='ocrx_word' id='word_1_78' title='bbox 573 1265 603 1314; x_wconf 90' lang='lat' dir='ltr'>et</span> <span class='ocrx_word' id='word_1_79' title='bbox 611 1256 713 1314; x_wconf 89' lang='lat' dir='ltr'>bonam</span> <span class='ocrx_word' id='word_1_80' title='bbox 725 1256 813 1315; x_wconf 84' lang='lat' dir='ltr'>enimi</span> <span class='ocrx_word' id='word_1_81' title='bbox 823 1256 994 1316; x_wconf 81' lang='lat' dir='ltr'>voluntatem</span> <span class='ocrx_word' id='word_1_82' title='bbox 1003 1274 1068 1316; x_wconf 90' lang='lat' dir='ltr'>esse</span> <span class='ocrx_word' id='word_1_83' title='bbox 1080 1256 1144 1316; x_wconf 89' lang='lat' dir='ltr'>Deo</span> <span class='ocrx_word' id='word_1_84' title='bbox 1152 1268 1278 1336; x_wconf 70' lang='lat' dir='ltr'>gratam</span> 
     </span>
     <span class='ocr_line' id='line_1_11' title="bbox 80 1349 1280 1430; baseline 0.003 -20"><span class='ocrx_word' id='word_1_85' title='bbox 80 1350 135 1410; x_wconf 82' lang='lat' dir='ltr'>&#39;sed</span> <span class='ocrx_word' id='word_1_86' title='bbox 149 1367 210 1409; x_wconf 92' lang='lat' dir='ltr'>non</span> <span class='ocrx_word' id='word_1_87' title='bbox 223 1349 296 1409; x_wconf 92' lang='lat' dir='ltr'>tollit</span> <span class='ocrx_word' id='word_1_88' title='bbox 308 1349 465 1409; x_wconf 87' lang='lat' dir='ltr'>confitendi</span> <span class='ocrx_word' id='word_1_89' title='bbox 478 1352 690 1420; x_wconf 84' lang='lat' dir='ltr'>necessitatem,</span> <span class='ocrx_word' id='word_1_90' title='bbox 705 1370 769 1425; x_wconf 80' lang='lat' dir='ltr'>qna</span> <span class='ocrx_word' id='word_1_91' title='bbox 783 1370 822 1411; x_wconf 82' lang='lat' dir='ltr'>ex</span> <span class='ocrx_word' id='word_1_92' title='bbox 834 1353 981 1430; x_wconf 89' lang='lat' dir='ltr'>scripturis</span> <span class='ocrx_word' id='word_1_93' title='bbox 996 1363 1025 1412; x_wconf 87' lang='lat' dir='ltr'>et</span> <span class='ocrx_word' id='word_1_94' title='bbox 1035 1353 1280 1414; x_wconf 86' lang='lat' dir='ltr'>traditioneiuno·</span> 
     </span>
     <span class='ocr_line' id='line_1_12' title="bbox 83 1448 180 1508; baseline -0.021 0"><span class='ocrx_word' id='word_1_95' title='bbox 83 1448 180 1508; x_wconf 85' lang='lat' dir='ltr'>tescit.</span> 
     </span>
    </p>

    <p class='ocr_par' dir='ltr' id='par_1_5' title="bbox 81 1542 1285 2189">
     <span class='ocr_line' id='line_1_13' title="bbox 125 1542 1281 1626; baseline 0.005 -24"><span class='ocrx_word' id='word_1_96' title='bbox 125 1548 194 1603; x_wconf 86' lang='lat'>111.</span> <span class='ocrx_word' id='word_1_97' title='bbox 213 1542 280 1623; x_wconf 84' lang='lat' dir='ltr'>Obj.</span> <span class='ocrx_word' id='word_1_98' title='bbox 301 1547 331 1604; x_wconf 81' lang='lat' dir='ltr'>t.</span> <span class='ocrx_word' id='word_1_99' title='bbox 353 1553 373 1582; x_wconf 90' lang='grc'>“</span> <span class='ocrx_word' id='word_1_100' title='bbox 384 1545 541 1605; x_wconf 87' lang='lat' dir='ltr'>Luculenta</span> <span class='ocrx_word' id='word_1_101' title='bbox 557 1547 719 1605; x_wconf 87' lang='lat' dir='ltr'>testimonia</span> <span class='ocrx_word' id='word_1_102' title='bbox 733 1556 846 1606; x_wconf 85' lang='lat' dir='ltr'>exstant</span> <span class='ocrx_word' id='word_1_103' title='bbox 859 1556 919 1607; x_wconf 91' lang='lat' dir='ltr'>tum</span> <span class='ocrx_word' id='word_1_104' title='bbox 934 1548 962 1607; x_wconf 93' lang='lat' dir='ltr'>in</span> <span class='ocrx_word' id='word_1_105' title='bbox 978 1548 1117 1615; x_wconf 88' lang='lat' dir='ltr'>historiis,</span> <span class='ocrx_word' id='word_1_106' title='bbox 1128 1557 1189 1608; x_wconf 91' lang='lat' dir='ltr'>tum</span> <span class='ocrx_word' id='word_1_107' title='bbox 1203 1548 1281 1626; x_wconf 90' lang='lat' dir='ltr'>apud</span> 
     </span>
     <span class='ocr_line' id='line_1_14' title="bbox 81 1644 1280 1726; baseline 0.002 -21"><span class='ocrx_word' id='word_1_108' title='bbox 81 1644 217 1718; x_wconf 85' lang='lat' dir='ltr'>antiquos</span> <span class='ocrx_word' id='word_1_109' title='bbox 232 1644 304 1702; x_wconf 91' lang='lat' dir='ltr'>alios</span> <span class='ocrx_word' id='word_1_110' title='bbox 324 1645 489 1722; x_wconf 88' lang='lat' dir='ltr'>scriptores,</span> <span class='ocrx_word' id='word_1_111' title='bbox 505 1664 569 1720; x_wconf 80' lang='lat' dir='ltr'>que</span> <span class='ocrx_word' id='word_1_112' title='bbox 591 1645 712 1706; x_wconf 76' lang='lat' dir='ltr'>doceant</span> <span class='ocrx_word' id='word_1_113' title='bbox 732 1646 805 1705; x_wconf 87' lang='lat' dir='ltr'>hanc</span> <span class='ocrx_word' id='word_1_114' title='bbox 818 1645 908 1705; x_wconf 85' lang='lat' dir='ltr'>luisse</span> <span class='ocrx_word' id='word_1_115' title='bbox 929 1648 1074 1724; x_wconf 85' lang='lat' dir='ltr'>politicam</span> <span class='ocrx_word' id='word_1_116' title='bbox 1088 1647 1280 1726; x_wconf 78' lang='lat' dir='ltr'>disciplinam,</span> 
     </span>
     <span class='ocr_line' id='line_1_15' title="bbox 81 1739 1282 1820; baseline 0.002 -21"><span class='ocrx_word' id='word_1_117' title='bbox 81 1739 118 1799; x_wconf 84' lang='lat' dir='ltr'>ab</span> <span class='ocrx_word' id='word_1_118' title='bbox 131 1739 279 1817; x_wconf 85' lang='lat' dir='ltr'>episcopis</span> <span class='ocrx_word' id='word_1_119' title='bbox 292 1739 461 1808; x_wconf 87' lang='lat' dir='ltr'>institutam,</span> <span class='ocrx_word' id='word_1_120' title='bbox 476 1759 534 1799; x_wconf 91' lang='lat' dir='ltr'>non</span> <span class='ocrx_word' id='word_1_121' title='bbox 548 1741 641 1818; x_wconf 89' lang='lat' dir='ltr'>legem</span> <span class='ocrx_word' id='word_1_122' title='bbox 656 1741 802 1800; x_wconf 86' lang='lat' dir='ltr'>aOhristo</span> <span class='ocrx_word' id='word_1_123' title='bbox 816 1751 865 1799; x_wconf 86' lang='lat' dir='ltr'>sut</span> <span class='ocrx_word' id='word_1_124' title='bbox 877 1743 1025 1818; x_wconf 80' lang='lat' dir='ltr'>Apostolis</span> <span class='ocrx_word' id='word_1_125' title='bbox 1040 1742 1163 1820; x_wconf 89' lang='lat' dir='ltr'>positam</span> <span class='ocrx_word' id='word_1_126' title='bbox 1165 1783 1282 1802; x_wconf 89' lang='grc'><strong>.....</strong></span> 
     </span>
     <span class='ocr_line' id='line_1_16' title="bbox 82 1837 1283 1921; baseline 0.003 -24"><span class='ocrx_word' id='word_1_127' title='bbox 82 1837 185 1921; x_wconf 77' lang='lat' dir='ltr'>Refert</span> <span class='ocrx_word' id='word_1_128' title='bbox 196 1839 377 1897; x_wconf 83' lang='lat' dir='ltr'>Sozomenus</span> <span class='ocrx_word' id='word_1_129' title='bbox 392 1839 482 1897; x_wconf 87' lang='lat' dir='ltr'>fuisse</span> <span class='ocrx_word' id='word_1_130' title='bbox 503 1839 576 1898; x_wconf 87' lang='lat' dir='ltr'>hanc</span> <span class='ocrx_word' id='word_1_131' title='bbox 590 1840 791 1916; x_wconf 90' lang='lat' dir='ltr'>episcopomm</span> <span class='ocrx_word' id='word_1_132' title='bbox 811 1839 1043 1900; x_wconf 90' lang='lat' dir='ltr'>constitutionem</span> <span class='ocrx_word' id='word_1_133' title='bbox 1064 1840 1213 1918; x_wconf 83' lang='lat' dir='ltr'>diligenter</span> <span class='ocrx_word' id='word_1_134' title='bbox 1233 1842 1283 1901; x_wconf 90' lang='lat' dir='ltr'>ob·</span> 
     </span>
     <span class='ocr_line' id='line_1_17' title="bbox 82 1934 1284 2014; baseline 0.002 -19"><span class='ocrx_word' id='word_1_135' title='bbox 82 1945 226 1995; x_wconf 57' lang='lat' dir='ltr'>amatam</span> <span class='ocrx_word' id='word_1_136' title='bbox 238 1936 270 1994; x_wconf 90' lang='lat' dir='ltr'>in</span> <span class='ocrx_word' id='word_1_137' title='bbox 280 1934 422 1994; x_wconf 86' lang='lat' dir='ltr'>Ecclesiis</span> <span class='ocrx_word' id='word_1_138' title='bbox 434 1935 676 2002; x_wconf 81' lang='lat' dir='ltr'>occidentalibus,</span> <span class='ocrx_word' id='word_1_139' title='bbox 691 1937 848 2014; x_wconf 74' lang='lat' dir='ltr'>prasertim</span> <span class='ocrx_word' id='word_1_140' title='bbox 860 1955 928 1997; x_wconf 83' lang='lat' dir='ltr'>vero</span> <span class='ocrx_word' id='word_1_141' title='bbox 937 1937 1049 1997; x_wconf 78' lang='lat' dir='ltr'>Romu.</span> <span class='ocrx_word' id='word_1_142' title='bbox 1065 1938 1131 2005; x_wconf 87' lang='lat' dir='ltr'>Quo</span> <span class='ocrx_word' id='word_1_143' title='bbox 1140 1939 1284 2014; x_wconf 86' lang='lat' dir='ltr'>significat</span> 
     </span>
     <span class='ocr_line' id='line_1_18' title="bbox 81 2030 1285 2127; baseline 0.003 -36"><span class='ocrx_word' id='word_1_144' title='bbox 81 2048 142 2091; x_wconf 88' lang='lat' dir='ltr'>nou</span> <span class='ocrx_word' id='word_1_145' title='bbox 156 2030 248 2090; x_wconf 81' lang='lat' dir='ltr'>t&#39;uisse</span> <span class='ocrx_word' id='word_1_146' title='bbox 262 2031 424 2091; x_wconf 88' lang='lat' dir='ltr'>universale</span> <span class='ocrx_word' id='word_1_147' title='bbox 435 2033 565 2092; x_wconf 90' lang='lat' dir='ltr'>omnium</span> <span class='ocrx_word' id='word_1_148' title='bbox 586 2032 783 2092; x_wconf 87' lang='lat' dir='ltr'>Ecclesiamm</span> <span class='ocrx_word' id='word_1_149' title='bbox 796 2032 1005 2127; x_wconf 71' lang='lat' dir='ltr'>institutum.&#39;’²</span> <span class='ocrx_word' id='word_1_150' title='bbox 1044 2035 1087 2094; x_wconf 92' lang='lat' dir='ltr'>lta</span> <span class='ocrx_word' id='word_1_151' title='bbox 1106 2035 1205 2112; x_wconf 84' lang='lat' dir='ltr'>objicit</span> <span class='ocrx_word' id='word_1_152' title='bbox 1217 2035 1285 2095; x_wconf 80' lang='lat' dir='ltr'>ual-</span> 
     </span>
     <span class='ocr_line' id='line_1_19' title="bbox 81 2148 182 2189; baseline -0.01 -1"><span class='ocrx_word' id='word_1_153' title='bbox 81 2148 182 2189; x_wconf 78' lang='lat' dir='ltr'>arnus.</span> 
     </span>
    </p>

    <p class='ocr_par' dir='ltr' id='par_1_6' title="bbox 80 2224 1339 2696">
     <span class='ocr_line' id='line_1_20' title="bbox 123 2224 1282 2307; baseline 0.003 -22"><span class='ocrx_word' id='word_1_154' title='bbox 123 2224 215 2305; x_wconf 85' lang='lat' dir='ltr'>Resp.</span> <span class='ocrx_word' id='word_1_155' title='bbox 238 2226 422 2296; x_wconf 77' lang='lat' dir='ltr'>Quod‘reiert</span> <span class='ocrx_word' id='word_1_156' title='bbox 432 2227 625 2297; x_wconf 74' lang='lat' dir='ltr'>sozomenus,</span> <span class='ocrx_word' id='word_1_157' title='bbox 641 2239 751 2305; x_wconf 86' lang='lat' dir='ltr'>spectat</span> <span class='ocrx_word' id='word_1_158' title='bbox 764 2249 869 2289; x_wconf 91' lang='lat' dir='ltr'>munus</span> <span class='ocrx_word' id='word_1_159' title='bbox 884 2229 1092 2289; x_wconf 80' lang='lat' dir='ltr'>Ptenitentiarii</span> <span class='ocrx_word' id='word_1_160' title='bbox 1108 2228 1226 2307; x_wconf 85' lang='lat' dir='ltr'>publici,</span> <span class='ocrx_word' id='word_1_161' title='bbox 1236 2228 1282 2289; x_wconf 92' lang='lat' dir='ltr'>uti</span> 
     </span>
     <span class='ocr_line' id='line_1_21' title="bbox 81 2318 1339 2405; baseline -0.001 -20"><span class='ocrx_word' id='word_1_162' title='bbox 81 2318 186 2385; x_wconf 76' lang='lat' dir='ltr'>fatetur</span> <span class='ocrx_word' id='word_1_163' title='bbox 199 2325 262 2401; x_wconf 89' lang='lat' dir='ltr'>ipso</span> <span class='ocrx_word' id='word_1_164' title='bbox 277 2324 438 2383; x_wconf 83' lang='lat' dir='ltr'>Calvinus:</span> <span class='ocrx_word' id='word_1_165' title='bbox 462 2335 481 2362; x_wconf 78' lang='lat'>‘⁶</span> <span class='ocrx_word' id='word_1_166' title='bbox 491 2325 520 2384; x_wconf 93' lang='lat' dir='ltr'>ls</span> <span class='ocrx_word' id='word_1_167' title='bbox 543 2336 587 2383; x_wconf 93' lang='lat' dir='ltr'>est</span> <span class='ocrx_word' id='word_1_168' title='bbox 601 2323 699 2405; x_wconf 89' lang='lat' dir='ltr'>(quem</span> <span class='ocrx_word' id='word_1_169' title='bbox 720 2325 806 2385; x_wconf 88' lang='lat' dir='ltr'>hodie</span> <span class='ocrx_word' id='word_1_170' title='bbox 820 2346 934 2401; x_wconf 91' lang='lat' dir='ltr'>quoque</span> <span class='ocrx_word' id='word_1_171' title='bbox 948 2329 980 2387; x_wconf 89' lang='lat' dir='ltr'>in</span> <span class='ocrx_word' id='word_1_172' title='bbox 993 2327 1115 2404; x_wconf 90' lang='lat' dir='ltr'>singulis</span> <span class='ocrx_word' id='word_1_173' title='bbox 1137 2325 1284 2386; x_wconf 87' lang='lat' dir='ltr'>cathedra·</span> <span class='ocrx_word' id='word_1_174' title='bbox 1336 2326 1339 2333; x_wconf 86' lang='lat'>&#39;</span> 
     </span>
     <span class='ocr_line' id='line_1_22' title="bbox 80 2422 1282 2501; baseline 0.001 -18"><span class='ocrx_word' id='word_1_175' title='bbox 80 2422 159 2483; x_wconf 84' lang='lat' dir='ltr'>libus</span> <span class='ocrx_word' id='word_1_176' title='bbox 181 2422 325 2482; x_wconf 88' lang='lat' dir='ltr'>Ecclesiis</span> <span class='ocrx_word' id='word_1_177' title='bbox 346 2423 586 2500; x_wconf 69' lang='lat' dir='ltr'>poenitentiarium</span> <span class='ocrx_word' id='word_1_178' title='bbox 607 2424 723 2501; x_wconf 79' lang='lat' dir='ltr'>vocant)</span> <span class='ocrx_word' id='word_1_179' title='bbox 744 2425 905 2500; x_wconf 87' lang='lat' dir='ltr'>graviorum</span> <span class='ocrx_word' id='word_1_180' title='bbox 926 2425 1088 2492; x_wconf 89' lang='lat' dir='ltr'>criminum,</span> <span class='ocrx_word' id='word_1_181' title='bbox 1110 2433 1140 2483; x_wconf 91' lang='lat' dir='ltr'>et</span> <span class='ocrx_word' id='word_1_182' title='bbox 1159 2441 1282 2498; x_wconf 89' lang='lat' dir='ltr'>quorum</span> 
     </span>
     <span class='ocr_line' id='line_1_23' title="bbox 80 2517 1281 2600; baseline -0.002 -21"><span class='ocrx_word' id='word_1_183' title='bbox 80 2536 203 2579; x_wconf 80' lang='lat' dir='ltr'>censura</span> <span class='ocrx_word' id='word_1_184' title='bbox 222 2517 258 2577; x_wconf 90' lang='lat' dir='ltr'>ad</span> <span class='ocrx_word' id='word_1_185' title='bbox 275 2519 441 2595; x_wconf 87' lang='lat' dir='ltr'>exemplum</span> <span class='ocrx_word' id='word_1_186' title='bbox 456 2519 587 2595; x_wconf 86' lang='lat' dir='ltr'>pertinet,</span> <span class='ocrx_word' id='word_1_187' title='bbox 602 2519 759 2596; x_wconf 86' lang='lat' dir='ltr'>cognitor.&#39;’</span> <span class='ocrx_word' id='word_1_188' title='bbox 798 2519 1004 2600; x_wconf 22' lang='lat' dir='ltr'>lllodtquidem</span> <span class='ocrx_word' id='word_1_189' title='bbox 1025 2539 1129 2579; x_wconf 89' lang='lat' dir='ltr'>monus</span> <span class='ocrx_word' id='word_1_190' title='bbox 1143 2518 1178 2578; x_wconf 88' lang='lat' dir='ltr'>ad</span> <span class='ocrx_word' id='word_1_191' title='bbox 1195 2518 1281 2578; x_wconf 91' lang='lat' dir='ltr'>disci·</span> 
     </span>
     <span class='ocr_line' id='line_1_24' title="bbox 81 2616 1102 2696; baseline 0.001 -19"><span class='ocrx_word' id='word_1_192' title='bbox 81 2616 192 2696; x_wconf 84' lang='lat' dir='ltr'>plicam</span> <span class='ocrx_word' id='word_1_193' title='bbox 203 2629 278 2677; x_wconf 90' lang='lat' dir='ltr'>recte</span> <span class='ocrx_word' id='word_1_194' title='bbox 293 2617 420 2683; x_wconf 77' lang='lat' dir='ltr'>refertur,</span> <span class='ocrx_word' id='word_1_195' title='bbox 435 2628 464 2675; x_wconf 91' lang='lat' dir='ltr'>et</span> <span class='ocrx_word' id='word_1_196' title='bbox 477 2617 512 2675; x_wconf 92' lang='lat' dir='ltr'>ab</span> <span class='ocrx_word' id='word_1_197' title='bbox 523 2617 669 2694; x_wconf 87' lang='lat' dir='ltr'>episcopis</span> <span class='ocrx_word' id='word_1_198' title='bbox 684 2617 755 2686; x_wconf 89' lang='lat' dir='ltr'>tolli,</span> <span class='ocrx_word' id='word_1_199' title='bbox 767 2617 843 2676; x_wconf 90' lang='lat' dir='ltr'>sicut</span> <span class='ocrx_word' id='word_1_200' title='bbox 856 2631 885 2676; x_wconf 90' lang='lat' dir='ltr'>et</span> <span class='ocrx_word' id='word_1_201' title='bbox 900 2618 985 2677; x_wconf 86' lang='lat' dir='ltr'>statui</span> <span class='ocrx_word' id='word_1_202' title='bbox 999 2619 1102 2696; x_wconf 87' lang='lat' dir='ltr'>potuit.</span> 
     </span>
    </p>

    <p class='ocr_par' dir='ltr' id='par_1_7' title="bbox 81 2713 1377 3267">
     <span class='ocr_line' id='line_1_25' title="bbox 124 2713 1282 2793; baseline 0.003 -19"><span class='ocrx_word' id='word_1_203' title='bbox 124 2718 195 2774; x_wconf 75' lang='lat'>112.</span> <span class='ocrx_word' id='word_1_204' title='bbox 220 2713 287 2793; x_wconf 87' lang='lat' dir='ltr'>Obj.</span> <span class='ocrx_word' id='word_1_205' title='bbox 310 2719 339 2773; x_wconf 84' lang='lat'>5.</span> <span class='ocrx_word' id='word_1_206' title='bbox 363 2714 392 2772; x_wconf 91' lang='lat' dir='ltr'>N</span> <span class='ocrx_word' id='word_1_207' title='bbox 394 2733 432 2772; x_wconf 94' lang='lat' dir='ltr'>on</span> <span class='ocrx_word' id='word_1_208' title='bbox 444 2714 499 2772; x_wconf 88' lang='lat' dir='ltr'>alia</span> <span class='ocrx_word' id='word_1_209' title='bbox 513 2723 580 2773; x_wconf 84' lang='lat' dir='ltr'>tunc</span> <span class='ocrx_word' id='word_1_210' title='bbox 600 2715 691 2792; x_wconf 82' lang='lat' dir='ltr'>viguit</span> <span class='ocrx_word' id='word_1_211' title='bbox 703 2714 858 2779; x_wconf 79' lang='lat' dir='ltr'>confessio,</span> <span class='ocrx_word' id='word_1_212' title='bbox 872 2734 958 2789; x_wconf 90' lang='lat' dir='ltr'>quarn</span> <span class='ocrx_word' id='word_1_213' title='bbox 972 2733 1036 2790; x_wconf 80' lang='lat' dir='ltr'>quoe</span> <span class='ocrx_word' id='word_1_214' title='bbox 1049 2715 1124 2793; x_wconf 88' lang='lat' dir='ltr'>apud</span> <span class='ocrx_word' id='word_1_215' title='bbox 1138 2715 1282 2777; x_wconf 86' lang='lat' dir='ltr'>Poeniten·</span> 
     </span>
     <span class='ocr_line' id='line_1_26' title="bbox 83 2809 1283 2890; baseline -0.001 -18"><span class='ocrx_word' id='word_1_216' title='bbox 83 2811 200 2872; x_wconf 75' lang='lat' dir='ltr'>darium</span> <span class='ocrx_word' id='word_1_217' title='bbox 215 2812 408 2888; x_wconf 82' lang='lat' dir='ltr'>peragebatur,</span> <span class='ocrx_word' id='word_1_218' title='bbox 421 2829 485 2868; x_wconf 89' lang='lat' dir='ltr'>nam</span> <span class='ocrx_word' id='word_1_219' title='bbox 498 2809 574 2888; x_wconf 88' lang='lat' dir='ltr'>apud</span> <span class='ocrx_word' id='word_1_220' title='bbox 585 2828 650 2870; x_wconf 93' lang='lat' dir='ltr'>eum</span> <span class='ocrx_word' id='word_1_221' title='bbox 665 2811 767 2871; x_wconf 88' lang='lat' dir='ltr'>mulier</span> <span class='ocrx_word' id='word_1_222' title='bbox 775 2811 878 2871; x_wconf 89' lang='lat' dir='ltr'>nobilis</span> <span class='ocrx_word' id='word_1_223' title='bbox 892 2811 1083 2890; x_wconf 80' lang='lat' dir='ltr'>singulaque</span> <span class='ocrx_word' id='word_1_224' title='bbox 1098 2824 1163 2890; x_wconf 92' lang='lat' dir='ltr'>post</span> <span class='ocrx_word' id='word_1_225' title='bbox 1176 2813 1283 2889; x_wconf 87' lang='lat' dir='ltr'>baptis·</span> 
     </span>
     <span class='ocr_line' id='line_1_27' title="bbox 81 2909 1284 2987; baseline 0 -17"><span class='ocrx_word' id='word_1_226' title='bbox 81 2928 163 2975; x_wconf 88' lang='lat' dir='ltr'>mum</span> <span class='ocrx_word' id='word_1_227' title='bbox 189 2909 341 2968; x_wconf 85' lang='lat' dir='ltr'>admiserat</span> <span class='ocrx_word' id='word_1_228' title='bbox 363 2920 479 2987; x_wconf 87' lang='lat' dir='ltr'>peccata</span> <span class='ocrx_word' id='word_1_229' title='bbox 501 2910 632 2969; x_wconf 84' lang='lat' dir='ltr'>consessa</span> <span class='ocrx_word' id='word_1_230' title='bbox 655 2919 709 2977; x_wconf 89' lang='lat' dir='ltr'>est,</span> <span class='ocrx_word' id='word_1_231' title='bbox 734 2918 854 2969; x_wconf 90' lang='lat' dir='ltr'>testante</span> <span class='ocrx_word' id='word_1_232' title='bbox 877 2910 1013 2980; x_wconf 78' lang='lat' dir='ltr'>Socrate3</span> <span class='ocrx_word' id='word_1_233' title='bbox 1041 2921 1071 2969; x_wconf 89' lang='lat' dir='ltr'>et</span> <span class='ocrx_word' id='word_1_234' title='bbox 1093 2929 1209 2970; x_wconf 91' lang='lat' dir='ltr'>munere</span> <span class='ocrx_word' id='word_1_235' title='bbox 1232 2911 1284 2971; x_wconf 96' lang='lat' dir='ltr'>illo</span> 
     </span>
     <span class='ocr_line' id='line_1_28' title="bbox 81 3005 1282 3088; baseline -0.001 -19"><span class='ocrx_word' id='word_1_236' title='bbox 81 3010 229 3087; x_wconf 83' lang='lat' dir='ltr'>abrogato,</span> <span class='ocrx_word' id='word_1_237' title='bbox 244 3008 281 3066; x_wconf 90' lang='lat' dir='ltr'>ob</span> <span class='ocrx_word' id='word_1_238' title='bbox 295 3005 405 3065; x_wconf 91' lang='lat' dir='ltr'>diaconi</span> <span class='ocrx_word' id='word_1_239' title='bbox 416 3007 526 3065; x_wconf 85' lang='lat' dir='ltr'>lacinus</span> <span class='ocrx_word' id='word_1_240' title='bbox 540 3026 574 3066; x_wconf 86' lang='lat' dir='ltr'>ea</span> <span class='ocrx_word' id='word_1_241' title='bbox 583 3009 734 3067; x_wconf 88' lang='lat' dir='ltr'>occasione</span> <span class='ocrx_word' id='word_1_242' title='bbox 743 3009 915 3088; x_wconf 83' lang='lat' dir='ltr'>evulgatum,</span> <span class='ocrx_word' id='word_1_243' title='bbox 928 3008 958 3068; x_wconf 95' lang='lat' dir='ltr'>N</span> <span class='ocrx_word' id='word_1_244' title='bbox 960 3009 1080 3069; x_wconf 87' lang='lat' dir='ltr'>cetarius</span> <span class='ocrx_word' id='word_1_245' title='bbox 1095 3019 1116 3046; x_wconf 80' lang='lat'>⁸⁴</span> <span class='ocrx_word' id='word_1_246' title='bbox 1127 3010 1282 3084; x_wconf 88' lang='lat' dir='ltr'>unicuique</span> 
     </span>
     <span class='ocr_line' id='line_1_29' title="bbox 81 3105 1377 3187; baseline 0.002 -21"><span class='ocrx_word' id='word_1_247' title='bbox 81 3107 224 3187; x_wconf 85' lang='lat' dir='ltr'>permisit,</span> <span class='ocrx_word' id='word_1_248' title='bbox 240 3123 293 3183; x_wconf 91' lang='lat' dir='ltr'>pro</span> <span class='ocrx_word' id='word_1_249' title='bbox 306 3105 433 3171; x_wconf 89' lang='lat' dir='ltr'>arbitrio,</span> <span class='ocrx_word' id='word_1_250' title='bbox 448 3117 477 3164; x_wconf 89' lang='lat' dir='ltr'>et</span> <span class='ocrx_word' id='word_1_251' title='bbox 491 3124 544 3183; x_wconf 92' lang='lat' dir='ltr'>pro</span> <span class='ocrx_word' id='word_1_252' title='bbox 558 3106 647 3166; x_wconf 89' lang='lat' dir='ltr'>animi</span> <span class='ocrx_word' id='word_1_253' title='bbox 658 3108 703 3166; x_wconf 91' lang='lat' dir='ltr'>sui</span> <span class='ocrx_word' id='word_1_254' title='bbox 718 3107 937 3168; x_wconf 85' lang='lat' dir='ltr'>conscientisad</span> <span class='ocrx_word' id='word_1_255' title='bbox 950 3121 1191 3169; x_wconf 85' lang='lat' dir='ltr'>sacramentorum</span> <span class='ocrx_word' id='word_1_256' title='bbox 1205 3126 1284 3168; x_wconf 88' lang='lat' dir='ltr'>corn·</span> <span class='ocrx_word' id='word_1_257' title='bbox 1369 3122 1377 3139; x_wconf 77' lang='lat'><strong><em>¹</em></strong></span> 
     </span>
     <span class='ocr_line' id='line_1_30' title="bbox 82 3203 447 3267; baseline -0.014 0"><span class='ocrx_word' id='word_1_258' title='bbox 82 3207 252 3267; x_wconf 90' lang='lat' dir='ltr'>munionem</span> <span class='ocrx_word' id='word_1_259' title='bbox 267 3203 447 3263; x_wconf 47' lang='lat' dir='ltr'>succedere?²</span> 
     </span>
    </p>

    <p class='ocr_par' dir='ltr' id='par_1_8' title="bbox 78 3302 1362 4356">
     <span class='ocr_line' id='line_1_31' title="bbox 119 3302 1282 3383; baseline 0 -21"><span class='ocrx_word' id='word_1_260' title='bbox 119 3302 214 3383; x_wconf 82' lang='lat' dir='ltr'>Resp.</span> <span class='ocrx_word' id='word_1_261' title='bbox 235 3302 346 3380; x_wconf 84' lang='lat' dir='ltr'>Viguit,</span> <span class='ocrx_word' id='word_1_262' title='bbox 360 3303 434 3360; x_wconf 90' lang='lat' dir='ltr'>sicut</span> <span class='ocrx_word' id='word_1_263' title='bbox 448 3303 577 3379; x_wconf 85' lang='lat' dir='ltr'>riguerat</span> <span class='ocrx_word' id='word_1_264' title='bbox 597 3303 631 3360; x_wconf 83' lang='lat' dir='ltr'>ab</span> <span class='ocrx_word' id='word_1_265' title='bbox 653 3303 733 3363; x_wconf 91' lang='lat' dir='ltr'>initio</span> <span class='ocrx_word' id='word_1_266' title='bbox 755 3303 904 3370; x_wconf 76' lang='lat' dir='ltr'>Ecclesiae,</span> <span class='ocrx_word' id='word_1_267' title='bbox 919 3303 1074 3363; x_wconf 90' lang='lat' dir='ltr'>confitendi</span> <span class='ocrx_word' id='word_1_268' title='bbox 1088 3303 1282 3363; x_wconf 88' lang='lat' dir='ltr'>sacerdotibus</span> 
     </span>
     <span class='ocr_line' id='line_1_32' title="bbox 82 3398 1362 3470; baseline -0.002 -8"><span class='ocrx_word' id='word_1_269' title='bbox 82 3419 160 3470; x_wconf 87' lang='lat' dir='ltr'>mos,</span> <span class='ocrx_word' id='word_1_270' title='bbox 173 3419 241 3459; x_wconf 88' lang='lat' dir='ltr'>nam</span> <span class='ocrx_word' id='word_1_271' title='bbox 256 3418 293 3459; x_wconf 84' lang='lat' dir='ltr'>ex</span> <span class='ocrx_word' id='word_1_272' title='bbox 305 3399 473 3458; x_wconf 85' lang='lat' dir='ltr'>necessitate</span> <span class='ocrx_word' id='word_1_273' title='bbox 487 3398 641 3458; x_wconf 79' lang='lat' dir='ltr'>confitendi</span> <span class='ocrx_word' id='word_1_274' title='bbox 661 3401 775 3459; x_wconf 87' lang='lat' dir='ltr'>occasio</span> <span class='ocrx_word' id='word_1_275' title='bbox 795 3401 919 3459; x_wconf 88' lang='lat' dir='ltr'>muneris</span> <span class='ocrx_word' id='word_1_276' title='bbox 939 3400 1016 3460; x_wconf 91' lang='lat' dir='ltr'>illios</span> <span class='ocrx_word' id='word_1_277' title='bbox 1035 3400 1201 3460; x_wconf 87' lang='lat' dir='ltr'>instituendi</span> <span class='ocrx_word' id='word_1_278' title='bbox 1220 3410 1283 3461; x_wconf 84' lang='lat' dir='ltr'>orta</span> <span class='ocrx_word' id='word_1_279' title='bbox 1359 3438 1362 3445; x_wconf 90' lang='lat'>·</span> 
     </span>
     <span class='ocr_line' id='line_1_33' title="bbox 82 3497 1283 3576; baseline -0.001 -18"><span class='ocrx_word' id='word_1_280' title='bbox 82 3507 138 3567; x_wconf 66' lang='lat' dir='ltr'>est</span> <span class='ocrx_word' id='word_1_281' title='bbox 150 3499 192 3558; x_wconf 92' lang='lat' dir='ltr'>uti</span> <span class='ocrx_word' id='word_1_282' title='bbox 207 3497 293 3556; x_wconf 87' lang='lat' dir='ltr'>fidem</span> <span class='ocrx_word' id='word_1_283' title='bbox 308 3497 375 3557; x_wconf 87' lang='lat' dir='ltr'>facit</span> <span class='ocrx_word' id='word_1_284' title='bbox 389 3499 581 3556; x_wconf 84' lang='lat' dir='ltr'>Sozomenos.</span> <span class='ocrx_word' id='word_1_285' title='bbox 603 3497 687 3565; x_wconf 88' lang='lat' dir='ltr'>Quod</span> <span class='ocrx_word' id='word_1_286' title='bbox 703 3498 804 3557; x_wconf 88' lang='lat' dir='ltr'>mulier</span> <span class='ocrx_word' id='word_1_287' title='bbox 817 3498 865 3557; x_wconf 91' lang='lat' dir='ltr'>illa</span> <span class='ocrx_word' id='word_1_288' title='bbox 879 3498 982 3557; x_wconf 87' lang='lat' dir='ltr'>nobilis</span> <span class='ocrx_word' id='word_1_289' title='bbox 993 3499 1090 3558; x_wconf 88' lang='lat' dir='ltr'>omnia</span> <span class='ocrx_word' id='word_1_290' title='bbox 1100 3517 1153 3556; x_wconf 85' lang='lat' dir='ltr'>sna</span> <span class='ocrx_word' id='word_1_291' title='bbox 1167 3508 1283 3576; x_wconf 84' lang='lat' dir='ltr'>peccata</span> 
     </span>
     <span class='ocr_line' id='line_1_34' title="bbox 80 3594 1281 3675; baseline 0.001 -20"><span class='ocrx_word' id='word_1_292' title='bbox 80 3595 158 3675; x_wconf 83' lang='lat' dir='ltr'>apud</span> <span class='ocrx_word' id='word_1_293' title='bbox 173 3596 418 3655; x_wconf 86' lang='lat' dir='ltr'>Poenitentiarium</span> <span class='ocrx_word' id='word_1_294' title='bbox 433 3594 607 3672; x_wconf 87' lang='lat' dir='ltr'>deposuerit,</span> <span class='ocrx_word' id='word_1_295' title='bbox 622 3595 747 3655; x_wconf 88' lang='lat' dir='ltr'>ostendit</span> <span class='ocrx_word' id='word_1_296' title='bbox 757 3614 822 3655; x_wconf 89' lang='lat' dir='ltr'>enm</span> <span class='ocrx_word' id='word_1_297' title='bbox 835 3596 1001 3655; x_wconf 85' lang='lat' dir='ltr'>confessarii</span> <span class='ocrx_word' id='word_1_298' title='bbox 1012 3614 1129 3656; x_wconf 92' lang='lat' dir='ltr'>munere</span> <span class='ocrx_word' id='word_1_299' title='bbox 1139 3596 1281 3666; x_wconf 83' lang='lat' dir='ltr'>functum,</span> 
     </span>
     <span class='ocr_line' id='line_1_35' title="bbox 83 3690 1282 3768; baseline -0.001 -14"><span class='ocrx_word' id='word_1_300' title='bbox 83 3692 137 3754; x_wconf 84' lang='lat' dir='ltr'>sed</span> <span class='ocrx_word' id='word_1_301' title='bbox 150 3710 210 3753; x_wconf 91' lang='lat' dir='ltr'>nou</span> <span class='ocrx_word' id='word_1_302' title='bbox 224 3691 291 3751; x_wconf 91' lang='lat' dir='ltr'>ideo</span> <span class='ocrx_word' id='word_1_303' title='bbox 305 3691 400 3750; x_wconf 78' lang='lat' dir='ltr'>caeteri</span> <span class='ocrx_word' id='word_1_304' title='bbox 414 3690 577 3750; x_wconf 87' lang='lat' dir='ltr'>sacerdotes</span> <span class='ocrx_word' id='word_1_305' title='bbox 587 3711 622 3752; x_wconf 92' lang='lat' dir='ltr'>eo</span> <span class='ocrx_word' id='word_1_306' title='bbox 633 3694 759 3752; x_wconf 88' lang='lat' dir='ltr'>caruisse</span> <span class='ocrx_word' id='word_1_307' title='bbox 773 3692 909 3752; x_wconf 90' lang='lat' dir='ltr'>censendi</span> <span class='ocrx_word' id='word_1_308' title='bbox 922 3706 997 3753; x_wconf 91' lang='lat' dir='ltr'>sunt.</span> <span class='ocrx_word' id='word_1_309' title='bbox 1034 3690 1151 3753; x_wconf 87' lang='lat' dir='ltr'>&#39;Munus</span> <span class='ocrx_word' id='word_1_310' title='bbox 1165 3694 1282 3768; x_wconf 90' lang='lat' dir='ltr'>quidem</span> 
     </span>
     <span class='ocr_line' id='line_1_36' title="bbox 82 3788 1283 3871; baseline 0.002 -21"><span class='ocrx_word' id='word_1_311' title='bbox 82 3790 212 3871; x_wconf 86' lang='lat' dir='ltr'>speciale</span> <span class='ocrx_word' id='word_1_312' title='bbox 243 3789 464 3858; x_wconf 85' lang='lat' dir='ltr'>Poenitentiarii,</span> <span class='ocrx_word' id='word_1_313' title='bbox 486 3788 562 3862; x_wconf 92' lang='lat' dir='ltr'>quod</span> <span class='ocrx_word' id='word_1_314' title='bbox 586 3809 652 3848; x_wconf 89' lang='lat' dir='ltr'>cum</span> <span class='ocrx_word' id='word_1_315' title='bbox 675 3789 852 3849; x_wconf 80' lang='lat' dir='ltr'>confessarii</span> <span class='ocrx_word' id='word_1_316' title='bbox 876 3808 993 3850; x_wconf 88' lang='lat' dir='ltr'>munere</span> <span class='ocrx_word' id='word_1_317' title='bbox 1017 3792 1047 3851; x_wconf 94' lang='lat' dir='ltr'>in</span> <span class='ocrx_word' id='word_1_318' title='bbox 1068 3791 1117 3850; x_wconf 92' lang='lat' dir='ltr'>illo</span> <span class='ocrx_word' id='word_1_319' title='bbox 1137 3791 1283 3852; x_wconf 88' lang='lat' dir='ltr'>sacerdote</span> 
     </span>
     <span class='ocr_line' id='line_1_37' title="bbox 81 3885 1281 3967; baseline 0 -18"><span class='ocrx_word' id='word_1_320' title='bbox 81 3888 271 3966; x_wconf 84' lang='lat' dir='ltr'>conjunctum</span> <span class='ocrx_word' id='word_1_321' title='bbox 293 3897 364 3951; x_wconf 85' lang='lat' dir='ltr'>erat,</span> <span class='ocrx_word' id='word_1_322' title='bbox 378 3885 543 3964; x_wconf 86' lang='lat' dir='ltr'>abrogatum</span> <span class='ocrx_word' id='word_1_323' title='bbox 559 3897 612 3954; x_wconf 84' lang='lat' dir='ltr'>est,</span> <span class='ocrx_word' id='word_1_324' title='bbox 628 3888 779 3947; x_wconf 85' lang='lat' dir='ltr'>occasione</span> <span class='ocrx_word' id='word_1_325' title='bbox 798 3889 889 3965; x_wconf 88' lang='lat' dir='ltr'>stupri</span> <span class='ocrx_word' id='word_1_326' title='bbox 909 3886 986 3962; x_wconf 90' lang='lat' dir='ltr'>quod</span> <span class='ocrx_word' id='word_1_327' title='bbox 999 3887 1137 3948; x_wconf 83' lang='lat' dir='ltr'>diaconus</span> <span class='ocrx_word' id='word_1_328' title='bbox 1152 3891 1281 3967; x_wconf 83' lang='lat' dir='ltr'>patravit,</span> 
     </span>
     <span class='ocr_line' id='line_1_38' title="bbox 82 3984 1282 4065; baseline -0.001 -18"><span class='ocrx_word' id='word_1_329' title='bbox 82 4005 176 4062; x_wconf 90' lang='lat' dir='ltr'>quum</span> <span class='ocrx_word' id='word_1_330' title='bbox 196 3985 299 4044; x_wconf 89' lang='lat' dir='ltr'>mulier</span> <span class='ocrx_word' id='word_1_331' title='bbox 317 3984 366 4043; x_wconf 89' lang='lat' dir='ltr'>illa</span> <span class='ocrx_word' id='word_1_332' title='bbox 388 3984 563 4043; x_wconf 87' lang='lat' dir='ltr'>orationibus</span> <span class='ocrx_word' id='word_1_333' title='bbox 583 3985 613 4044; x_wconf 91' lang='lat' dir='ltr'>in</span> <span class='ocrx_word' id='word_1_334' title='bbox 635 3985 769 4045; x_wconf 86' lang='lat' dir='ltr'>Ecclesia</span> <span class='ocrx_word' id='word_1_335' title='bbox 789 3997 910 4053; x_wconf 81' lang='lat' dir='ltr'>vacaret,</span> <span class='ocrx_word' id='word_1_336' title='bbox 925 3985 1098 4063; x_wconf 79' lang='lat' dir='ltr'>poenitentiae</span> <span class='ocrx_word' id='word_1_337' title='bbox 1119 4006 1206 4065; x_wconf 87' lang='lat' dir='ltr'>opera</span> <span class='ocrx_word' id='word_1_338' title='bbox 1225 3987 1282 4046; x_wconf 90' lang='lat' dir='ltr'>sibi</span> 
     </span>
     <span class='ocr_line' id='line_1_39' title="bbox 80 4079 1281 4162; baseline -0.004 -18"><span class='ocrx_word' id='word_1_339' title='bbox 80 4084 213 4162; x_wconf 85' lang='lat' dir='ltr'>injuncta</span> <span class='ocrx_word' id='word_1_340' title='bbox 225 4081 407 4159; x_wconf 81' lang='lat' dir='ltr'>adimplens:</span> <span class='ocrx_word' id='word_1_341' title='bbox 430 4080 481 4139; x_wconf 86' lang='lat' dir='ltr'>sed</span> <span class='ocrx_word' id='word_1_342' title='bbox 492 4099 527 4139; x_wconf 90' lang='lat' dir='ltr'>eo</span> <span class='ocrx_word' id='word_1_343' title='bbox 536 4081 627 4155; x_wconf 87' lang='lat' dir='ltr'>ablato</span> <span class='ocrx_word' id='word_1_344' title='bbox 643 4081 748 4141; x_wconf 88' lang='lat' dir='ltr'>mansit</span> <span class='ocrx_word' id='word_1_345' title='bbox 761 4079 914 4141; x_wconf 84' lang='lat' dir='ltr'>confitendi</span> <span class='ocrx_word' id='word_1_346' title='bbox 928 4081 1085 4140; x_wconf 83' lang='lat' dir='ltr'>necessitas</span> <span class='ocrx_word' id='word_1_347' title='bbox 1098 4081 1174 4160; x_wconf 90' lang='lat' dir='ltr'>apud</span> <span class='ocrx_word' id='word_1_348' title='bbox 1188 4100 1281 4141; x_wconf 90' lang='lat' dir='ltr'>sacer-</span> 
     </span>
     <span class='ocr_line' id='line_1_40' title="bbox 78 4174 1280 4257; baseline -0.002 -17"><span class='ocrx_word' id='word_1_349' title='bbox 78 4180 181 4245; x_wconf 88' lang='lat' dir='ltr'>dotem</span> <span class='ocrx_word' id='word_1_350' title='bbox 194 4196 408 4255; x_wconf 87' lang='lat' dir='ltr'>quemcunque.</span> <span class='ocrx_word' id='word_1_351' title='bbox 428 4177 560 4257; x_wconf 83' lang='lat' dir='ltr'>Libertas</span> <span class='ocrx_word' id='word_1_352' title='bbox 574 4179 728 4252; x_wconf 90' lang='lat' dir='ltr'>unicuique</span> <span class='ocrx_word' id='word_1_353' title='bbox 740 4178 880 4255; x_wconf 86' lang='lat' dir='ltr'>permissa</span> <span class='ocrx_word' id='word_1_354' title='bbox 892 4176 926 4236; x_wconf 83' lang='lat' dir='ltr'>ad</span> <span class='ocrx_word' id='word_1_355' title='bbox 937 4190 1113 4238; x_wconf 81' lang='lat' dir='ltr'>sacramenta</span> <span class='ocrx_word' id='word_1_356' title='bbox 1125 4174 1280 4238; x_wconf 87' lang='lat' dir='ltr'>accedendi</span> 
     </span>
     <span class='ocr_line' id='line_1_41' title="bbox 78 4273 1096 4356; baseline -0.001 -20"><span class='ocrx_word' id='word_1_357' title='bbox 78 4280 113 4341; x_wconf 84' lang='lat' dir='ltr'>in</span> <span class='ocrx_word' id='word_1_358' title='bbox 125 4296 164 4339; x_wconf 88' lang='lat' dir='ltr'>eo</span> <span class='ocrx_word' id='word_1_359' title='bbox 178 4278 272 4356; x_wconf 88' lang='lat' dir='ltr'>posita</span> <span class='ocrx_word' id='word_1_360' title='bbox 285 4285 339 4340; x_wconf 88' lang='lat' dir='ltr'>est,</span> <span class='ocrx_word' id='word_1_361' title='bbox 363 4273 440 4348; x_wconf 91' lang='lat' dir='ltr'>quod</span> <span class='ocrx_word' id='word_1_362' title='bbox 465 4274 674 4335; x_wconf 74' lang='lat' dir='ltr'>Paenitentiarii</span> <span class='ocrx_word' id='word_1_363' title='bbox 685 4275 813 4335; x_wconf 87' lang='lat' dir='ltr'>examini</span> <span class='ocrx_word' id='word_1_364' title='bbox 827 4293 912 4335; x_wconf 87' lang='lat' dir='ltr'>nemo</span> <span class='ocrx_word' id='word_1_365' title='bbox 926 4275 1096 4354; x_wconf 84' lang='lat' dir='ltr'>subjaceret.</span> 
     </span>
    </p>

    <p class='ocr_par' dir='ltr' id='par_1_9' title="bbox 122 4369 1281 4453">
     <span class='ocr_line' id='line_1_42' title="bbox 122 4369 1281 4453; baseline -0.009 -16"><span class='ocrx_word' id='word_1_366' title='bbox 122 4379 191 4437; x_wconf 84' lang='lat' dir='ltr'>lla.</span> <span class='ocrx_word' id='word_1_367' title='bbox 216 4372 285 4453; x_wconf 81' lang='lat' dir='ltr'>obj.</span> <span class='ocrx_word' id='word_1_368' title='bbox 308 4377 337 4432; x_wconf 87' lang='lat'>6.</span> <span class='ocrx_word' id='word_1_369' title='bbox 363 4372 406 4431; x_wconf 89' lang='lat' dir='ltr'>De</span> <span class='ocrx_word' id='word_1_370' title='bbox 421 4370 603 4431; x_wconf 88' lang='lat' dir='ltr'>consessione</span> <span class='ocrx_word' id='word_1_371' title='bbox 624 4372 746 4450; x_wconf 88' lang='lat' dir='ltr'>singulis</span> <span class='ocrx_word' id='word_1_372' title='bbox 767 4372 961 4433; x_wconf 85' lang='lat' dir='ltr'>sacerdotibus</span> <span class='ocrx_word' id='word_1_373' title='bbox 987 4383 1054 4433; x_wconf 88' lang='lat' dir='ltr'>tnnc</span> <span class='ocrx_word' id='word_1_374' title='bbox 1074 4369 1210 4450; x_wconf 82' lang='lat' dir='ltr'>temporis</span> <span class='ocrx_word' id='word_1_375' title='bbox 1230 4387 1281 4448; x_wconf 87' lang='lat' dir='ltr'>pe·</span> 
     </span>
    </p>
   </div>
   <div class='ocr_carea' id='block_1_3' title="bbox 383 4546 1318 4770">
    <p class='ocr_par' dir='ltr' id='par_1_10' title="bbox 383 4546 1318 4770">
     <span class='ocr_line' id='line_1_43' title="bbox 383 4546 1255 4608; baseline 0.009 -12"><span class='ocrx_word' id='word_1_376' title='bbox 383 4550 422 4608; x_wconf 84' lang='lat' dir='ltr'>(lt</span> <span class='ocrx_word' id='word_1_377' title='bbox 439 4547 559 4599; x_wconf 72' lang='lat' dir='ltr'>Celsinus</span> <span class='ocrx_word' id='word_1_378' title='bbox 570 4547 630 4598; x_wconf 83' lang='lat' dir='ltr'>inst</span> <span class='ocrx_word' id='word_1_379' title='bbox 640 4546 657 4597; x_wconf 88' lang='lat' dir='ltr'>l.</span> <span class='ocrx_word' id='word_1_380' title='bbox 667 4546 701 4598; x_wconf 89' lang='lat' dir='ltr'>iii.</span> <span class='ocrx_word' id='word_1_381' title='bbox 712 4546 807 4599; x_wconf 73' lang='lat' dir='ltr'>aiau.</span> <span class='ocrx_word' id='word_1_382' title='bbox 819 4551 843 4604; x_wconf 84' lang='grc'><strong>’1.</strong></span> <span class='ocrx_word' id='word_1_383' title='bbox 1250 4580 1255 4589; x_wconf 80' lang='lat'>-</span> 
     </span>
     <span class='ocr_line' id='line_1_44' title="bbox 384 4550 1318 4770; baseline 0.012 -89"><span class='ocrx_word' id='word_1_384' title='bbox 384 4635 422 4693; x_wconf 79' lang='lat'>(2)</span> <span class='ocrx_word' id='word_1_385' title='bbox 434 4630 797 4701; x_wconf 60' lang='lat' dir='ltr'>&amp;masinile-cinxit.</span> <span class='ocrx_word' id='word_1_386' title='bbox 1232 4550 1318 4770; x_wconf 62' lang='lat' dir='ltr'><em>r</em></span> 
     </span>
    </p>
   </div>
   <div class='ocr_carea' id='block_1_4' title="bbox 0 0 1394 5056">
    <p class='ocr_par' dir='ltr' id='par_1_11' title="bbox 0 0 1394 5056">
     <span class='ocr_line' id='line_1_45' title="bbox 0 0 1394 5056; baseline 0 0"><span class='ocrx_word' id='word_1_387' title='bbox 0 0 1394 5056; x_wconf 95' lang='lat' dir='ltr'> </span> 
     </span>
    </p>
   </div>
  </div>
 </body>
</html>
