2774 5056
361 312 418 375 DE
439 311 661 376 saoRIFlun
681 310 1056 375 PROPRIETauntus.
1229 316 1288 371 275

590 910 732 976 CAPUT
753 909 792 974 11.

295 1151 350 1207 DE
380 1152 638 1207 encelrlou
666 1150 1095 1206 PROPRIETATIBUS.

131 1374 183 1436 67.
219 1372 270 1432 Ex
296 1371 342 1430 his
371 1389 435 1444 quse
457 1369 603 1430 attulimus
631 1379 748 1428 vetustae
771 1368 839 1429 fidei
866 1367 1057 1438 documentis,
1072 1369 1148 1427 sicut
1170 1377 1199 1426 et
1219 1369 1292 1447 ipsis

89 1468 208 1528 Christi
222 1467 344 1528 Domini
367 1467 473 1536 verbis,
487 1467 577 1542 liquet
589 1485 694 1544 corpus
710 1467 773 1544 ejus
793 1475 823 1524 et
836 1466 1005 1543 sanguinem
1020 1483 1087 1523 vere
1104 1464 1169 1523 Deo
1183 1464 1294 1535 offerri,

87 1565 150 1631 sub
163 1564 318 1643 speciebus
331 1562 413 1640 panis
430 1563 538 1622 etvini.
580 1563 697 1641 Optime
711 1562 797 1640 igitur
818 1560 996 1620 Leibnitius:
1020 1571 1040 1598 ‘⁸
1053 1561 1112 1620 Res
1127 1562 1219 1621 oblata
1233 1564 1295 1622 sive

92 1663 213 1721 victima
226 1670 274 1720 aut
287 1661 382 1731 hostia
391 1671 435 1719 est
447 1660 511 1738 ipse
526 1659 671 1729 Christus,
683 1661 766 1738 cujus
779 1678 845 1719 caro
858 1671 888 1718 et
901 1658 1018 1737 sanguis
1032 1660 1085 1718 sub
1099 1660 1196 1736 specie
1216 1678 1296 1737 sym·

57 1818 60 1823 .
93 1759 230 1821 boloium
250 1760 349 1833 utique
363 1757 566 1818 immolationis
582 1767 667 1832 atque
690 1757 838 1816 libamenti
851 1755 979 1815 officium
1001 1757 1087 1815 subit.
1129 1758 1193 1815 Nec
1213 1757 1297 1816 video

95 1855 167 1933 quid
182 1856 230 1915 hic
240 1856 315 1916 desit
328 1855 364 1915 ad
376 1874 473 1915 veram
484 1856 617 1914 sacrificii
629 1855 766 1914 rationem
781 1872 789 1912 r
810 1853 911 1928 quidni
924 1855 1001 1913 enim
1016 1852 1045 1912 id
1059 1854 1136 1928 quod
1151 1855 1203 1913 sub
1218 1873 1299 1930 sym·

95 1953 172 2015 bolis
187 1972 314 2032 praesens
328 1962 383 2025 est,
396 1951 462 2012 Deo
475 1953 573 2013 offerri
587 1954 691 2030 possit,
707 1970 772 2011 cum
787 1950 865 2025 qnod
879 1952 932 2009 sub
945 1950 989 2009 his
1005 1953 1035 2011 in
1049 1953 1219 2011 eucharistia
1232 1971 1299 2012 con·

95 2053 213 2123 tinctor,
228 2051 265 2110 sit
276 2052 405 2111 omnium
418 2069 512 2110 rerum
528 2048 814 2129 pretiosissimum.'’¹
856 2048 1008 2126 anglicani
1021 2048 1152 2108 nonnulli
1163 2049 1221 2108 fere
1237 2067 1298 2108 ces·

97 2159 198 2210 serunt
211 2147 338 2208 veritatis
351 2148 501 2208 evidentia
517 2150 540 2208 :⁸
559 2147 656 2222 aliqua
669 2158 766 2207 tamen
787 2147 953 2225 adjicientes
980 2157 1011 2205 ut
1031 2147 1092 2206 suis
1113 2144 1296 2207 consulerent

98 2246 225 2326 placitis.

138 2348 189 2404 68.
209 2344 273 2412 Qua
296 2344 328 2403 in
354 2362 386 2403 re
406 2343 539 2402 sacrificii
559 2342 740 2402 eucharistici
765 2342 837 2400 ratio
857 2338 1057 2400 constituenda
1082 2343 1129 2408 sit,
1153 2343 1298 2416 quaeritur.

98 2442 322 2520 Anglicanorum
337 2443 478 2502 sententia
490 2460 554 2500 earn
567 2442 598 2499 in
619 2440 701 2519 panis
716 2440 817 2499 etvini
837 2439 991 2508 oblatione,
1006 2450 1146 2513 quatenus
1168 2440 1301 2516 symbola

48 2542 51 2547 '
97 2540 172 2600 fiunt
185 2539 314 2617 corporis
327 2548 357 2598 et
368 2539 517 2618 sanguinis
532 2537 653 2607 christi,
668 2536 867 2615 reponentium
888 2537 996 2596 absona
1017 2536 1101 2613 plane
1116 2548 1179 2596 est:
1203 2538 1301 2617 hujus·

98 2637 179 2699 modi
193 2638 272 2697 enim
295 2637 401 2697 oblatio
422 2637 525 2696 soreta
544 2654 664 2714 corpore
677 2630 750 2713 'ipso
770 2645 799 2693 et
818 2635 957 2712 sanguine
978 2632 1101 2703 diversa,
1123 2630 1152 2694 et
1180 2635 1301 2713 proinde

97 2745 272 2814 repugnaret
285 2734 371 2794 unico
386 2733 497 2793 Christi
517 2733 677 2802 sacrificio;
699 2751 753 2792 nec
767 2750 847 2790 mera
865 2732 1089 2810 representatim
1106 2733 1220 2793 victima
1233 2734 1302 2793 defi-

97 2835 204 2902 ciente,
225 2841 320 2911 potest
347 2833 519 2892 sacrificium
541 2832 649 2890 haberi.
705 2831 849 2908 'l'heologi
872 2831 948 2890 varie
969 2831 1095 2890 sentiunt
1121 2832 1157 2891 de
1179 2834 1304 2892 essentia

97 2930 235 2991 sacrificii
248 2929 439 2997 eucharistici,
449 2948 503 2989 nec
514 2930 597 2989 nobis
612 2929 767 3007 parotium
782 2928 849 2987 licet
863 2929 991 3006 singulas
1005 2930 1161 2988 sententias
1176 2950 1305 3008 perscru-

98 3027 164 3087 tari.
207 3027 307 3086 Placet
320 3026 368 3085 illa
382 3045 446 3100 que
460 3036 547 3085 totam
570 3027 601 3084 in
621 3026 836 3084 consecratione
851 3026 991 3104 agnoscit,
1006 3044 1072 3085 narn
1086 3026 1220 3087 Christus
1235 3038 1305 3088 tam·

99 3144 189 3205 qnam
206 3125 320 3183 victima
331 3144 457 3202 praesens
471 3125 513 3192 fit,
529 3124 650 3198 ideoque
663 3124 737 3192 Deo,
753 3125 817 3201 ipsa
830 3125 1052 3201 praesentiasua,
1064 3126 1174 3185 oblatus
1185 3146 1306 3186 censen·

97 3222 154 3282 dus
169 3232 225 3280 est.
268 3221 426 3295 Utriusque
446 3221 555 3298 speciei
581 3221 826 3279 consecrationem
844 3219 879 3277 ad
894 3222 1049 3279 essentiam
1069 3222 1202 3280 sacrificii
1218 3223 1302 3298 perti·

95 3337 170 3380 nere
179 3319 310 3397 plerique
319 3327 426 3388 tenent,
439 3317 553 3376 Colleto
565 3327 659 3376 tamen
670 3335 735 3375 curn
746 3315 808 3373 aliis
819 3315 1015 3384 dissentiente,
1027 3317 1087 3390 qui,
1097 3317 1165 3375 licet
1175 3318 1304 3377 divinum

94 3429 280 3496 preceptum
294 3426 429 3494 agnoscat
448 3428 597 3490 utramque
623 3415 750 3492 speciem
771 3410 967 3481 consecrandi,
989 3417 1143 3473 essentiam
1172 3415 1306 3474 sacrificii

92 3513 202 3575 ltaberi
216 3514 246 3572 in
257 3514 342 3572 unius
356 3512 454 3590 specie
467 3503 680 3572 consecratione
692 3519 780 3591 putat.
814 3508 899 3568 Hanc
910 3509 997 3568 nobis
1003 3509 1125 3568 arridere
1138 3510 1305 3587 opinionem

96 3608 182 3671 lraud
196 3608 372 3679 diffitemur3
395 3609 525 3683 quamvis
539 3609 618 3667 eninr
638 3626 696 3667 non
712 3606 793 3666 facile
809 3605 922 3665 Colleto
943 3606 1134 3666 assentiamur
1148 3607 1261 3667 docenti
1276 3608 1307 3667 in

93 3706 202 3769 divino
230 3707 281 3766 illo
308 3716 452 3786 praecepto
473 3705 633 3784 dispensari
654 3723 741 3783 posse
755 3706 789 3763 ab
811 3704 953 3773 Ecclesia,
976 3715 1094 3782 urgente
1123 3706 1304 3774 necessitate,

99 3805 243 3869 tamensi
257 3823 325 3863 casu
340 3805 386 3863 vel
399 3804 483 3882 culpa
496 3804 641 3882 contingat
654 3804 769 3862 alteram
784 3802 910 3880 speciem
923 3802 1056 3871 delicere,
1067 3817 1180 3880 peracta
1193 3805 1308 3863 alterius

109 3903 339 3972 consecratione,
362 3921 450 3977 quum
476 3902 622 3972 Christus,
650 3902 766 3961 victima
791 3911 896 3969 nostra,
918 3900 1002 3970 adsit,
1024 3903 1196 3964 sacrificium
1210 3903 1308 3962 haberi

96 4001 267 4080 opinamur.
305 3999 382 4059 (ium
397 3999 443 4058 De
456 4000 500 4058 La
511 3999 626 4077 Hogue,
641 3999 778 4067 Perrone,
791 3995 910 4072 aliisque
925 3998 1054 4075 plurimis
1064 4001 1307 4069 communionem,

96 4116 159 4158 seu
186 4096 355 4166 sacerdotis,
376 4115 428 4155 seu
457 4097 567 4175 populi,
588 4095 622 4154 ad
644 4095 776 4155 sacrificii
797 4095 949 4154 essentiam
977 4095 1053 4154 haud
1073 4115 1224 4157 censemus
1247 4114 1308 4173 per·

109 4194 212 4254 unere.

147 4370 187 4436 (1)
206 4368 316 4434 system.
328 4365 416 4419 Theol.
426 4383 452 4434 p.
460 4370 520 4418 285.

146 4455 186 4522 (2)
205 4460 220 4486 “
228 4453 307 4504 What
317 4453 376 4504 time
383 4452 444 4504 then
455 4469 483 4503 so
503 4452 532 4502 tit
542 4451 591 4502 end
602 4452 742 4502 seasoneble
752 4458 778 4502 tc
789 4451 919 4503 commend
930 4468 975 4504 our
991 4451 1118 4503 devotione
1129 4458 1191 4502 unto
1203 4450 1271 4510 Gon,
1283 4467 1310 4501 as

104 4535 183 4591 vtae
193 4539 235 4590 the
245 4536 328 4589 Laura
340 4538 370 4588 oi
377 4538 434 4589 Gon
446 4537 468 4588 is
484 4537 548 4588 alain
557 4553 626 4603 upon
637 4537 678 4588 the
695 4537 763 4602 Holy
774 4537 852 4587 Teble
861 4535 890 4588 2⁹⁹
925 4538 1006 4600 Mede,
1016 4537 1147 4605 presbyter,
1162 4532 1211 4588 lire
1226 4534 1311 4588 Ciris·

108 4619 168 4675 tius
182 4622 297 4693 aooifice
307 4622 368 4676 Mel.
379 4623 397 4676 i.
407 4622 433 4675 ii.
443 4621 510 4690 apud
521 4622 676 4675 oxonienses
692 4629 760 4675 tract.
768 4627 810 4686 81,
821 4639 846 4691 p.
860 4623 914 4674 lll.
