2812 5062
357 366 415 427 DE
437 366 574 428 SEXTO
594 364 774 428 JOANNIS
796 368 960 431 carlus.
1196 377 1251 435 133

56 518 197 582 Murmur
207 522 265 583 hoc
279 523 406 587 cohibuit
419 522 563 594 Christus,
578 544 685 600 eosque
698 525 764 586 ideo
778 526 854 587 haud
868 529 982 589 credere
996 529 1079 601 dixit,
1094 532 1162 606 quia
1174 532 1252 593 Patri

57 616 175 678 docenti
188 621 307 680 interius
321 641 380 682 uon
393 622 589 682 obaudiebant.
631 623 737 684 Iterum
758 644 790 683 se
810 645 914 703 panem
928 627 992 685 vitoe
1013 646 1077 687 esse
1092 628 1251 699 affirmavit,
1312 665 1315 672 ·

58 723 89 772 et
102 714 175 774 facta
189 717 234 775 sui
247 736 313 776 cum
324 738 429 778 manna
440 718 601 788 collatione,
616 719 741 779 ostendit
752 721 835 780 morti
850 709 1026 800 subjacuisse
1042 724 1091 797 qui
1112 725 1167 783 boc
1180 725 1252 784 oiim

61 812 258 884 vescebantur,
281 835 313 875 se
332 816 431 877 verde
451 818 524 877 coelo
543 817 736 887 descendisse,
751 831 782 877 ut
802 819 909 894 quiex
929 811 964 880 eo
985 820 1175 891 manducaret,
1197 824 1255 882 vita

59 909 200 969 frueretur
223 922 336 972 aeterna.
376 914 466 974 Suam
490 914 582 993 ipsius
607 933 721 973 carnem
747 914 952 975 comedendam
976 917 1006 976 in
1030 917 1132 976 animae
1157 919 1253 978 cibum

58 1006 173 1067 tandem
197 1011 357 1087 perspicuis
381 1012 472 1071 verbis
487 1011 653 1070 enuntiavit.
694 1011 854 1071 Verissime
868 1004 962 1091 'igitur
981 1012 1083 1072 dicitur
1103 1016 1253 1074 occasione

58 1104 153 1182 panis,
169 1124 226 1179 quo
240 1107 404 1167 reficiuntur
416 1126 547 1187 corpora,
561 1126 630 1168 usus
645 1118 761 1177 esse,·ut
774 1106 809 1166 de
818 1109 882 1167 cibo
896 1109 997 1168 auimae
1009 1109 1188 1183 loqueretur3
1203 1109 1255 1168 sed

60 1203 155 1276 qualis
169 1206 206 1263 sit
220 1205 267 1263 illo
281 1207 361 1266 cibus
383 1207 449 1286 ipso
469 1207 589 1267 docente
610 1207 757 1267 discimus.
800 1206 933 1267 Proiectd
947 1208 973 1267 si
993 1208 1028 1267 de
1050 1208 1176 1269 doctrina
1191 1208 1249 1269 tide

59 1300 231 1378 excipienda
244 1302 366 1363 voluerit
377 1304 467 1379 loqui,
483 1306 589 1379 absque
601 1304 660 1365 ulla
670 1324 756 1364 causa
769 1304 878 1384 figuris,
892 1306 1022 1379 aquibus
1037 1304 1107 1365 adeo
1122 1305 1253 1365 abhorre·

59 1396 127 1455 bant
142 1398 295 1470 auditores,
310 1419 380 1461 usus
395 1401 484 1461 fuisse
500 1401 666 1462 videbitur.²

101 1491 169 1572 ooj.
184 1499 213 1554 2.
235 1495 281 1554 De
295 1495 352 1555 fide
377 1497 456 1575 prius
477 1498 589 1557 locutus
604 1507 648 1557 est
662 1497 815 1556 Christus:
837 1496 923 1575 igitur
936 1497 1069 1556 transitus
1089 1496 1123 1555 ad
1146 1497 1253 1557 oralem

59 1589 309 1652 manducationem
323 1611 380 1652 nou
394 1603 439 1652 est
451 1592 652 1662 admittendus,
668 1592 825 1671 prasertim
846 1611 935 1667 quum
960 1593 1042 1670 panis
1063 1593 1126 1670 ipse
1147 1592 1256 1657 dicatur

59 1703 95 1744 eo
122 1685 190 1756 ioci,
218 1687 248 1748 iu
275 1707 334 1763 quo
364 1689 400 1749 de
430 1689 486 1749 fide
514 1691 598 1768 plane
622 1691 723 1769 agitur,
745 1701 773 1748 et
802 1707 819 1748 e
848 1689 922 1747 coelo
952 1688 1144 1756 descendisse,
1166 1706 1255 1764 quum

58 1782 200 1859 oaro·ejus
210 1801 249 1842 ex
262 1794 342 1844 utero
356 1785 485 1864 Virginis
499 1787 537 1844 sit
549 1786 682 1853 derivata.

97 1878 190 1959 Reap.
212 1881 317 1941 Totius
344 1884 492 1943 concionis
516 1883 626 1943 christi
648 1882 779 1941 materies
800 1881 852 1941 tuit
865 1881 967 1941 uuimoe
989 1882 1080 1949 cibus,
1104 1881 1256 1943 occasions

57 1988 174 2057 sumpta
188 1997 225 2038 ax
240 1982 367 2059 corporis
381 1982 565 2041 nutrimento.
606 1981 652 2040 De
666 1980 722 2039 fide
737 1980 804 2058 egit,
818 1988 963 2054 tamquam
975 1978 1137 2039 conditione
1150 1990 1181 2039 et
1190 1982 1256 2039 sub·

56 2075 133 2135 sidio
148 2076 184 2136 ad
204 2076 285 2136 illum
308 2079 522 2156 percipiendum
545 2080 651 2138 cibum.
693 2079 790 2147 Quum
814 2078 938 2155 priruuru
959 2096 990 2135 se
1015 2096 1118 2155 panem
1141 2078 1254 2148 dixerit,

56 2172 259 2253 intelligendus
269 2175 378 2236 videtur
386 2177 422 2236 de
436 2197 467 2236 se
477 2178 506 2237 in
515 2179 609 2237 cibum
620 2177 721 2236 animae
730 2175 881 2245 sumendo,
892 2176 1022 2250 quamvis
1032 2195 1087 2250 qua
1101 2177 1209 2235 ratione
1223 2176 1253 2236 id

55 2272 140 2332 tieret
149 2290 208 2333 nou
223 2275 317 2333 statim
332 2277 483 2354 aperuerit.
525 2276 669 2334 Caetarum
684 2273 891 2352 progrediendo
906 2273 975 2333 illud
997 2274 1146 2354 manifesti
1161 2274 1255 2333 decla·

57 2368 140 2428 ravit.
185 2369 307 2429 Constat
321 2371 405 2451 igitur
419 2372 474 2431 sibi
499 2380 556 2431 tota
580 2371 680 2438 oratio,
696 2388 759 2443 quae
780 2367 815 2426 de
839 2366 903 2427 cibo
925 2369 1113 2427 eucharistico
1134 2381 1186 2438 est,
1201 2368 1255 2428 sub

57 2467 214 2527 involucris
238 2470 373 2548 primum,
388 2469 526 2547 deinceps
551 2468 625 2528 clare
651 2467 804 2545 promisso.
845 2466 923 2524 Vero
949 2465 1050 2524 dicitur
1076 2467 1156 2543 panis
1181 2466 1256 2526 coelo

47 2561 204 2643 delapsus,
220 2567 350 2639 quamvis
373 2566 449 2626 euim
472 2584 538 2625 caro
552 2564 661 2623 Christi
676 2582 713 2622 ex
727 2573 808 2621 utero
823 2562 920 2621 matris
934 2561 1083 2640 desumpta
1097 2563 1143 2631 sit,
1159 2562 1256 2623 divina

58 2659 182 2740 dignitas
195 2681 336 2739 personoe,
349 2683 415 2723 cnm
438 2682 494 2738 qua
507 2663 699 2740 conjungitur,
715 2659 791 2728 facit,
805 2668 837 2718 ut
850 2657 886 2717 do
900 2678 935 2717 ea
951 2658 1119 2738 predicetur
1130 2661 1254 2718 coelestis

59 2759 106 2818 illa
119 2760 203 2837 origo
218 2780 226 2818 ε
248 2762 434 2839 proprietates
448 2763 526 2821 enim
541 2763 688 2835 utriusque
708 2768 814 2818 naturae
829 2757 864 2816 de
878 2776 1001 2835 persona
1024 2759 1075 2817 rite
1102 2759 1256 2836 pradican-

58 2864 113 2924 tur,
129 2855 208 2915 etde
222 2859 329 2916 naturis
342 2859 377 2918 in
391 2865 533 2927 concreto,
544 2859 629 2936 juxta
642 2855 878 2914 scholasticorum
892 2872 1063 2914 sermonem.

100 2948 171 3030 obj.
187 2955 216 3009 3.
239 2951 316 3011 Tota
342 2954 391 3013 illa
412 2954 447 3013 de
469 2955 533 3013 cibo
554 2953 665 3012 coelesti
685 2951 774 3010 oratio
802 2950 921 3027 figurata
941 2952 1024 3028 piane
1045 2962 1098 3019 est,
1114 2953 1153 3011 uti
1168 2970 1204 3011 ex
1219 2953 1254 3011 iis

58 3049 153 3108 verbis
180 3058 266 3125 putet,
292 3051 395 3124 quibus
411 3052 631 3129 promissionem
647 3047 786 3108 contineri
807 3048 932 3106 maxime
955 3048 1064 3125 jactant
1091 3048 1253 3115 Catholicis

59 3155 79 3183 ‘⁴
91 3145 177 3223 panis
188 3163 274 3219 quem
285 3166 340 3225 ego
354 3147 437 3216 dabo,
452 3167 518 3208 caro
529 3167 592 3207 meu
604 3156 648 3206 est
661 3164 713 3224 pro
728 3143 827 3202 mundi
841 3145 898 3203 vita
909 3143 954 3202 :”¹¹
965 3145 1010 3203 vel
1023 3156 1054 3202 ut
1062 3144 1147 3202 habet
1161 3155 1255 3205 textus

59 3244 202 3303 Graecus:
222 3247 310 3320 ἥνέγὼ
320 3248 388 3303 δώσω
397 3252 459 3318 ὑπὲρ
471 3250 518 3318 τῆς
527 3249 573 3302 τοῦ
583 3247 675 3317 κόσμου
686 3249 756 3321 ζωῆς.
796 3241 854 3301 His
872 3243 977 3313 verbis,
989 3242 1032 3301 uti
1055 3243 1128 3300 bene
1142 3242 1257 3302 adnotat

60 3341 273 3410 Rosenmidior,
298 3339 429 3417 indigitat
451 3348 572 3395 mortem
599 3356 699 3406 suam;
723 3338 823 3409 “fore,
847 3350 929 3398 utex
944 3350 1035 3399 morte
1057 3359 1109 3398 sua
1131 3340 1257 3399 maxima

62 3441 162 3518 generi
176 3440 301 3498 humano
315 3437 455 3496 orirentur
468 3434 655 3492 beneficia.’'⁸

98 3536 190 3618 Resp.
212 3536 375 3614 Figuratum
391 3530 468 3591 illam
484 3531 651 3600 orationem,
668 3550 753 3607 quam
768 3533 956 3593 Rationalista
976 3543 1042 3610 post
1061 3533 1256 3592 Protestantes

62 3634 133 3696 adeo
147 3634 327 3694 manifestam
341 3639 449 3699 censet,
461 3648 616 3708 agnoscere
630 3649 688 3688 non
703 3650 868 3708 possumus,
884 3629 1001 3689 Christo
1011 3642 1086 3689 tanta
1100 3650 1164 3689 cum
1180 3650 1257 3689 asse·

62 3733 205 3793 vetatione
233 3748 347 3790 carnem
376 3747 458 3787 suam
483 3746 514 3786 se
537 3725 666 3785 daturum
691 3727 853 3805 profitente.
895 3727 926 3787 Si
942 3728 971 3788 iu
986 3746 1118 3787 sermone
1133 3727 1167 3786 de
1182 3747 1256 3806 pane

61 3829 246 3896 constitisset,
261 3825 455 3904 interpretatio
470 3823 595 3902 -figurata
608 3825 865 3885 verosimilitudine
879 3844 938 3885 nou
953 3835 1079 3893 careret;
1101 3824 1153 3884 sed
1166 3844 1255 3900 quum

63 3947 176 3987 carnem
191 3927 329 3993 nominet,
344 3933 373 3982 et
394 3922 616 4000 repugnantibus
626 3921 746 3993 Judaeis,
761 3924 905 3983 interitum
919 3942 982 3982 earu
1004 3942 1061 3982 non
1077 3923 1257 3983 manducanti

64 4023 198 4091 minetur,
211 4022 361 4099 ignoscant
379 4018 462 4077 nobis
477 4018 669 4077 Protestantes
691 4029 720 4077 et
743 4019 948 4088 Rationalistoe,
975 4017 1153 4077 credentibus
1177 4018 1257 4078 nullo

62 4131 144 4197 pacto
171 4118 337 4195 contingere
351 4114 477 4194 potuisse
500 4128 531 4172 ut
546 4113 719 4174 auditoribus
733 4115 902 4176 offensionis
916 4126 945 4174 et
958 4114 1126 4194 perditionis
1141 4132 1257 4177 cauum

95 4278 139 4345 (1)
159 4283 174 4309 ⁸⁴
182 4276 206 4327 It
216 4283 283 4326 must
292 4276 323 4325 ba
333 4273 428 4334 owned,
439 4270 526 4324 thatif
538 4288 583 4323 our
594 4272 703 4334 Saviour,
713 4274 747 4338 by
758 4271 837 4325 men's
847 4273 930 4336 sating
940 4272 980 4324 bis
995 4272 1064 4332 flssb,
1076 4272 1125 4324 aud
1141 4272 1257 4336 drinking

61 4365 99 4417 his
109 4363 191 4424 blood,
202 4371 286 4414 meant
296 4360 404 4430 nothing
414 4361 458 4410 but
472 4375 500 4409 so
510 4359 638 4410 obviousa
655 4360 727 4424 thing
737 4377 765 4411 as
781 4359 905 4422 receiving
920 4359 972 4410 him
989 4358 1038 4410 and
1054 4358 1095 4410 his
1105 4359 1213 4409 doctrine
1223 4359 1257 4423 by

59 4451 121 4503 saith
130 4449 179 4501 and
189 4449 326 4511 obediencs,
335 4449 367 4500 he
377 4446 473 4499 clothed
484 4445 522 4495 his
533 4445 650 4507 thoughts
660 4445 688 4496 in
698 4454 763 4498 most
772 4446 904 4498 unnuurai
911 4443 1056 4510 lengum?
1090 4444 1133 4496 Dr·
1144 4443 1256 4496 Johnson

59 4539 100 4591 eit.
111 4555 128 4589 a
138 4537 233 4596 Moero,
244 4536 346 4588 Transis
356 4536 384 4588 of
392 4551 425 4587 an
435 4532 498 4585 In'sh
509 4532 664 4594 Gentloman,
672 4549 695 4585 o.
704 4533 758 4585 xiii.

96 4621 137 4690 (a)
157 4625 187 4670 v.
199 4624 241 4670 so.

98 4710 140 4776 (8)
160 4706 192 4757 In
203 4706 293 4757 iocum.

188 4774 265 4833 Vos..
285 4771 419 4835 lue-12
