2774 5056
136 250 181 366 42Ι
498 307 553 366 DE
575 305 695 367 MODO
716 306 979 370 BAPTIZANDI.

137 465 194 523 tico
208 465 373 538 sanctificati
389 473 465 533 sunt,
479 465 572 524 curin
586 464 642 524 tide
656 485 708 525 sna
718 475 747 523 et
759 466 877 526 Domini
888 466 1063 546 indulgentis
1076 463 1333 527 scandalizentur?

134 561 180 619 An
193 562 339 621 consecuti
348 572 414 620 sont
427 561 541 636 quidem
552 563 668 639 gratiam
680 562 872 632 Dominicam,
886 564 936 622 sed
948 566 1074 623 breviore
1089 577 1117 622 et
1126 565 1237 623 minore
1253 581 1333 620 men·

138 677 205 716 sura
219 661 343 718 muneris
364 658 453 718 divini
475 679 508 718 ac
529 661 651 738 Spiritus
673 660 780 728 Sancti,
797 671 826 719 ut
846 662 1001 720 habeantur
1021 661 1136 736 quidem
1152 660 1332 726 Christiani,

138 776 196 816 non
230 758 286 816 sint
318 765 412 818 tamem
445 759 553 816 ceteris
587 757 793 832 adequandil’'
849 759 883 819 ld
918 760 1006 818 veluti
1040 760 1195 819 absurdum
1231 758 1333 822 meritd

140 853 241 933 rejicit.

180 956 228 1012 69.
250 953 282 1011 S.
297 955 488 1012 Auous'rruus
503 955 558 1011 ait:
582 953 680 1012 “Hoc
694 954 811 1012 verbnm
835 952 902 1012 lidci
929 965 1036 1016 tanturn
1059 955 1134 1012 valet
1153 955 1184 1014 in
1198 954 1333 1013 Ecclesia

135 1050 207 1119 Dei,
222 1061 254 1109 ut
266 1070 318 1129 per
331 1052 424 1129 ipsum
437 1051 609 1120 credentem,
633 1052 809 1120 offerentem,
824 1052 1049 1122 benedicentem,
1074 1056 1231 1130 tingentem
1247 1053 1332 1110 etiarn

141 1148 280 1206 tantillum
288 1148 406 1208 mundet
416 1149 595 1208 infantem.”²
616 1150 704 1228 Ergo,
713 1147 810 1226 judice
820 1149 993 1226 Augustino,
1004 1151 1103 1208 tinctio
1115 1150 1335 1224 qualiscumque

140 1261 193 1322 per
205 1243 273 1302 fidei
293 1245 419 1313 verbum,
434 1246 642 1304 invocationem
657 1246 766 1303 scilicet
788 1245 948 1313 Trinitatis,
969 1245 1105 1305 infantem
1121 1246 1253 1314 mundat,
1268 1248 1334 1319 qnia

142 1349 185 1399 est
199 1359 282 1398 uerus
297 1342 467 1419 baptismus.

189 1437 358 1497 Consonum
372 1440 504 1513 equidem
525 1449 584 1497 erat
601 1439 704 1497 divinae
720 1440 816 1516 pietati
831 1439 1041 1498 Sacramentum
1054 1439 1126 1497 adco
1139 1439 1334 1498 necessarium

143 1535 181 1592 ita
195 1535 340 1592 instituere
364 1546 396 1593 ut
419 1535 500 1594 facile
527 1536 619 1612 possit
646 1536 764 1611 suscipi,
792 1535 947 1610 prasertim
974 1535 1003 1592 in
1034 1536 1133 1593 mortis
1159 1535 1335 1593 discrimine.

138 1632 291 1692 innumera
304 1643 396 1692 autem
411 1645 477 1692 sunt
497 1653 590 1693 rerum
606 1633 737 1711 adjuncta
757 1634 786 1691 in
808 1633 911 1705 quibus
935 1634 1083 1695 immersio
1101 1633 1164 1691 fieri
1179 1652 1239 1692 non
1261 1635 1336 1696 valet

143 1731 227 1790 etiarn
242 1741 322 1790 extra
333 1732 431 1790 mortis
444 1731 611 1809 periculum.

533 1943 729 1984 OBJECTIONES
751 1944 936 1984 ntnnunnnn.

179 2091 228 2146 70.
265 2084 331 2164 obj.
356 2089 382 2144 l.
403 2086 541 2163 Aspersio
555 2094 583 2142 et
603 2082 707 2142 infusio
729 2085 834 2158 absque
856 2084 914 2142 nlla
933 2084 1144 2160 scripturarum
1170 2084 1337 2143 auctoritate

139 2183 261 2242 iuductae
272 2192 348 2241 sunt.

177 2278 267 2356 Renp.
289 2276 411 2345 Quando
425 2277 515 2354 agitur
526 2276 560 2335 de
576 2277 629 2334 ritu
645 2296 662 2333 a
676 2275 792 2334 Christo
812 2276 949 2344 instituto,
962 2276 1029 2333 satis
1043 2287 1087 2334 est
1101 2276 1253 2335 ostendere
1270 2295 1336 2351 quae
1357 2294 1379 2353 J,

138 2379 175 2437 sit
188 2375 364 2437 consuetudo
375 2386 403 2434 et
412 2394 493 2434 mens
505 2377 588 2434 totius
599 2374 750 2442 Ecclesiae,
760 2375 832 2432 hanc
844 2375 919 2432 enim
932 2375 1012 2432 nobis
1025 2376 1228 2434 commendant
1238 2376 1337 2452 Scrip·
1362 2356 1378 2443 ‚¹

37 2479 40 2483 '
139 2485 208 2552 turae
243 2474 330 2532 veluti
357 2474 519 2531 columnam
548 2483 576 2529 et
607 2471 816 2529 firmamentum
832 2471 966 2540 veritatis.
1008 2471 1208 2548 lnScripturis
1236 2473 1368 2530 nullibi

138 2571 298 2648 perspicuis
319 2571 411 2626 verbis
424 2569 539 2626 traditur
560 2567 715 2643 Apostolos
736 2567 879 2624 infusione
901 2567 946 2625 vel
966 2569 1130 2644 aspersione
1158 2570 1335 2646 baptizasse.
1373 2578 1377 2583 '

109 2646 113 2663 ⁸
141 2667 285 2725 Caeterum
314 2685 373 2724 non
399 2666 628 2722 invcrosirniliter
655 2665 804 2740 conjicitur
829 2668 950 2722 carceris
965 2666 1111 2724 custodem
1126 2687 1192 2726 cum
1208 2668 1269 2725 suis
1297 2669 1338 2725 ita

139 2766 323 2842 baptizatum,
348 2781 415 2820 narn
439 2772 457 2798 ‘⁶
471 2763 499 2819 in
522 2763 569 2819 illa
591 2762 659 2819 hora
686 2761 807 2828 noctis,”
831 2763 859 2819 in
883 2781 938 2835 qua
957 2765 1173 2841 expergefactus
1198 2777 1252 2832 est,
1270 2779 1338 2843 post

36 2926 38 2933 ¹
139 2863 309 2921 concionem
323 2880 339 2916 a
352 2859 453 2927 Paulo,
469 2868 488 2894 ‘⁸
499 2859 656 2934 baptizatus
672 2871 715 2916 est
729 2859 791 2935 ipse
807 2871 834 2916 et
848 2861 942 2917 omnis
957 2860 1058 2920 domus
1073 2863 1135 2939 ejus
1150 2863 1338 2921 continuo.’'⁹

140 2959 213 3018 Haec
228 2957 359 3035 adjuncta
374 2975 431 3014 non
446 2955 566 3013 suadent
576 2974 625 3012 eos
641 2951 728 3013 luisse
743 2957 902 3014 immersos.
939 2957 983 3015 De
999 2959 1086 3016 tribus
1097 2960 1223 3017 millibus
1240 2961 1335 3019 homi·

134 3076 219 3125 num,
235 3057 285 3130 qui
304 3056 381 3114 Petri
393 3056 529 3112 concione
545 3053 578 3110 ad
599 3054 770 3130 baptismum
786 3054 967 3127 quaerendnrn
984 3058 1053 3114 moti
1067 3068 1142 3124 sunt,
1166 3058 1233 3115 licet
1248 3061 1335 3118 etiarn

141 3157 282 3232 conjicere
298 3173 420 3212 coenon
440 3153 528 3210 fuisse
549 3153 714 3210 immersos:
738 3162 757 3188 “
771 3154 819 3226 qui
833 3173 899 3230 ergo
914 3167 1080 3231 receperunt
1094 3174 1257 3214 sermonem
1273 3159 1337 3235 ejns

140 3253 275 3330 baptizati
300 3261 376 3317 sunt,
397 3261 426 3308 et
448 3251 584 3327 appositae
600 3262 666 3307 sunt
687 3251 714 3307 in
737 3249 782 3308 die
796 3251 845 3308 illa
865 3252 965 3323 animae
987 3253 1098 3311 circiter
1118 3255 1171 3311 tria
1199 3253 1339 3312 millia.''³

117 3352 285 3424 ‘Ceterum
310 3351 382 3408 nibil
409 3351 477 3407 certi
500 3350 635 3416 affirnare,
660 3351 759 3407 silente
784 3353 938 3428 Scriptura,
968 3354 1121 3423 volumus3
1150 3354 1239 3428 idque
1266 3359 1337 3415 satis

140 3449 250 3508 homini
273 3448 427 3506 christiano
451 3466 514 3504 esse
538 3446 683 3512 duximus,
707 3447 929 3507 infusionemet
955 3453 1149 3527 aspersionem
1174 3452 1335 3514 adhibitam

68 3616 71 3627 ,
116 3547 117 3550 ’
141 3547 259 3604 vetustis
274 3546 448 3623 temporibus
460 3544 571 3602 tandem
585 3543 748 3612 invaluisse,
761 3547 895 3621 probante
906 3547 1048 3617 Ecclesia,
1059 3548 1227 3624 praesulibns
1242 3553 1337 3630 Apos-

58 3698 63 3723 .·
143 3641 264 3698 tolonum
286 3641 496 3705 successoribus
518 3641 714 3707 annuentibus,
727 3643 828 3714 quibus
838 3662 869 3701 se
879 3643 1011 3701 Christus
1031 3644 1190 3703 adiuturum
1202 3649 1339 3724 promisit

48 3734 59 3807 j
142 3735 305 3810 baptizandi
326 3754 444 3791 munere
459 3736 638 3812 iungentibus
651 3755 740 3808 usque
756 3738 789 3794 ad
811 3740 1089 3798 consummationem
1105 3741 1212 3799 sacculi.
1259 3743 1379 3807 Cum.

145 3832 304 3908 Augustino
329 3833 423 3903 itaque
448 3831 586 3889 dicimus:
620 3833 887 3894 “Insolentissimae
913 3835 1029 3893 insaniae
1059 3849 1102 3894 est
1118 3837 1265 3915 disputare
1296 3820 1379 3925 an'j}

41 3938 46 4005 ᾗ
145 3926 302 3997 laciendum
318 3928 355 3983 sit
369 3926 444 3999 quod
459 3938 516 3985 tota
531 3949 580 4004 per
594 3930 688 3987 orbem
701 3931 858 4004 frequentat
872 3932 1048 3990 Ecclesia.'’⁴
1356 3928 1379 3937 '⁶

44 4012 56 4105 l
186 4029 234 4083 ut.
260 4022 325 4102 obj.
347 4029 376 4080 2.
398 4023 583 4102 Baptiznudi
597 4046 652 4084 vox
662 4024 792 4092 βαπτίζειν
807 4030 976 4088 mersionem
991 4025 1236 4112 significat,juxta
1250 4055 1336 4098 usum

552 4183 577 4249 1)
598 4183 671 4232 Trnct
682 4185 750 4232 lxxx.
766 4185 791 4234 in
804 4186 873 4236 Joan.

597 4268 651 4316 Act.
663 4268 712 4316 xvi.
724 4270 775 4336 33..

554 4270 568 4313 a

554 4275 747 4420 dmum

541 4189 549 4242 l

541 4267 551 4330 (

540 4354 551 4417 (

464 4499 465 4502 Ἴ
543 4438 584 4503 (4)
605 4439 652 4504 Ep.
663 4456 682 4488 c.
695 4439 761 4488 xviii.
