2774 5056
154 307 215 364 ata
361 306 419 368 DE
439 304 788 369 succurrimus
807 305 1144 370 uucuams’rtait

1133 785 1140 815 i

633 800 773 911 utPuT
793 849 862 910 XV.

309 1086 367 1139 litt
394 1086 795 1141 sustinuerimus
822 1084 1189 1139 uuonattIsuuAM.

190 1318 258 1374 tat.
280 1313 491 1375 Eucharistiam
505 1316 620 1377 nonnisi
633 1333 651 1372 a
663 1314 815 1391 baptizatis
834 1315 998 1376 hominibus
1011 1313 1233 1391 suscipiendam
1247 1313 1348 1375 docuit

152 1410 171 1471 J
174 1413 303 1472 ustinus:
326 1422 346 1450 “
357 1413 450 1492 Cujus
464 1414 574 1473 nemini
585 1413 633 1473 alii
643 1412 710 1470 licet
722 1430 787 1471 esse
801 1413 943 1492 participi,
954 1413 1011 1472 nisi
1023 1411 1073 1487 qui
1087 1411 1185 1472 eredat
1200 1433 1270 1474 vera
1281 1432 1349 1473 esse

151 1528 215 1584 quae
228 1511 374 1580 docemus,
389 1522 472 1585 atque
493 1511 544 1570 illo
570 1510 606 1570 ad
626 1510 826 1570 remissionem
846 1523 1028 1589 peccatorum
1048 1520 1078 1572 ct
1098 1512 1349 1589 regenerationem

151 1610 263 1669 lavacro
277 1610 387 1669 ablutus
401 1609 495 1677 fuerit,
510 1618 539 1669 et
552 1609 591 1668 ita
604 1609 680 1667 vivat
692 1618 724 1667 ut
738 1608 871 1669 Christus
885 1609 1045 1670 tradidit.”²
1075 1611 1108 1672 ld
1123 1628 1288 1671 consonum
1301 1621 1350 1670 eat

147 1707 184 1766 iis
198 1725 262 1781 qua
274 1706 359 1764 resert
371 1706 476 1775 Lucas,
491 1707 632 1785 baptismo
646 1705 770 1765 initiatos
791 1725 855 1766 esse
869 1725 919 1766 eos
934 1707 985 1781 qui
1000 1708 1087 1770 Petro
1100 1708 1294 1768 concionante
1306 1707 1345 1768 ad

146 1802 233 1863 tidem
255 1805 386 1864 conversi
407 1815 483 1873 sunt,
498 1823 571 1878 quos
591 1802 727 1882 deinceps
748 1807 831 1883 panis
853 1805 1000 1876 fractione,
1025 1807 1206 1867 eucharistias
1229 1807 1344 1867 seilicet

147 1903 340 1982 perceptione,
354 1901 473 1963 donatos
488 1921 552 1962 esse
566 1912 691 1963 testatur.
721 1903 863 1963 Luthems
878 1923 929 1983 pro
940 1923 1018 1965 more
1032 1905 1200 1984 paradoxon
1211 1905 1343 1966 tradidit:

151 2000 299 2079 “Optima
311 1999 463 2078 dispositio
475 2011 519 2060 est
539 2000 654 2061 nonnisi
667 2019 712 2070 ea,
727 2019 784 2075 qua
803 2001 930 2080 pessime
949 2021 981 2061 es
1002 2002 1158 2082 dispositus
1171 2023 1181 2073 ;
1201 2013 1231 2063 et
1243 2021 1261 2062 e
1274 2022 1347 2063 con·

150 2098 234 2158 trario
247 2109 314 2157 tunc
328 2098 453 2176 pessimo
467 2116 499 2156 es
513 2096 679 2176 dispositus,
694 2098 808 2172 quando
821 2099 929 2176 optime
943 2118 975 2158 es
989 2100 1195 2179 dispositus.”¹
1233 2085 1342 2162 Conci·

145 2195 217 2255 lium
231 2193 431 2254 Tridentinum
445 2203 567 2254 econtra
579 2193 680 2254 docet:
702 2202 722 2232 ‘¹
733 2192 956 2254 communicare
967 2195 1074 2257 volenti
1087 2195 1281 2256 revocandum
1293 2206 1342 2256 est

145 2295 176 2360 in
196 2293 363 2353 memoriam
383 2294 445 2370 ejus
465 2303 657 2372 preceptum:
681 2293 800 2371 ‘probet
818 2301 913 2352 autem
934 2293 1064 2372 seipsum
1083 2292 1194 2355 homo.’
1235 2293 1341 2355 Eccle-

145 2394 259 2453 siastica
272 2402 365 2453 autem
380 2391 556 2452 consuetudo
569 2391 701 2461 declarat,
715 2392 988 2470 comprobationem
1002 2393 1194 2452 necessariam
1213 2410 1292 2463 esse,
1306 2397 1340 2455 ut

147 2490 241 2550 nullus
255 2490 310 2549 sibi
324 2490 455 2549 conscius
477 2489 585 2566 peccati
606 2488 742 2557 mortalis,
758 2489 939 2562 quantumvis
960 2489 1015 2547 sibi
1036 2489 1174 2547 contritus
1195 2487 1339 2558 videatur,

105 2583 109 2591 ’
145 2588 252 2661 absque
266 2587 413 2664 praemissa
427 2585 620 2643 sacramentali
631 2585 811 2643 confessione
823 2585 858 2642 ad
869 2604 977 2643 sacram
989 2585 1187 2645 eucharistiam
1201 2586 1335 2646 accedere

146 2683 266 2742 debeat:
288 2682 394 2755 quoda
409 2681 580 2740 Christianis
595 2683 737 2750 omnibus,
752 2683 836 2740 etiam
851 2683 934 2741 abiis
948 2682 1153 2751 sacerdotibus,
1169 2684 1275 2757 quibus
1296 2703 1334 2743 ex

147 2781 242 2841 officio
256 2779 394 2838 incumbit
407 2777 557 2846 celebrare,
572 2778 634 2836 haec
654 2788 751 2839 sancta
771 2779 907 2857 Synodus
928 2790 1066 2858 perpetuo
1087 2779 1257 2841 servandam
1273 2801 1336 2841 esse

146 2877 279 2945 decrevit,
302 2874 387 2934 modo
412 2894 469 2933 nou
493 2874 567 2934 desit
590 2877 661 2953 ipsis
686 2877 769 2954 copia
790 2877 981 2944 confessoris;
1010 2876 1087 2951 quod
1112 2878 1139 2935 si
1164 2881 1333 2939 necessitate

147 2982 265 3054 urgente
285 2971 415 3031 sacerdos
437 2973 543 3045 absque
568 2974 672 3050 praevia
696 2974 876 3032 confessione
900 2974 1092 3042 celebraverit,
1113 2977 1331 3056 *quamprimum

146 3069 358 3133 confiteatur.'’³
397 3069 556 3128 Anathema
568 3070 653 3128 etiam
666 3069 729 3129 tulit
740 3071 769 3129 in
782 3071 901 3130 Lutheri
916 3090 1040 3130 errores:
1064 3072 1128 3129 “Si
1142 3074 1207 3146 quis
1219 3073 1332 3144 dixerit,

149 3171 194 3231 vel
206 3170 381 3249 praecipuum
395 3166 516 3226 fructum
530 3168 715 3226 sanctissimae
736 3169 912 3227 eucharistiae
927 3187 991 3226 esse
1011 3169 1213 3230 remissionem
1236 3191 1333 3248 pecca·

148 3282 251 3338 torum,
273 3264 318 3325 vel
332 3284 368 3324 ex
388 3283 423 3322 ea
435 3282 493 3323 non
507 3264 578 3323 alios
592 3264 710 3324 effectus
731 3267 890 3343 provenire,
906 3265 1055 3325 anathema
1066 3264 1150 3323 sit.”⁴
1191 3268 1256 3325 “Si
1271 3269 1333 3342 quis

147 3368 259 3436 dixerit,
273 3364 363 3425 solam
375 3362 460 3421 fidem
472 3361 659 3421 sufficientem
671 3364 903 3439 praeparationem
915 3362 948 3421 ad
963 3361 1134 3421 sumendum
1145 3367 1331 3425 sanctissima

146 3466 323 3526 eucharistiae
338 3464 552 3521 Sacramentum
563 3479 576 3529 3·
593 3461 744 3520 anathema
757 3460 842 3519 sit.”⁶

185 3569 253 3624 322.
269 3561 413 3636 Equidem
427 3559 559 3637 Apostoli
570 3559 710 3618 monitum
722 3559 757 3617 de
771 3560 952 3619 conscientia
966 3559 1294 3638 indagine-imperim
1305 3567 1329 3620 δε

143 3669 265 3733 ἅνθρωπος
275 3657 521 3715 amc-mundi
534 3675 637 3734 magna
650 3657 738 3715 animi
751 3657 870 3735 puritate
882 3677 955 3735 opus
969 3677 1043 3726 esse,
1056 3669 1086 3715 ut
1098 3657 1162 3731 quis
1174 3655 1209 3713 ad
1224 3665 1330 3713 tantum

145 3757 358 3815 Sacramentum
372 3774 470 3814 secure
484 3754 607 3813 accedat.
642 3755 675 3813 ld
688 3755 778 3829 liquet
791 3773 828 3814 ex
841 3755 860 3814 J
863 3757 949 3814 ustini
962 3757 1055 3815 verbis
1070 3757 1165 3823 etiam,
1182 3773 1246 3828 quae
1261 3769 1327 3812 mox

143 3853 340 3921 recitavimus3
362 3872 398 3911 ex
410 3853 550 3929 Cypriani
563 3853 738 3929 gravissimis
753 3854 1003 3931 increpationibus,
1017 3854 1119 3927 quibus
1132 3863 1239 3911 temere
1254 3867 1328 3908 acce·

145 3951 254 4017 dentes,
276 3958 368 4008 “ante
390 3959 479 4008 actam
501 3949 705 4027 penitentiam,
723 3961 787 4009 ante
807 3952 1033 4029 exomologesim
1058 3950 1222 4028 gravissimi
1245 3958 1325 4021 atque

148 4047 268 4107 extremi
288 4044 382 4106 delicti
403 4048 515 4116 iactam,
540 4057 604 4105 ante
625 4066 739 4107 manum
760 4049 795 4106 ab
815 4048 953 4127 episcopo
973 4059 1002 4107 et
1021 4049 1097 4107 clero
1121 4041 1327 4125 impositam,”⁶

364 4227 374 4272 l

343 4223 372 4378 ((2
405 4311 437 4360 In
448 4311 557 4361 concion.
566 4327 604 4361 an.
618 4314 683 4361 1518
694 4310 724 4361 de
731 4327 803 4379 praep.
814 4313 845 4364 ed
856 4311 884 4363 S.
893 4311 973 4364 Eueh.

359 4401 374 4446 3

409 4223 529 4288 Apologia
539 4223 556 4274 i.
567 4239 592 4274 n.
604 4225 644 4274 66.

407 4396 472 4446 Sess.
483 4396 533 4446 xiii.
545 4413 598 4461 cap.
609 4397 649 4447 vii.

403 4480 466 4531 Sese.
477 4481 529 4531 xiii.
539 4497 593 4531 cau.
605 4497 628 4530 v.

345 4399 357 4463 (
