2812 5062
154 301 211 359 172
518 297 694 361 PA'l’RUM
715 295 989 357 TESTIMONIA.

54 446 58 453 ’
150 468 217 533 pns,
232 456 386 516 Sacerdote
399 456 592 533 dispensante,
605 466 714 515 tantum
728 466 773 515 est
786 457 816 515 in
829 456 945 533 exiguo,
961 464 1097 528 quantum
1111 472 1179 513 esse
1192 458 1313 512 constat
1326 448 1355 509 in

151 564 231 613 toto:
253 554 409 628 quodcum
431 554 565 614 Ecclesia
588 555 715 613 fidelium
739 556 835 624 sumit,
861 557 935 612 sicut
956 553 1072 630 plenum
1095 553 1125 612 in
1138 550 1302 619 universis,
1317 549 1357 639 ite

151 651 291 728 integrum
315 670 380 710 esse
396 653 529 728 probatur
542 652 571 710 in
586 652 708 728 singulis
710 691 842 711 .....
868 651 932 709 Nec
946 649 1055 709 dubitet
1068 650 1223 723 quisquam
1247 689 1257 707 .
1281 687 1291 705 .
1314 686 1322 705 .
1344 686 1352 704 .

153 758 304 815 creaturas,
325 757 394 807 nutu
422 749 567 826 potentie,
589 749 619 807 in
639 748 775 807 dominici
796 749 924 824 corporis
946 764 1031 824 possa
1059 747 1179 805 transire
1198 754 1353 811 namnam

152 843 266 916 quando
287 843 490 903 benedicende
504 844 598 903 verbis
618 845 778 903 celestibus
793 856 926 902 creature
940 842 1028 901 sacris
1043 842 1176 900 altaribus
1197 841 1353 918 imponun-

155 951 210 1007 tur,
225 940 382 999 substantia
402 940 458 999 illis
473 949 517 998 cst
531 940 613 1017 panis
628 941 728 999 etvini
742 960 751 1008 ς
773 950 840 1017 post
852 941 937 998 verba
950 949 1042 997 auem
1065 937 1188 1006 Christi,
1201 954 1313 1015 corpus
1325 943 1357 994 ct
1391 928 1396 941 ’

152 1037 269 1113 sanguis
291 1047 335 1095 est
356 1036 487 1095 Christi:
510 1036 578 1111 quid
600 1048 692 1096 antem
715 1038 829 1104 mirum,
844 1037 869 1095 si
883 1055 927 1105 ea,
944 1054 1008 1110 que
1022 1036 1108 1094 verbo
1128 1052 1225 1093 creare
1247 1032 1354 1112 potnit,

149 1132 241 1208 possit
254 1143 346 1191 creata
359 1147 523 1193 convertere
533 1133 580 1191 3¹³²

193 1232 260 1289 122.
283 1230 315 1290 S.
331 1231 507 1292 Gnncomus
521 1232 726 1292 Tunorrnnsrs.
748 1240 768 1268 ⁴·
781 1230 930 1289 Deflemus
944 1231 1022 1289 enim
1035 1230 1143 1289 scelera
1155 1238 1257 1288 nostra
1277 1270 1287 1287 .
1310 1268 1320 1287 .
1344 1268 1353 1286 .

151 1346 216 1387 cum
238 1346 292 1387 nos
313 1328 435 1388 mundos
456 1348 522 1389 esse
543 1330 697 1397 nescimus,
712 1338 742 1386 et
760 1327 794 1386 ad
815 1329 910 1405 ipsum
931 1329 1018 1386 altare
1037 1327 1156 1386 Domini
1177 1324 1354 1385 accedentes

150 1424 285 1485 audenter
299 1435 427 1485 sanctum
441 1445 546 1505 corpus
560 1428 623 1504 ejus
637 1437 667 1485 et
676 1427 855 1504 sangninem,
867 1445 933 1484 cum
946 1426 1038 1484 simus
1047 1434 1111 1483 actu
1124 1423 1240 1502 polluti,
1256 1424 1357 1501 potius

74 1588 80 1595 ¹
152 1522 185 1579 ad
197 1522 350 1599 judicium,
365 1542 451 1597 quam
465 1537 497 1581 nt
510 1524 622 1582 veniam
636 1523 891 1597 consequamur.”⁸

194 1622 260 1676 123.
284 1620 315 1677 S.
332 1620 507 1679 Caesonius
518 1621 563 1679 M.
585 1620 715 1678 “Bonus
736 1631 833 1697 pastor
854 1638 904 1696 pro
918 1619 1019 1678 ovibus
1041 1618 1102 1675 suis
1117 1616 1245 1675 animam
1267 1632 1355 1675 wem

152 1717 259 1793 posuit,
275 1729 306 1774 ut
330 1717 359 1776 in
385 1706 570 1777 sacramento
591 1726 688 1777 nostro
709 1737 813 1795 corpus
837 1736 921 1776 suum
935 1725 965 1775 et
984 1716 1152 1794 sanguinem
1172 1724 1312 1781 verteret,
1326 1722 1359 1773 et
1394 1742 1402 1759 ·-

153 1831 222 1872 oves
237 1832 307 1886 quas
325 1813 492 1882 redemerat,
507 1815 600 1874 carnis
627 1834 686 1873 sne
707 1815 843 1874 alimento
863 1813 1023 1873 satiaret.”⁸
1061 1812 1103 1872 Et
1117 1831 1136 1869 ε·
1147 1810 1259 1879 “Quid
1272 1810 1355 1869 anim

153 1910 271 1988 prodest
283 1930 388 1989 corpus
410 1923 440 1972 ct
453 1913 621 1991 sangninem
642 1912 720 1971 illius
734 1931 783 1972 ore
797 1914 954 1990 percipere,
969 1922 998 1970 et
1010 1912 1038 1970 ei
1057 1909 1199 1989 perversis
1221 1908 1355 1968 moribus

151 2009 290 2068 contraire
301 2007 349 2066 l”⁴

194 2109 263 2165 124.
292 2107 360 2166 Vll.
382 2107 520 2167 Secuto.
550 2108 582 2166 S.
598 2107 734 2167 lamoncs
755 2107 979 2167 Htsmnttsts:
1002 2116 1022 2144 “
1035 2106 1104 2166 Νοο
1118 2103 1356 2163 communicave-

151 2214 217 2263 runt
233 2204 328 2282 jejuni
348 2207 490 2283 Apostoli,
516 2205 584 2280 quia
603 2224 722 2265 neccsse
742 2218 810 2272 erat,
832 2216 864 2264 ut
883 2206 996 2265 Pascha
1016 2203 1084 2263 illud
1105 2202 1240 2280 typicum
1268 2210 1356 2261 antea

152 2301 330 2378 impleretur,
344 2301 530 2362 etsicdenuo
544 2302 579 2361 ad
593 2321 693 2361 verum
706 2302 825 2361 Pasche
839 2304 1052 2362 Sacramentum
1076 2299 1241 2359 transirent.
1282 2298 1355 2358 Hoc

151 2400 229 2459 enim
250 2401 420 2478 mysterium
440 2409 508 2460 tnnc
528 2399 633 2459 lactum
656 2411 710 2469 est,
731 2400 808 2474 quod
829 2401 955 2478 primum
969 2397 1104 2477 discipuli
1116 2414 1224 2474 corpus
1244 2406 1357 2479 etsen-

150 2497 268 2573 gninem
296 2497 415 2557 Domini
438 2498 527 2558 nostri
554 2516 613 2556 non
647 2507 817 2574 acceperunt
848 2497 952 2575 jejuni.
1001 2497 1046 2555 Ab
1074 2494 1208 2553 universa
1253 2504 1353 2552 autom

151 2593 284 2653 Ecclesia
298 2613 374 2654 nunc
386 2616 402 2653 a
411 2596 520 2673 jejunia
535 2613 649 2672 semper
663 2594 848 2672 accipitur.”⁵

193 2696 260 2756 125.
289 2692 373 2756 Vlll.
396 2695 534 2756 Secuto.
563 2694 596 2752 S.
616 2692 754 2752 Joaurraa
778 2692 998 2751 Danascnrms:
1014 2690 1112 2750 “Nec
1132 2707 1201 2748 vero
1223 2689 1313 2766 panis
1328 2699 1357 2747 et

152 2798 248 2855 vinum
261 2794 370 2853 Christi
384 2793 511 2869 corporis
526 2800 554 2849 et
567 2790 713 2867 sanguinis
728 2789 818 2866 figura
831 2801 917 2857 sunt;
940 2789 1022 2857 absit,
1038 2787 1089 2846 sed
1103 2788 1199 2865 ipsum
1228 2785 1353 2846 Domini

151 2912 256 2971 corpus
271 2892 373 2950 deitate
387 2889 542 2949 donatum:
565 2890 709 2966 cumipse
724 2888 868 2947 Dominus
883 2888 1004 2956 dixerit3
1026 2886 1081 2945 hoc
1107 2896 1160 2953 est,
1175 2903 1237 2943 non
1257 2885 1356 2962 figura

151 2992 279 3070 corporis
294 2991 361 3057 mei,
371 2990 423 3048 aed
437 3007 541 3065 corpus
553 3007 670 3047 meum:
687 3006 782 3061 neque
794 2988 885 3065 figura
894 2987 1051 3064 sanguinis,
1061 2985 1112 3044 sed
1126 2985 1245 3062 sanguis
1254 3002 1352 3043 meus.

153 3091 193 3150 Et
213 3100 295 3148 antea
308 3087 417 3148 Judeis
432 3087 558 3146 dixerat:
580 3104 646 3144 caro
669 3104 732 3144 mea
752 3103 818 3142 vere
839 3096 883 3143 est
896 3086 987 3152 cibus,
1009 3095 1038 3143 at
1050 3083 1167 3162 sanguis
1181 3100 1266 3141 mens
1282 3099 1352 3140 vere

130 3257 133 3265 ⁴
151 3200 195 3249 est
208 3198 310 3267 potus:
332 3198 361 3245 et
374 3187 423 3260 qui
438 3185 588 3245 manducat
602 3203 657 3252 me,
672 3184 793 3244 vivet.'’⁰

195 3290 262 3345 126.
290 3285 344 3344 ΙΧ.
359 3285 498 3341 Smccao.
520 3282 552 3340 8.
569 3282 596 3340 N
600 3300 765 3340 macerones
779 3281 1160 3339 Cousssnnrnoeoumarms
1174 3276 1352 3343 Patriarcha,

154 3397 172 3424 ‘⁴
187 3386 251 3445 Nos
265 3385 341 3443 enim
358 3381 501 3440 Catholici
515 3399 608 3453 neque
622 3380 788 3456 imaginem,
803 3398 896 3452 neque
912 3381 1030 3456 figuram
1045 3376 1172 3454 corporis
1194 3374 1272 3433 illius
1288 3375 1351 3432 hec

151 3483 285 3549 dicimus,
300 3481 367 3538 licet
387 3477 546 3555 symbolice
567 3476 772 3544 conficiantur;
795 3475 844 3533 sed
860 3476 955 3551 ipsum
977 3473 1087 3531 Christi
1108 3489 1214 3548 corpus
1234 3469 1352 3528 deilica-

154 3593 235 3649 tum;
268 3580 344 3637 illius
369 3577 446 3635 enim
467 3575 587 3634 dicentis
622 3593 678 3632 vox
710 3585 770 3631 est:
806 3573 873 3632 Nisi
894 3571 1129 3631 manducaveritis
1157 3587 1272 3627 carnem
1300 3567 1354 3626 filii

155 3677 291 3741 hominis,
306 3685 334 3732 et
353 3673 478 3731 biberitis
492 3673 555 3749 ejus
573 3671 751 3748 sanguinem,
767 3670 823 3728 dcc.
845 3671 901 3727 hoc
915 3669 991 3727 enim
1013 3667 1160 3745 Apostolis
1175 3665 1351 3723 exhibebat:

154 3771 331 3843 manducate,
346 3770 399 3827 hoc
412 3778 456 3827 est
469 3787 572 3846 corpus
587 3786 693 3835 meum,
708 3768 817 3835 dicens,
832 3786 889 3825 non
905 3766 1058 3843 imaginem
1069 3764 1197 3841 corporis
1212 3761 1321 3822 mei.”⁷

212 3872 278 3926 127.
333 3864 504 3923 Paschasius
547 3861 706 3921 Radbertus
734 3863 830 3921 Abbas
860 3861 1045 3921 corbeiensis
1079 3858 1115 3918 dc
1156 3857 1355 3919 Sacramento

156 3967 284 4047 corporis
299 3973 326 4024 et
340 3962 502 4042 sanguinis
520 3960 632 4018 Christi
646 3980 742 4038 agens:
760 3972 779 3998 ‘⁶
793 3963 898 4020 Nullus
909 3971 1056 4019 moveatur
1070 3959 1105 4019 do
1119 3957 1175 4019 hoc
1190 3969 1357 4037 corporeet

452 4121 495 4186 (1)
515 4119 591 4169 Hom.
603 4117 644 4170 vii.
657 4118 687 4168 de
699 4117 787 4168 Pasch.

453 4207 496 4271 (2)
517 4203 546 4254 L.
558 4205 574 4254 i.
586 4204 616 4253 dc
628 4205 704 4267 gloria
714 4204 815 4268 Martyr.
826 4220 847 4254 ο.
858 4205 950 4254 lxxxvi

454 4290 498 4355 (3)
518 4288 549 4339 L.
560 4289 576 4338 i.
587 4289 614 4338 in
624 4288 722 4350 Evang.
732 4288 799 4338 bom.
806 4288 856 4340 xis,
866 4303 892 4338 n.
903 4289 920 4339 l.

454 4376 496 4439 (4)
516 4372 546 4422 L.
557 4374 581 4423 ii.
592 4374 618 4423 in
629 4375 677 4423 Er.
688 4373 753 4423 hom.
765 4373 825 4424 xxii.

456 4459 498 4524 (5)
518 4457 547 4507 L.
564 4458 594 4507 de
602 4459 669 4508 Eccl.
682 4458 744 4509 offic.
756 4475 776 4509 ο
788 4459 854 4510 xviii.

456 4545 498 4610 (6)
518 4541 547 4592 L.
559 4543 591 4592 iv.
600 4542 629 4592 da
641 4544 688 4593 fide
700 4545 833 4596 orthodoxa
841 4561 863 4595 ο.
873 4544 925 4596 xiii.

454 4631 497 4695 (7)
518 4627 668 4680 Antirrhstic
678 4630 703 4679 ii.
