2812 5062
102 334 160 391 ³08
547 333 861 394 PRAENOTANDA.

101 507 188 550 nemo
199 488 306 548 idcirco
317 489 381 565 jure
391 509 506 568 carpere
517 501 620 569 potest.
648 490 794 565 Equidem
808 491 837 551 in
847 493 1006 552 vernaculis
1021 492 1208 553 versionibus
1221 508 1301 549 voces

100 589 238 664 majorem
253 587 358 645 habent
372 588 439 656 vim,
455 588 505 647 sed
520 607 583 662 quae
598 598 732 647 contextu
748 588 830 664 plane
846 588 969 656 fulcitur,
985 601 1015 648 et
1029 590 1129 648 sensui
1145 587 1301 647 christiano

101 698 130 744 et
143 684 284 744 constanti
306 685 446 762 majorum
460 676 608 743 nostorum
631 683 733 762 agendi
757 684 859 743 rationi
885 687 1005 745 omnino
1026 686 1172 764 congruit.
1216 683 1299 742 Juxta

103 784 224 843 sanioris
245 783 356 842 critices
370 783 449 861 leges
471 784 550 842 vocis
571 783 748 860 etymologia
768 784 834 842 usui
855 794 971 862 recepto
991 784 1086 854 cedit;
1108 783 1235 857 ideoque
1256 781 1301 855 qui

103 880 191 956 hujus
216 880 399 939 immemores
420 879 602 938 intrinsecam
625 878 682 937 vim
705 879 784 937 vocis
807 890 947 956 spectant,
969 881 1033 957 ipso
1054 890 1196 939 contextu
1220 895 1298 936 sacro

103 976 244 1054 neglecto,
259 972 335 1033 haud
348 975 485 1052 optimam
500 973 700 1052 interpretandi
712 975 851 1034 rationem
864 987 1032 1051 sequuntur.
1055 977 1183 1036 Constat
1195 975 1298 1051 saepius

105 1075 271 1152 poenitentia
285 1073 426 1151 designari
440 1074 471 1133 in
485 1074 640 1149 Scripturis
655 1072 743 1132 animi
768 1072 908 1142 dolorem,
929 1075 1012 1152 cujus
1033 1075 1141 1134 indicia
1163 1073 1302 1152 prodeunt

106 1173 137 1230 in
150 1172 278 1249 corporis
292 1170 482 1230 afflictatione.
524 1171 574 1229 Sic
594 1170 652 1229 Job
666 1168 752 1228 dicit:
775 1170 869 1248 “Ago
890 1171 1086 1248 poenitentiam
1108 1172 1139 1229 in
1161 1168 1257 1229 isvilla
1276 1176 1303 1226 et

109 1270 252 1332 ciners.”¹
625 1311 628 1317 -

147 1372 176 1426 2.
199 1365 378 1426 Poenitsntiae
392 1365 480 1423 virtus
493 1365 524 1425 in
538 1382 573 1424 eo
586 1365 641 1423 sita
653 1375 699 1423 est
711 1374 743 1424 ut
756 1365 821 1438 quis
835 1364 947 1424 delictis
961 1366 1065 1433 dolcat,
1086 1366 1123 1424 ob
1138 1365 1198 1425 Dei
1212 1363 1299 1423 offen·

108 1483 181 1530 sam,
209 1472 238 1522 et
264 1461 367 1521 efficax
388 1461 483 1520 foveat
503 1463 681 1538 propositum
709 1480 743 1519 ea
762 1462 795 1520 in
815 1473 962 1538 posterum
984 1462 1102 1531 vitandi,
1131 1473 1162 1521 et
1185 1480 1253 1536 quae
1272 1459 1304 1518 ad

109 1580 144 1620 ea
166 1558 301 1638 expiandi
319 1559 480 1619 necessaria
504 1559 561 1616 sint
583 1558 716 1617 faciendi.
758 1558 849 1617 Recte
870 1558 939 1619 dicit
964 1560 1186 1619 Tertullianus:
1215 1559 1302 1618 “Ubi

108 1659 270 1718 emendatio
291 1657 379 1725 nulla,
398 1657 565 1734 poenitentia
588 1655 749 1716 necessarii
771 1676 853 1725 vana,
868 1658 936 1732 quia
956 1668 1033 1717 caret
1052 1659 1146 1718 fructu
1169 1676 1236 1724 suo.
1258 1658 1303 1716 cui

107 1757 189 1817 Deus
202 1774 266 1815 eam
288 1754 370 1820 serit,
385 1752 415 1813 id
434 1763 488 1823 est,
509 1754 635 1813 hominis
655 1753 785 1814 saluti.'’⁹
824 1755 1003 1814 Poenitentiae
1025 1769 1237 1815 sacramentum
1262 1765 1303 1814 est

108 1855 178 1913 ritus
193 1874 210 1912 a
224 1852 342 1911 Christo
366 1852 512 1911 institutus
536 1871 594 1926 quo
618 1865 798 1931 peccatorum
824 1863 890 1931 post
911 1855 1088 1932 baptismum
1112 1853 1305 1914 admissomm

107 1950 250 2010 obtinetur
262 1948 346 2007 venia
365 1947 544 2008 sacerdotum
564 1949 740 2009 ministerio:
762 1950 888 2009 solcum
910 1950 1037 2009 Perrone
1052 1950 1206 2010 dicamus:
1230 1961 1251 1990 ‘⁸
1263 1960 1305 2010 est

109 2047 324 2107 Sacramentum
338 2064 356 2102 a
369 2044 487 2104 Christo
508 2043 635 2105 Domino
655 2047 815 2107 institutum
829 2064 888 2120 quo
908 2066 960 2125 per
975 2046 1132 2125 juridicam
1146 2047 1303 2108 sacerdotis

109 2143 316 2202 absolutionem
330 2141 441 2217 homini
454 2143 575 2201 contrito
586 2153 615 2201 ct
628 2143 762 2203 confesso
774 2145 955 2214 remittuntur
974 2155 1090 2222 peccata
1111 2157 1180 2223 post
1198 2147 1305 2225 baptis·

109 2261 189 2306 mum
214 2238 401 2300 commissa.''
441 2239 483 2299 Ut
506 2238 605 2299 ordine
630 2240 755 2314 quodam
779 2241 979 2318 procedamus,
1004 2242 1170 2303 remittendi
1189 2259 1304 2322 peccata

110 2348 279 2415 potestatem
292 2357 309 2395 a
323 2335 441 2400 Christo
455 2336 602 2415 apostolis
622 2357 801 2407 concessam,
816 2348 846 2398 et
858 2337 893 2399 ad
908 2337 1070 2401 sacerdotes
1090 2359 1195 2400 omnes
1218 2351 1305 2402 trans·

111 2436 228 2495 missam
243 2436 367 2513 primum
382 2432 532 2494 ostendere
549 2436 641 2512 jurat.

146 2645 188 2709 (1)
209 2642 270 2708 Cap.
281 2643 325 2692 ult.
342 2641 406 2691 Vide
418 2651 442 2692 et
453 2642 524 2691 Matr.
535 2641 569 2690 xi.
583 2644 624 2690 21.
632 2641 677 2690 xii.
687 2643 728 2690 41.
762 2641 793 2692 ln
810 2640 993 2693 Protestanticis
1004 2643 1160 2696 versionibus
1171 2646 1265 2697 reddita
1273 2655 1307 2696 cst

111 2744 174 2777 vox:
192 2725 321 2790 “repent’'
355 2725 412 2775 lam
423 2742 480 2775 vero
491 2726 616 2776 contendit
626 2725 754 2791 Gampbell
771 2726 919 2779 reddendam
936 2743 1002 2780 esset
1017 2728 1154 2781 “retorm.”
1189 2731 1247 2783 The
1258 2733 1307 2783 four

110 2813 215 2876 Gospels
226 2812 286 2860 with
298 2811 458 2876 Preliminary
469 2812 644 2874 dissertatione,
656 2811 750 2862 dissert.
761 2811 794 2862 vi.
804 2828 830 2879 p.
841 2812 877 2864 iii

146 2900 188 2964 (2)
208 2897 237 2948 L.
249 2897 279 2946 de
289 2912 354 2962 pon.
366 2897 422 2950 cit
