2774 5056
102 301 158 358 128
396 297 453 359 DE
474 297 613 358 SEXTO
633 297 811 359 Joauuls
833 298 998 361 caelus.

99 476 153 516 suo
167 457 226 516 dari
240 456 400 526 affirmavit,
416 474 504 531 seque
518 475 622 535 panem
636 456 716 516 illum
731 475 807 526 esse,
822 476 961 531 suamque
975 477 1101 529 carnem,
1116 460 1212 539 ipsam
1233 478 1299 534 qnae

99 553 266 631 promendi
280 553 370 612 salute
384 553 457 612 inter
470 554 611 631 supplicia
623 553 748 622 daretur,
762 573 795 612 se
807 555 892 613 etiam
908 555 938 612 in
953 555 1049 614 cibum
1063 554 1206 615 daturum.
1239 556 1302 617 Illis

100 649 136 708 de
149 660 224 709 tanta
237 651 427 729 promissione
441 651 515 709 inter
528 670 560 709 sc
572 650 819 721 contendentibus,
834 651 980 726 quomodo
994 652 1056 710 lieri
1070 663 1181 730 posset,
1196 653 1302 714 idonea

100 747 193 805 oblata
207 759 251 806 cst
264 747 377 806 occasio
388 764 470 805 suam
484 745 646 823 explicandi
666 757 802 817 mentem,
814 757 843 805 et
856 747 1025 806 offensionis
1039 766 1155 807 causam
1170 749 1300 819 tollendi,

100 843 126 901 si
140 843 175 902 de
191 862 328 903 verasue
342 844 434 902 carnis
450 843 665 902 manducatione
680 842 1003 903 haudsuissetlocutus.
1044 848 1180 904 Attamen
1204 847 1301 905 serbis

99 944 225 1000 maxime
239 941 467 1010 vehementibus,
481 951 509 1000 et
523 942 609 1002 minis
623 940 741 1020 adjectis
755 941 919 1011 dirissimis,
931 943 1023 1019 ipsam
1045 961 1160 1002 carnem
1181 943 1303 1004 mandu-

99 1037 218 1096 candam
232 1051 261 1097 et
280 1038 449 1116 sanguinem
473 1037 627 1097 bibendum
648 1037 737 1097 dixit:
758 1049 787 1097 et
800 1057 903 1116 magna
916 1039 1069 1096 verborum
1090 1039 1176 1115 copia
1195 1039 1302 1101 iterum

97 1134 257 1208 iterumque
282 1133 529 1195 manducationem
543 1134 620 1192 illam
634 1133 796 1192 inculcavit.
838 1134 919 1192 Sicut
932 1134 1130 1192 recusantibus
1144 1135 1300 1194 intentavit

96 1248 208 1309 poenas,
223 1231 444 1309 suscipientibus
466 1231 530 1289 vitae
551 1240 662 1289 aeternae
684 1232 813 1311 praemia,
828 1240 857 1289 et
870 1231 1000 1290 intimam
1024 1231 1079 1289 hac
1101 1231 1131 1290 in
1153 1233 1294 1292 sitacum

97 1329 148 1390 illo
162 1330 392 1409 conjunctionem
406 1328 550 1407 pollicitus
564 1339 618 1398 est,
633 1348 664 1387 se
679 1332 777 1389 verum
792 1330 887 1388 cibum
908 1328 1009 1387 animae
1024 1328 1183 1388 affirmans.
1226 1329 1299 1390 Ora·

96 1427 205 1486 tionem
216 1425 327 1497 clausit,
342 1427 420 1487 nulla
433 1426 498 1486 data
511 1426 712 1503 explicatione,
726 1445 794 1485 nam
815 1444 878 1500 qus
893 1437 994 1503 postea
1006 1426 1041 1483 ab
1055 1425 1120 1504 ipso
1135 1424 1213 1486 dicta
1226 1427 1300 1487 refe·

95 1534 204 1592 rentur,
217 1524 252 1583 ab
266 1525 302 1583 iis
317 1543 381 1600 que
398 1525 429 1583 in
442 1543 590 1602 synagoga
603 1524 696 1600 palam
710 1523 837 1602 protulit,
852 1522 928 1582 hand
949 1525 1011 1581 sine
1025 1541 1122 1591 causa,
1139 1524 1175 1582 ab
1202 1523 1300 1584 Evan-

92 1621 194 1701 gelista
207 1621 428 1690 discernuntur,¹
439 1631 470 1681 ut
484 1621 676 1698 intelligamus
689 1621 829 1699 integram
843 1637 909 1678 esse
922 1620 1092 1678 concionem
1105 1639 1113 1691 ς
1132 1631 1162 1679 et
1174 1622 1299 1699 promis·

92 1718 215 1786 sionem,
226 1717 294 1776 licet
315 1716 412 1776 durius
426 1725 576 1795 exceptam
591 1726 619 1774 et
643 1717 672 1775 in
694 1717 881 1790 questionem
896 1726 1025 1775 vocatam
1038 1736 1056 1774 a
1068 1716 1088 1775 J
1090 1703 1199 1786 edacis,
1215 1717 1298 1777 nulla

95 1834 166 1876 voce
180 1815 269 1874 fuisse
284 1816 450 1894 mitigatam,
465 1814 542 1874 etad
555 1833 671 1873 sensum
686 1814 860 1874 auditoribus
875 1812 1122 1889 accommodatum
1136 1813 1297 1875 reductam.

133 1916 183 1972 2³.
204 1912 305 1972 Soluta
318 1913 466 1982 concione,
481 1931 544 1987 quse
559 1911 669 1970 dixerat
681 1911 700 1969 J
702 1930 769 1970 esus
784 1911 855 1970 adeo
869 1910 1065 1980 vehementer,
1080 1911 1155 1970 inter
1168 1910 1298 1991 discipu·
1316 1976 1319 1985 ,

92 2009 187 2070 lorum
201 2011 311 2070 turbam
325 2011 422 2069 animo
434 2009 660 2077 revolvebantur,
676 2008 727 2083 qui
746 2026 800 2067 nec
820 2007 1023 2082 acquieverunt
1037 2016 1115 2067 tanto
1140 2009 1297 2087 mysterio.

95 2106 214 2166 “Multi
229 2126 297 2186 ergo
310 2106 457 2166 audientes
471 2125 509 2164 cx
523 2104 672 2182 discipulis
687 2105 750 2182 ejus
771 2103 922 2164 dixerunt:
945 2104 1042 2163 Durus
1056 2114 1101 2162 est
1124 2103 1174 2164 hic
1187 2124 1297 2176 sermo,

94 2205 202 2281 etquis
216 2212 311 2283 potest
321 2222 388 2263 eum
402 2202 498 2263 audire
510 2201 542 2260 i”
584 2202 645 2262 Res
659 2213 728 2270 erat,
742 2203 783 2261 uti
797 2202 896 2275 liquet,
912 2202 1037 2261 maxime
1051 2211 1134 2279 captu
1157 2201 1297 2275 difficilis,

94 2301 308 2380 quamplurimi
322 2301 372 2378 qui
386 2319 418 2360 se
430 2300 587 2379 discipulos
601 2298 739 2358 hactenus
754 2298 967 2376 profitebantur,
982 2298 1134 2358 noluemnt
1147 2301 1296 2379 amplecti.

93 2399 270 2479 Argumenta
284 2407 329 2458 est
341 2397 518 2458 validissimo
533 2396 644 2457 Christi
657 2414 820 2482 sermonem
834 2394 1009 2458 multitudini
1024 2397 1178 2466 universa,
1194 2410 1225 2457 et
1238 2399 1298 2478 ipsi

56 2473 63 2489 ’
94 2497 143 2571 qni
157 2516 223 2556 eum
238 2495 334 2556 audire
350 2497 500 2556 consuevit
513 2494 718 2572 discipulorum
734 2495 829 2562 coetui,
845 2513 962 2552 sensum
978 2513 1050 2552 veros
1063 2493 1297 2557 manducationis

93 2595 259 2671 ingessisse.
300 2595 365 2654 Jarn
381 2593 446 2652 verb
463 2593 597 2651 Christus
612 2593 661 2651 vix
675 2593 767 2669 potuit
781 2593 887 2665 absque
898 2592 1001 2669 injuria
1015 2591 1177 2650 auditorum
1191 2593 1298 2652 doctri·

93 2708 159 2748 nam
171 2689 316 2748 involvere
330 2689 480 2747 verborum
494 2688 671 2764 ambagibus,
685 2706 748 2760 quae
761 2688 921 2764 simplicius
937 2687 1087 2765 explicata,
1100 2689 1210 2747 nemini
1224 2690 1298 2749 soret

92 2785 258 2852 offensioni,
279 2802 368 2858 quum
396 2796 480 2862 prout
499 2786 620 2843 sonabat
647 2795 763 2861 accepta
783 2785 932 2843 universos
960 2784 1019 2843 iere
1039 2784 1139 2843 devios
1166 2797 1298 2864 agereta

93 2882 193 2942 salutis
221 2881 333 2940 semita.
388 2879 446 2939 Sed
475 2898 527 2938 nec
551 2879 701 2958 discipulis
729 2882 790 2939 suis
818 2881 951 2959 privatim
980 2900 1045 2940 eam
1071 2883 1298 2958 explicationem

93 2978 223 3057 praebuit,
235 2995 292 3051 qua
306 2976 451 3035 tolleretur
464 2976 625 3035 difficultas.
660 2977 792 3036 “Sciens
807 2989 900 3035 antem
914 2977 1001 3036 Jesus
1014 2978 1090 3054 apud
1102 2979 1297 3056 semetipsum

92 3075 160 3149 quia
174 3087 379 3133 murmurarent
400 3073 435 3132 de
461 3073 517 3132 hoc
531 3072 664 3151 discipuli
683 3075 757 3151 ejus,
772 3074 845 3133 dixit
856 3074 920 3133 eis:
942 3072 1009 3132 Hoc
1030 3093 1080 3133 vos
1095 3075 1296 3134 scandalizati

93 3172 126 3230 Si
147 3190 215 3249 ergo
236 3169 362 3229 videritis
383 3170 490 3229 Filium
518 3171 644 3228 hominis
665 3170 865 3230 ascendentem
887 3171 934 3229 ubi
949 3183 1010 3230 erat
1024 3171 1125 3248 prins!
1167 3173 1297 3249 Spiritus

93 3270 200 3343 estqui
214 3268 357 3327 vivificat:
378 3287 443 3328 caro
457 3286 516 3327 non
527 3266 644 3345 prodest
654 3268 819 3343 quidquam.
862 3268 957 3327 Ver-ba
968 3287 1031 3342 quae
1043 3288 1097 3346 ego
1106 3268 1219 3328 locutus
1229 3290 1297 3330 sum

71 3348 185 3435 nobis,
201 3365 326 3444 Spiritus
340 3375 369 3423 et
382 3365 439 3423 vita
462 3374 538 3423 sunt.
581 3363 639 3423 Sed
652 3374 720 3423 sunt
733 3364 847 3439 qnidam
863 3383 901 3422 ex
921 3365 1002 3423 vobis
1018 3365 1068 3438 qui
1089 3384 1147 3423 non
1162 3366 1296 3426 credunt.

93 3467 207 3525 Sciebat
221 3467 298 3524 enim
317 3463 351 3520 ab
363 3463 445 3521 initio
459 3462 557 3529 desua,
573 3463 620 3535 qui
643 3474 740 3520 essent
764 3482 820 3520 non
842 3462 1001 3529 credentes,
1016 3463 1123 3537 etquis
1139 3463 1296 3524 traditurus

91 3576 167 3622 esset
189 3583 266 3622 eum.
309 3562 349 3620 Et
370 3561 498 3620 dicebat:
530 3560 686 3638 Propterea
708 3559 767 3618 dixi
784 3561 874 3631 vobis,
889 3563 956 3633 qnia
972 3579 1055 3618 nemo
1084 3572 1178 3636 potest
1194 3564 1295 3620 venire

92 3660 127 3718 ad
142 3679 198 3726 me,
213 3660 269 3718 nisi
283 3659 368 3717 suerit
378 3659 405 3717 ei
416 3658 511 3716 datum
525 3677 541 3715 a
556 3657 639 3716 Patre
654 3657 751 3716 meo.”
793 3657 866 3715 Haec
882 3657 990 3714 Christi
1012 3659 1101 3714 oratio
1115 3657 1150 3714 ad
1165 3657 1296 3735 discipu·

91 3757 135 3814 los
150 3756 298 3832 diligenter
323 3753 523 3830 perpendenda
550 3765 603 3821 est,
627 3764 658 3812 ut
681 3755 793 3812 animus
808 3754 870 3830 ejus
893 3754 1060 3812 innotescat.
1102 3754 1199 3820 Quum
1216 3774 1294 3832 aegre

90 3854 194 3912 ferrent
207 3871 274 3910 eum
288 3846 323 3909 de
337 3869 420 3908 carne
435 3871 486 3909 sua
500 3850 592 3909 danda
605 3853 731 3911 locutum
745 3871 820 3920 esse,
835 3853 967 3926 quaesivit
979 3851 1048 3925 qnid
1071 3853 1127 3911 illis
1147 3852 1294 3913 videretur

91 3954 116 4011 si
137 3969 203 4010 eum
226 3949 425 4008 ascendentem
448 3949 483 4007 ad
504 3969 633 4009 summos
654 3943 753 4019 caelos,
768 3951 844 4009 unde
866 3952 952 4019 venit,
969 3952 1179 4027 conspicerent.
1224 3952 1293 4012 Hoc

90 4048 178 4107 veluti
192 4057 388 4124 argumentum
401 4047 524 4104 veritatis
534 4046 648 4115 indicat,
659 4057 690 4104 ut
700 4048 755 4106 sibi
766 4046 903 4106 credatur.
937 4048 1144 4124 Spiritus-ro
1154 4065 1295 4116 noscan—

91 4147 205 4207 divinus
222 4145 385 4204 Paracletus
399 4156 443 4203 est
456 4145 506 4219 qui
520 4145 604 4203 vitam
621 4146 723 4204 animae
737 4146 906 4222 impertitur,
929 4145 995 4203 fidei
1010 4145 1156 4222 largiendo
1170 4147 1293 4218 donum,

90 4256 119 4305 et
130 4243 224 4304 cordis
239 4241 356 4301 affectus
370 4241 425 4300 sibi
440 4241 573 4301 charitate
587 4241 775 4301 devinciende
789 4261 797 4299 :
820 4261 895 4310 caro,
905 4241 1047 4300 humanus
1062 4243 1173 4301 scilicet
1186 4262 1293 4304 sensus

125 4423 168 4491 (l)
187 4429 202 4454 “
209 4420 240 4472 In
250 4419 300 4471 thia
311 4419 360 4471 end
370 4419 413 4471 the
423 4419 549 4482 following
559 4435 647 4480 verses,
660 4417 767 4484 (spoken
783 4421 864 4470 notin
875 4420 917 4472 the
928 4420 1085 4485 Synagogna,
1096 4421 1141 4473 but
1153 4423 1296 4489 elsewhere,

89 4509 146 4569 and,
156 4523 190 4559 no
200 4506 283 4567 doubt,
292 4505 320 4557 in
330 4505 440 4572 privato)
452 4519 497 4554 our
507 4502 573 4555 Lord
583 4503 771 4567 condescends,”
782 4506 831 4556 dae.
864 4505 948 4570 Pergit
959 4505 1104 4556 Bloomlield
1115 4508 1295 4564 Proteatsntieo

89 4610 156 4646 more
166 4591 305 4644 testimonie
314 4592 442 4661 explicare,
454 4588 505 4650 sed,
515 4590 580 4654 qnod
591 4589 668 4641 nostri
678 4589 786 4653 intereat,
796 4592 906 4643 locorum
916 4590 1045 4642 discrimen
1058 4591 1173 4646 admittit.
