<?xml version="1.0" encoding="UTF-8"?>
<!DOCTYPE html PUBLIC "-//W3C//DTD XHTML 1.0 Transitional//EN"
    "http://www.w3.org/TR/xhtml1/DTD/xhtml1-transitional.dtd">
<html xmlns="http://www.w3.org/1999/xhtml" xml:lang="en" lang="en">
 <head>
  <title>
</title>
<meta http-equiv="Content-Type" content="text/html;charset=utf-8" />
  <meta name='ocr-system' content='tesseract 3.04.00' />
  <meta name='ocr-capabilities' content='ocr_page ocr_carea ocr_par ocr_line ocrx_word'/>
</head>
<body>
  <div class='ocr_page' id='page_1' title='image "./theologidogmati03kenrgoog_0331.png"; bbox 0 0 2774 5056; ppageno 0'>
   <div class='ocr_carea' id='block_1_1' title="bbox 136 336 1003 402">
    <p class='ocr_par' dir='ltr' id='par_1_1' title="bbox 136 336 1003 402">
     <span class='ocr_line' id='line_1_1' title="bbox 136 336 1003 402; baseline -0.002 0"><span class='ocrx_word' id='word_1_1' title='bbox 136 344 197 402; x_wconf 70' lang='grc'><strong>328</strong></span> <span class='ocrx_word' id='word_1_2' title='bbox 473 337 531 400; x_wconf 82' lang='lat' dir='ltr'><strong>BE</strong></span> <span class='ocrx_word' id='word_1_3' title='bbox 552 336 724 400; x_wconf 78' lang='lat' dir='ltr'><strong>HAEBESI</strong></span> <span class='ocrx_word' id='word_1_4' title='bbox 745 336 1003 400; x_wconf 66' lang='lat' dir='ltr'><strong>novatiane</strong></span> 
     </span>
    </p>
   </div>
   <div class='ocr_carea' id='block_1_2' title="bbox 136 494 1345 4468">
    <p class='ocr_par' dir='ltr' id='par_1_2' title="bbox 136 494 1345 1063">
     <span class='ocr_line' id='line_1_2' title="bbox 136 494 1345 578; baseline -0.001 -19"><span class='ocrx_word' id='word_1_5' title='bbox 136 499 204 559; x_wconf 89' lang='lat' dir='ltr'><strong>bilis</strong></span> <span class='ocrx_word' id='word_1_6' title='bbox 214 507 282 558; x_wconf 88' lang='lat' dir='ltr'><strong>sunt</strong></span> <span class='ocrx_word' id='word_1_7' title='bbox 294 496 370 577; x_wconf 88' lang='lat' dir='ltr'><strong>apud</strong></span> <span class='ocrx_word' id='word_1_8' title='bbox 384 497 528 559; x_wconf 83' lang='lat' dir='ltr'><strong>Deum.”²</strong></span> <span class='ocrx_word' id='word_1_9' title='bbox 554 499 652 568; x_wconf 83' lang='lat' dir='ltr'><strong>Quum</strong></span> <span class='ocrx_word' id='word_1_10' title='bbox 665 498 824 578; x_wconf 86' lang='lat' dir='ltr'><strong>baptismus</strong></span> <span class='ocrx_word' id='word_1_11' title='bbox 837 518 856 558; x_wconf 88' lang='lat' dir='ltr'><strong>s</strong></span> <span class='ocrx_word' id='word_1_12' title='bbox 868 494 960 559; x_wconf 87' lang='lat' dir='ltr'><strong>Paulo</strong></span> <span class='ocrx_word' id='word_1_13' title='bbox 974 497 1086 558; x_wconf 88' lang='lat' dir='ltr'><strong>dicatur</strong></span> <span class='ocrx_word' id='word_1_14' title='bbox 1098 498 1251 558; x_wconf 83' lang='lat' dir='ltr'><strong>lavacrum</strong></span> <span class='ocrx_word' id='word_1_15' title='bbox 1262 516 1345 558; x_wconf 90' lang='lat' dir='ltr'><strong>reuo·</strong></span> 
     </span>
     <span class='ocr_line' id='line_1_3' title="bbox 136 596 1343 676; baseline 0.003 -21"><span class='ocrx_word' id='word_1_16' title='bbox 136 596 271 666; x_wconf 86' lang='lat' dir='ltr'><strong>rationis,</strong></span> <span class='ocrx_word' id='word_1_17' title='bbox 282 596 362 675; x_wconf 87' lang='lat' dir='ltr'><strong>prior</strong></span> <span class='ocrx_word' id='word_1_18' title='bbox 374 596 422 656; x_wconf 85' lang='lat' dir='ltr'><strong>illa</strong></span> <span class='ocrx_word' id='word_1_19' title='bbox 434 596 581 656; x_wconf 73' lang='lat' dir='ltr'><strong>Ambrosii</strong></span> <span class='ocrx_word' id='word_1_20' title='bbox 591 596 755 676; x_wconf 75' lang='lat' dir='ltr'><strong>explicatio,</strong></span> <span class='ocrx_word' id='word_1_21' title='bbox 769 614 826 672; x_wconf 88' lang='lat' dir='ltr'><strong>qua</strong></span> <span class='ocrx_word' id='word_1_22' title='bbox 839 597 950 656; x_wconf 72' lang='lat' dir='ltr'><strong>iteratio</strong></span> <span class='ocrx_word' id='word_1_23' title='bbox 963 596 1145 676; x_wconf 85' lang='lat' dir='ltr'><strong>bsptismatis</strong></span> <span class='ocrx_word' id='word_1_24' title='bbox 1168 596 1343 662; x_wconf 73' lang='lat' dir='ltr'><strong>excluditur.</strong></span> 
     </span>
     <span class='ocr_line' id='line_1_4' title="bbox 137 690 1345 772; baseline -0.002 -19"><span class='ocrx_word' id='word_1_25' title='bbox 137 694 207 753; x_wconf 80' lang='lat' dir='ltr'><strong>estis</strong></span> <span class='ocrx_word' id='word_1_26' title='bbox 231 692 404 753; x_wconf 75' lang='lat' dir='ltr'><strong>verosimilis</strong></span> <span class='ocrx_word' id='word_1_27' title='bbox 425 702 487 752; x_wconf 84' lang='lat' dir='ltr'><strong>est:</strong></span> <span class='ocrx_word' id='word_1_28' title='bbox 508 690 626 767; x_wconf 85' lang='lat' dir='ltr'><strong>quodsi</strong></span> <span class='ocrx_word' id='word_1_29' title='bbox 639 692 675 751; x_wconf 91' lang='lat' dir='ltr'><strong>de</strong></span> <span class='ocrx_word' id='word_1_30' title='bbox 695 693 821 766; x_wconf 89' lang='lat' dir='ltr'><strong>qnalibet</strong></span> <span class='ocrx_word' id='word_1_31' title='bbox 839 693 1024 752; x_wconf 77' lang='lat' dir='ltr'><strong>renovatione</strong></span> <span class='ocrx_word' id='word_1_32' title='bbox 1044 692 1206 771; x_wconf 73' lang='lat' dir='ltr'><strong>intelligere</strong></span> <span class='ocrx_word' id='word_1_33' title='bbox 1229 692 1345 772; x_wconf 90' lang='lat' dir='ltr'><strong>placeat</strong></span> 
     </span>
     <span class='ocr_line' id='line_1_5' title="bbox 138 787 1343 867; baseline -0.001 -18"><span class='ocrx_word' id='word_1_34' title='bbox 138 791 344 858; x_wconf 87' lang='lat' dir='ltr'><strong>testimonium,</strong></span> <span class='ocrx_word' id='word_1_35' title='bbox 358 798 458 850; x_wconf 88' lang='lat' dir='ltr'><strong>notum</strong></span> <span class='ocrx_word' id='word_1_36' title='bbox 472 798 518 848; x_wconf 91' lang='lat' dir='ltr'><strong>est</strong></span> <span class='ocrx_word' id='word_1_37' title='bbox 536 788 715 867; x_wconf 91' lang='lat' dir='ltr'><strong>impossibile</strong></span> <span class='ocrx_word' id='word_1_38' title='bbox 735 789 888 865; x_wconf 87' lang='lat' dir='ltr'><strong>aliquando</strong></span> <span class='ocrx_word' id='word_1_39' title='bbox 907 789 964 849; x_wconf 93' lang='lat' dir='ltr'><strong>dici</strong></span> <span class='ocrx_word' id='word_1_40' title='bbox 983 787 1063 864; x_wconf 86' lang='lat' dir='ltr'><strong>quod</strong></span> <span class='ocrx_word' id='word_1_41' title='bbox 1075 806 1192 850; x_wconf 91' lang='lat' dir='ltr'><strong>summe</strong></span> <span class='ocrx_word' id='word_1_42' title='bbox 1207 799 1255 849; x_wconf 93' lang='lat' dir='ltr'><strong>est</strong></span> <span class='ocrx_word' id='word_1_43' title='bbox 1268 788 1343 848; x_wconf 84' lang='lat' dir='ltr'><strong>diffi-</strong></span> 
     </span>
     <span class='ocr_line' id='line_1_6' title="bbox 137 884 1344 964; baseline -0.001 -18"><span class='ocrx_word' id='word_1_44' title='bbox 137 888 210 955; x_wconf 85' lang='lat' dir='ltr'><strong>cile;</strong></span> <span class='ocrx_word' id='word_1_45' title='bbox 232 896 261 946; x_wconf 89' lang='lat' dir='ltr'><strong>et</strong></span> <span class='ocrx_word' id='word_1_46' title='bbox 273 894 465 964; x_wconf 85' lang='lat' dir='ltr'><strong>apostatarum</strong></span> <span class='ocrx_word' id='word_1_47' title='bbox 478 885 573 953; x_wconf 82' lang='lat' dir='ltr'><strong>elide,</strong></span> <span class='ocrx_word' id='word_1_48' title='bbox 587 886 638 960; x_wconf 82' lang='lat' dir='ltr'><strong>qui</strong></span> <span class='ocrx_word' id='word_1_49' title='bbox 651 885 687 944; x_wconf 88' lang='lat' dir='ltr'><strong>ad</strong></span> <span class='ocrx_word' id='word_1_50' title='bbox 700 885 719 944; x_wconf 89' lang='lat' dir='ltr'>J</span> <span class='ocrx_word' id='word_1_51' title='bbox 721 885 881 945; x_wconf 90' lang='lat' dir='ltr'><strong>udairnum</strong></span> <span class='ocrx_word' id='word_1_52' title='bbox 892 884 1065 955; x_wconf 74' lang='lat' dir='ltr'><strong>relabuntur,</strong></span> <span class='ocrx_word' id='word_1_53' title='bbox 1079 884 1232 961; x_wconf 86' lang='lat' dir='ltr'><strong>dequibus</strong></span> <span class='ocrx_word' id='word_1_54' title='bbox 1247 889 1344 964; x_wconf 78' lang='lat' dir='ltr'><strong>Apos-</strong></span> 
     </span>
     <span class='ocr_line' id='line_1_7' title="bbox 143 981 1055 1063; baseline -0.004 -19"><span class='ocrx_word' id='word_1_55' title='bbox 143 984 208 1044; x_wconf 87' lang='lat' dir='ltr'><strong>olus</strong></span> <span class='ocrx_word' id='word_1_56' title='bbox 219 984 287 1063; x_wconf 78' lang='lat' dir='ltr'><strong>agit,</strong></span> <span class='ocrx_word' id='word_1_57' title='bbox 299 983 517 1043; x_wconf 85' lang='lat' dir='ltr'><strong>couversionem</strong></span> <span class='ocrx_word' id='word_1_58' title='bbox 531 1000 597 1041; x_wconf 90' lang='lat' dir='ltr'><strong>esse</strong></span> <span class='ocrx_word' id='word_1_59' title='bbox 610 981 768 1050; x_wconf 83' lang='lat' dir='ltr'><strong>difficilem,</strong></span> <span class='ocrx_word' id='word_1_60' title='bbox 782 1000 828 1040; x_wconf 90' lang='lat' dir='ltr'><strong>res</strong></span> <span class='ocrx_word' id='word_1_61' title='bbox 841 993 886 1040; x_wconf 90' lang='lat' dir='ltr'><strong>est</strong></span> <span class='ocrx_word' id='word_1_62' title='bbox 899 981 1055 1059; x_wconf 84' lang='lat' dir='ltr'><strong>explorata.</strong></span> 
     </span>
    </p>

    <p class='ocr_par' dir='ltr' id='par_1_3' title="bbox 138 1077 1345 4468">
     <span class='ocr_line' id='line_1_8' title="bbox 180 1077 1342 1157; baseline -0.003 -17"><span class='ocrx_word' id='word_1_63' title='bbox 180 1086 228 1140; x_wconf 76' lang='lat' dir='ltr'><strong>bd.</strong></span> <span class='ocrx_word' id='word_1_64' title='bbox 252 1079 375 1139; x_wconf 84' lang='lat' dir='ltr'><strong>Celebre</strong></span> <span class='ocrx_word' id='word_1_65' title='bbox 399 1088 445 1138; x_wconf 91' lang='lat' dir='ltr'><strong>est</strong></span> <span class='ocrx_word' id='word_1_66' title='bbox 462 1080 657 1139; x_wconf 87' lang='lat' dir='ltr'><strong>testimonium</strong></span> <span class='ocrx_word' id='word_1_67' title='bbox 680 1079 716 1137; x_wconf 89' lang='lat' dir='ltr'><strong>ds</strong></span> <span class='ocrx_word' id='word_1_68' title='bbox 736 1090 854 1157; x_wconf 87' lang='lat' dir='ltr'><strong>peccato</strong></span> <span class='ocrx_word' id='word_1_69' title='bbox 878 1078 909 1137; x_wconf 89' lang='lat' dir='ltr'><strong>iu</strong></span> <span class='ocrx_word' id='word_1_70' title='bbox 928 1078 1068 1155; x_wconf 75' lang='lat' dir='ltr'><strong>Spiritum</strong></span> <span class='ocrx_word' id='word_1_71' title='bbox 1089 1078 1242 1147; x_wconf 82' lang='lat' dir='ltr'><strong>Sanctum,</strong></span> <span class='ocrx_word' id='word_1_72' title='bbox 1263 1077 1342 1152; x_wconf 88' lang='lat' dir='ltr'><strong>quod</strong></span> 
     </span>
     <span class='ocr_line' id='line_1_9' title="bbox 142 1172 1338 1254; baseline -0.003 -17"><span class='ocrx_word' id='word_1_73' title='bbox 142 1196 300 1251; x_wconf 88' lang='lat' dir='ltr'><strong>numquam</strong></span> <span class='ocrx_word' id='word_1_74' title='bbox 313 1178 481 1237; x_wconf 87' lang='lat' dir='ltr'><strong>remittatur.</strong></span> <span class='ocrx_word' id='word_1_75' title='bbox 523 1175 596 1236; x_wconf 92' lang='lat' dir='ltr'><strong>Illud</strong></span> <span class='ocrx_word' id='word_1_76' title='bbox 611 1177 776 1254; x_wconf 84' lang='lat' dir='ltr'><strong>objecemnt</strong></span> <span class='ocrx_word' id='word_1_77' title='bbox 797 1175 962 1243; x_wconf 87' lang='lat' dir='ltr'><strong>Noratiani,</strong></span> <span class='ocrx_word' id='word_1_78' title='bbox 976 1175 1080 1249; x_wconf 91' lang='lat' dir='ltr'><strong>quibus</strong></span> <span class='ocrx_word' id='word_1_79' title='bbox 1101 1172 1254 1253; x_wconf 83' lang='lat' dir='ltr'><strong>respoudit</strong></span> <span class='ocrx_word' id='word_1_80' title='bbox 1268 1180 1338 1234; x_wconf 80' lang='lat' dir='ltr'><strong>Aru·</strong></span> 
     </span>
     <span class='ocr_line' id='line_1_10' title="bbox 143 1270 1342 1351; baseline -0.003 -17"><span class='ocrx_word' id='word_1_81' title='bbox 143 1276 278 1334; x_wconf 80' lang='lat' dir='ltr'><strong>brosinsr</strong></span> <span class='ocrx_word' id='word_1_82' title='bbox 299 1281 320 1314; x_wconf 79' lang='lat'><strong>‘⁴</strong></span> <span class='ocrx_word' id='word_1_83' title='bbox 330 1274 475 1334; x_wconf 88' lang='lat' dir='ltr'><strong>Perlatum</strong></span> <span class='ocrx_word' id='word_1_84' title='bbox 489 1282 637 1333; x_wconf 85' lang='lat' dir='ltr'><strong>esttamen</strong></span> <span class='ocrx_word' id='word_1_85' title='bbox 649 1273 684 1331; x_wconf 89' lang='lat' dir='ltr'><strong>ad</strong></span> <span class='ocrx_word' id='word_1_86' title='bbox 699 1290 752 1331; x_wconf 92' lang='lat' dir='ltr'><strong>nos</strong></span> <span class='ocrx_word' id='word_1_87' title='bbox 762 1272 847 1331; x_wconf 88' lang='lat' dir='ltr'><strong>etiam</strong></span> <span class='ocrx_word' id='word_1_88' title='bbox 860 1271 930 1330; x_wconf 91' lang='lat' dir='ltr'><strong>illud</strong></span> <span class='ocrx_word' id='word_1_89' title='bbox 944 1290 995 1331; x_wconf 92' lang='lat' dir='ltr'><strong>ros</strong></span> <span class='ocrx_word' id='word_1_90' title='bbox 1006 1272 1133 1351; x_wconf 86' lang='lat' dir='ltr'><strong>objicere</strong></span> <span class='ocrx_word' id='word_1_91' title='bbox 1146 1270 1254 1341; x_wconf 89' lang='lat' dir='ltr'><strong>solere,</strong></span> <span class='ocrx_word' id='word_1_92' title='bbox 1264 1272 1342 1346; x_wconf 89' lang='lat' dir='ltr'><strong>quod</strong></span> 
     </span>
     <span class='ocr_line' id='line_1_11' title="bbox 144 1370 1344 1451; baseline -0.003 -19"><span class='ocrx_word' id='word_1_93' title='bbox 144 1373 246 1432; x_wconf 86' lang='lat' dir='ltr'><strong>dicatis</strong></span> <span class='ocrx_word' id='word_1_94' title='bbox 260 1374 399 1451; x_wconf 91' lang='lat' dir='ltr'><strong>scriptum</strong></span> <span class='ocrx_word' id='word_1_95' title='bbox 412 1390 488 1431; x_wconf 90' lang='lat' dir='ltr'><strong>esse.</strong></span> <span class='ocrx_word' id='word_1_96' title='bbox 520 1370 636 1432; x_wconf 79' lang='lat' dir='ltr'><strong>‘Omne</strong></span> <span class='ocrx_word' id='word_1_97' title='bbox 650 1382 799 1449; x_wconf 87' lang='lat' dir='ltr'><strong>peccatum</strong></span> <span class='ocrx_word' id='word_1_98' title='bbox 812 1383 841 1430; x_wconf 90' lang='lat' dir='ltr'><strong>et</strong></span> <span class='ocrx_word' id='word_1_99' title='bbox 853 1370 1034 1449; x_wconf 83' lang='lat' dir='ltr'><strong>blasphemia</strong></span> <span class='ocrx_word' id='word_1_100' title='bbox 1045 1371 1206 1430; x_wconf 90' lang='lat' dir='ltr'><strong>remittetur</strong></span> <span class='ocrx_word' id='word_1_101' title='bbox 1219 1370 1344 1431; x_wconf 90' lang='lat' dir='ltr'><strong>homini·</strong></span> 
     </span>
     <span class='ocr_line' id='line_1_12' title="bbox 138 1466 1338 1549; baseline -0.004 -19"><span class='ocrx_word' id='word_1_102' title='bbox 138 1471 204 1539; x_wconf 89' lang='lat' dir='ltr'><strong>bus,</strong></span> <span class='ocrx_word' id='word_1_103' title='bbox 219 1469 343 1549; x_wconf 81' lang='lat' dir='ltr'><strong>Spiritus</strong></span> <span class='ocrx_word' id='word_1_104' title='bbox 357 1480 452 1529; x_wconf 71' lang='lat' dir='ltr'><strong>auum</strong></span> <span class='ocrx_word' id='word_1_105' title='bbox 465 1468 644 1545; x_wconf 89' lang='lat' dir='ltr'><strong>blasphemia</strong></span> <span class='ocrx_word' id='word_1_106' title='bbox 664 1486 722 1526; x_wconf 90' lang='lat' dir='ltr'><strong>nou</strong></span> <span class='ocrx_word' id='word_1_107' title='bbox 738 1468 895 1526; x_wconf 86' lang='lat' dir='ltr'><strong>remittetur</strong></span> <span class='ocrx_word' id='word_1_108' title='bbox 913 1467 1097 1536; x_wconf 85' lang='lat' dir='ltr'><strong>homiuibus;</strong></span> <span class='ocrx_word' id='word_1_109' title='bbox 1117 1478 1147 1526; x_wconf 88' lang='lat' dir='ltr'><strong>et</strong></span> <span class='ocrx_word' id='word_1_110' title='bbox 1160 1466 1338 1542; x_wconf 70' lang='lat' dir='ltr'><strong>quicumque</strong></span> 
     </span>
     <span class='ocr_line' id='line_1_13' title="bbox 140 1564 1340 1639; baseline -0.004 -11"><span class='ocrx_word' id='word_1_111' title='bbox 140 1568 246 1628; x_wconf 86' lang='lat' dir='ltr'><strong>dixerit</strong></span> <span class='ocrx_word' id='word_1_112' title='bbox 268 1569 386 1627; x_wconf 84' lang='lat' dir='ltr'><strong>verbum</strong></span> <span class='ocrx_word' id='word_1_113' title='bbox 410 1575 509 1625; x_wconf 90' lang='lat' dir='ltr'><strong>contra</strong></span> <span class='ocrx_word' id='word_1_114' title='bbox 532 1565 638 1625; x_wconf 84' lang='lat' dir='ltr'><strong>Filium</strong></span> <span class='ocrx_word' id='word_1_115' title='bbox 664 1564 791 1624; x_wconf 90' lang='lat' dir='ltr'><strong>hominis</strong></span> <span class='ocrx_word' id='word_1_116' title='bbox 813 1566 972 1623; x_wconf 88' lang='lat' dir='ltr'><strong>remittetur</strong></span> <span class='ocrx_word' id='word_1_117' title='bbox 990 1564 1028 1632; x_wconf 91' lang='lat' dir='ltr'><strong>ei,</strong></span> <span class='ocrx_word' id='word_1_118' title='bbox 1042 1567 1092 1639; x_wconf 90' lang='lat' dir='ltr'><strong>qui</strong></span> <span class='ocrx_word' id='word_1_119' title='bbox 1112 1574 1211 1625; x_wconf 89' lang='lat' dir='ltr'><strong>autem</strong></span> <span class='ocrx_word' id='word_1_120' title='bbox 1232 1565 1340 1625; x_wconf 87' lang='lat' dir='ltr'><strong>dixerit</strong></span> 
     </span>
     <span class='ocr_line' id='line_1_14' title="bbox 140 1664 1339 1744; baseline -0.001 -19"><span class='ocrx_word' id='word_1_121' title='bbox 140 1676 237 1726; x_wconf 88' lang='lat' dir='ltr'><strong>eontra</strong></span> <span class='ocrx_word' id='word_1_122' title='bbox 245 1666 385 1744; x_wconf 75' lang='lat' dir='ltr'><strong>Spiritum</strong></span> <span class='ocrx_word' id='word_1_123' title='bbox 399 1665 547 1733; x_wconf 83' lang='lat' dir='ltr'><strong>Sanctum,</strong></span> <span class='ocrx_word' id='word_1_124' title='bbox 562 1681 620 1723; x_wconf 92' lang='lat' dir='ltr'><strong>non</strong></span> <span class='ocrx_word' id='word_1_125' title='bbox 634 1664 791 1723; x_wconf 88' lang='lat' dir='ltr'><strong>remittetur</strong></span> <span class='ocrx_word' id='word_1_126' title='bbox 805 1664 832 1721; x_wconf 92' lang='lat' dir='ltr'><strong>ei</strong></span> <span class='ocrx_word' id='word_1_127' title='bbox 846 1682 941 1738; x_wconf 87' lang='lat' dir='ltr'><strong>neque</strong></span> <span class='ocrx_word' id='word_1_128' title='bbox 955 1664 984 1722; x_wconf 92' lang='lat' dir='ltr'><strong>iu</strong></span> <span class='ocrx_word' id='word_1_129' title='bbox 999 1664 1187 1734; x_wconf 78' lang='lat' dir='ltr'><strong>hocsmcnlo,</strong></span> <span class='ocrx_word' id='word_1_130' title='bbox 1200 1666 1339 1740; x_wconf 78' lang='lat' dir='ltr'><strong>usquein</strong></span> 
     </span>
     <span class='ocr_line' id='line_1_15' title="bbox 139 1760 1340 1840; baseline -0.002 -18"><span class='ocrx_word' id='word_1_131' title='bbox 139 1763 245 1822; x_wconf 81' lang='lat' dir='ltr'><strong>futuro.</strong></span> <span class='ocrx_word' id='word_1_132' title='bbox 295 1763 362 1832; x_wconf 87' lang='lat' dir='ltr'><strong>Quo</strong></span> <span class='ocrx_word' id='word_1_133' title='bbox 387 1761 522 1840; x_wconf 88' lang='lat' dir='ltr'><strong>exemplo</strong></span> <span class='ocrx_word' id='word_1_134' title='bbox 546 1760 642 1821; x_wconf 89' lang='lat' dir='ltr'><strong>omnis</strong></span> <span class='ocrx_word' id='word_1_135' title='bbox 667 1762 788 1820; x_wconf 89' lang='lat' dir='ltr'><strong>assertio</strong></span> <span class='ocrx_word' id='word_1_136' title='bbox 812 1772 907 1818; x_wconf 84' lang='lat' dir='ltr'><strong>restra</strong></span> <span class='ocrx_word' id='word_1_137' title='bbox 931 1761 1096 1830; x_wconf 76' lang='lat' dir='ltr'><strong>destruitur,</strong></span> <span class='ocrx_word' id='word_1_138' title='bbox 1119 1772 1149 1820; x_wconf 89' lang='lat' dir='ltr'><strong>et</strong></span> <span class='ocrx_word' id='word_1_139' title='bbox 1172 1762 1340 1822; x_wconf 83' lang='lat' dir='ltr'><strong>absolvitur.</strong></span> 
     </span>
     <span class='ocr_line' id='line_1_16' title="bbox 142 1858 1340 1938; baseline -0.002 -18"><span class='ocrx_word' id='word_1_140' title='bbox 142 1861 286 1938; x_wconf 80' lang='lat' dir='ltr'><strong>Scriptum</strong></span> <span class='ocrx_word' id='word_1_141' title='bbox 297 1869 342 1920; x_wconf 88' lang='lat' dir='ltr'><strong>est</strong></span> <span class='ocrx_word' id='word_1_142' title='bbox 352 1861 430 1921; x_wconf 89' lang='lat' dir='ltr'><strong>enim</strong></span> <span class='ocrx_word' id='word_1_143' title='bbox 442 1880 450 1919; x_wconf 81' lang='lat' dir='ltr'><strong>r</strong></span> <span class='ocrx_word' id='word_1_144' title='bbox 467 1858 582 1920; x_wconf 79' lang='lat' dir='ltr'><strong>‘Omne</strong></span> <span class='ocrx_word' id='word_1_145' title='bbox 593 1869 742 1936; x_wconf 87' lang='lat' dir='ltr'><strong>peccatum</strong></span> <span class='ocrx_word' id='word_1_146' title='bbox 755 1871 783 1916; x_wconf 90' lang='lat' dir='ltr'><strong>et</strong></span> <span class='ocrx_word' id='word_1_147' title='bbox 793 1858 972 1935; x_wconf 86' lang='lat' dir='ltr'><strong>blasphemia</strong></span> <span class='ocrx_word' id='word_1_148' title='bbox 982 1859 1142 1918; x_wconf 86' lang='lat' dir='ltr'><strong>remittetur</strong></span> <span class='ocrx_word' id='word_1_149' title='bbox 1151 1858 1340 1920; x_wconf 65' lang='lat' dir='ltr'><strong>hominibus!</strong></span> 
     </span>
     <span class='ocr_line' id='line_1_17' title="bbox 144 1955 1342 2039; baseline -0.001 -21"><span class='ocrx_word' id='word_1_150' title='bbox 144 1958 206 2018; x_wconf 81' lang='lat' dir='ltr'><strong>Cur</strong></span> <span class='ocrx_word' id='word_1_151' title='bbox 218 1959 305 2037; x_wconf 75' lang='lat' dir='ltr'><strong>igitur</strong></span> <span class='ocrx_word' id='word_1_152' title='bbox 317 1976 376 2019; x_wconf 91' lang='lat' dir='ltr'><strong>non</strong></span> <span class='ocrx_word' id='word_1_153' title='bbox 389 1958 553 2018; x_wconf 83' lang='lat' dir='ltr'><strong>remittitisi</strong></span> <span class='ocrx_word' id='word_1_154' title='bbox 574 1956 637 2016; x_wconf 81' lang='lat' dir='ltr'><strong>Cur</strong></span> <span class='ocrx_word' id='word_1_155' title='bbox 649 1957 743 2034; x_wconf 81' lang='lat' dir='ltr'><strong>ligatis</strong></span> <span class='ocrx_word' id='word_1_156' title='bbox 751 1956 864 2015; x_wconf 83' lang='lat' dir='ltr'><strong>vincula</strong></span> <span class='ocrx_word' id='word_1_157' title='bbox 873 1974 936 2029; x_wconf 80' lang='lat' dir='ltr'><strong>que</strong></span> <span class='ocrx_word' id='word_1_158' title='bbox 948 1974 1009 2015; x_wconf 92' lang='lat' dir='ltr'><strong>nou</strong></span> <span class='ocrx_word' id='word_1_159' title='bbox 1018 1955 1129 2039; x_wconf 81' lang='lat' dir='ltr'><strong>solvitis</strong></span> <span class='ocrx_word' id='word_1_160' title='bbox 1140 1956 1153 2014; x_wconf 88' lang='lat' dir='ltr'><strong>l</strong></span> <span class='ocrx_word' id='word_1_161' title='bbox 1174 1956 1240 2017; x_wconf 84' lang='lat' dir='ltr'><strong>Gur</strong></span> <span class='ocrx_word' id='word_1_162' title='bbox 1251 1957 1342 2017; x_wconf 93' lang='lat' dir='ltr'><strong>nodos</strong></span> 
     </span>
     <span class='ocr_line' id='line_1_18' title="bbox 143 2052 1343 2132; baseline -0.002 -17"><span class='ocrx_word' id='word_1_163' title='bbox 143 2057 257 2117; x_wconf 86' lang='lat' dir='ltr'><strong>nectitis</strong></span> <span class='ocrx_word' id='word_1_164' title='bbox 271 2074 344 2130; x_wconf 89' lang='lat' dir='ltr'><strong>quos</strong></span> <span class='ocrx_word' id='word_1_165' title='bbox 358 2074 416 2115; x_wconf 94' lang='lat' dir='ltr'><strong>non</strong></span> <span class='ocrx_word' id='word_1_166' title='bbox 429 2054 583 2114; x_wconf 83' lang='lat' dir='ltr'><strong>relaxatisi</strong></span> <span class='ocrx_word' id='word_1_167' title='bbox 618 2052 765 2113; x_wconf 84' lang='lat' dir='ltr'><strong>Remittite</strong></span> <span class='ocrx_word' id='word_1_168' title='bbox 786 2054 906 2120; x_wconf 84' lang='lat' dir='ltr'><strong>ceteris,</strong></span> <span class='ocrx_word' id='word_1_169' title='bbox 927 2062 957 2111; x_wconf 90' lang='lat' dir='ltr'><strong>et</strong></span> <span class='ocrx_word' id='word_1_170' title='bbox 976 2054 1050 2131; x_wconf 78' lang='lat' dir='ltr'><strong>agite</strong></span> <span class='ocrx_word' id='word_1_171' title='bbox 1071 2052 1107 2111; x_wconf 91' lang='lat' dir='ltr'><strong>de</strong></span> <span class='ocrx_word' id='word_1_172' title='bbox 1128 2052 1167 2112; x_wconf 90' lang='lat' dir='ltr'><strong>iis</strong></span> <span class='ocrx_word' id='word_1_173' title='bbox 1181 2070 1256 2127; x_wconf 90' lang='lat' dir='ltr'><strong>quos</strong></span> <span class='ocrx_word' id='word_1_174' title='bbox 1275 2070 1343 2132; x_wconf 89' lang='lat' dir='ltr'><strong>pec·</strong></span> 
     </span>
     <span class='ocr_line' id='line_1_19' title="bbox 144 2149 1343 2231; baseline -0.001 -19"><span class='ocrx_word' id='word_1_175' title='bbox 144 2164 241 2212; x_wconf 88' lang='lat' dir='ltr'><strong>cautes</strong></span> <span class='ocrx_word' id='word_1_176' title='bbox 256 2154 285 2212; x_wconf 92' lang='lat' dir='ltr'><strong>iu</strong></span> <span class='ocrx_word' id='word_1_177' title='bbox 300 2153 439 2231; x_wconf 80' lang='lat' dir='ltr'><strong>Spiritum</strong></span> <span class='ocrx_word' id='word_1_178' title='bbox 453 2153 589 2211; x_wconf 83' lang='lat' dir='ltr'><strong>Sanctum</strong></span> <span class='ocrx_word' id='word_1_179' title='bbox 605 2149 769 2228; x_wconf 81' lang='lat' dir='ltr'><strong>evangelica</strong></span> <span class='ocrx_word' id='word_1_180' title='bbox 782 2150 952 2209; x_wconf 82' lang='lat' dir='ltr'><strong>authoritate</strong></span> <span class='ocrx_word' id='word_1_181' title='bbox 967 2150 996 2210; x_wconf 94' lang='lat' dir='ltr'><strong>in</strong></span> <span class='ocrx_word' id='word_1_182' title='bbox 1017 2163 1189 2228; x_wconf 89' lang='lat' dir='ltr'><strong>perpetuum</strong></span> <span class='ocrx_word' id='word_1_183' title='bbox 1204 2150 1343 2230; x_wconf 78' lang='lat' dir='ltr'><strong>adstringi</strong></span> 
     </span>
     <span class='ocr_line' id='line_1_20' title="bbox 144 2246 1341 2329; baseline -0.003 -19"><span class='ocrx_word' id='word_1_184' title='bbox 144 2250 260 2329; x_wconf 84' lang='lat' dir='ltr'><strong>putatis.</strong></span> <span class='ocrx_word' id='word_1_185' title='bbox 302 2250 343 2309; x_wconf 85' lang='lat' dir='ltr'><strong>Et</strong></span> <span class='ocrx_word' id='word_1_186' title='bbox 366 2260 462 2308; x_wconf 89' lang='lat' dir='ltr'><strong>tamen</strong></span> <span class='ocrx_word' id='word_1_187' title='bbox 487 2266 560 2323; x_wconf 86' lang='lat' dir='ltr'><strong>quoe</strong></span> <span class='ocrx_word' id='word_1_188' title='bbox 583 2246 739 2325; x_wconf 83' lang='lat' dir='ltr'><strong>adstringat</strong></span> <span class='ocrx_word' id='word_1_189' title='bbox 758 2246 984 2314; x_wconf 90' lang='lat' dir='ltr'><strong>consideremus,</strong></span> <span class='ocrx_word' id='word_1_190' title='bbox 1008 2256 1170 2325; x_wconf 90' lang='lat' dir='ltr'><strong>repetentes</strong></span> <span class='ocrx_word' id='word_1_191' title='bbox 1193 2248 1341 2327; x_wconf 86' lang='lat' dir='ltr'><strong>superiora</strong></span> 
     </span>
     <span class='ocr_line' id='line_1_21' title="bbox 143 2345 1339 2428; baseline -0.003 -18"><span class='ocrx_word' id='word_1_192' title='bbox 143 2350 275 2410; x_wconf 88' lang='lat' dir='ltr'><strong>lectionis</strong></span> <span class='ocrx_word' id='word_1_193' title='bbox 289 2349 391 2428; x_wconf 88' lang='lat' dir='ltr'><strong>ipsios,</strong></span> <span class='ocrx_word' id='word_1_194' title='bbox 406 2358 436 2408; x_wconf 89' lang='lat' dir='ltr'><strong>et</strong></span> <span class='ocrx_word' id='word_1_195' title='bbox 458 2347 617 2406; x_wconf 84' lang='lat' dir='ltr'><strong>evidentius</strong></span> <span class='ocrx_word' id='word_1_196' title='bbox 631 2345 918 2424; x_wconf 86' lang='lat' dir='ltr'><strong>comprehendamus.</strong></span> <span class='ocrx_word' id='word_1_197' title='bbox 960 2345 1103 2405; x_wconf 85' lang='lat' dir='ltr'><strong>Dicebant</strong></span> <span class='ocrx_word' id='word_1_198' title='bbox 1121 2345 1237 2406; x_wconf 77' lang='lat' dir='ltr'><strong>Jndeir</strong></span> <span class='ocrx_word' id='word_1_199' title='bbox 1250 2357 1270 2385; x_wconf 80' lang='lat'><strong>&#39;⁸</strong></span> <span class='ocrx_word' id='word_1_200' title='bbox 1281 2346 1339 2407; x_wconf 85' lang='lat' dir='ltr'><strong>Hic</strong></span> 
     </span>
     <span class='ocr_line' id='line_1_22' title="bbox 144 2442 1336 2525; baseline -0.004 -19"><span class='ocrx_word' id='word_1_201' title='bbox 144 2466 203 2506; x_wconf 91' lang='lat' dir='ltr'><strong>non</strong></span> <span class='ocrx_word' id='word_1_202' title='bbox 218 2446 297 2525; x_wconf 88' lang='lat' dir='ltr'><strong>ejicit</strong></span> <span class='ocrx_word' id='word_1_203' title='bbox 309 2444 450 2504; x_wconf 80' lang='lat' dir='ltr'><strong>demonia</strong></span> <span class='ocrx_word' id='word_1_204' title='bbox 463 2444 520 2503; x_wconf 89' lang='lat' dir='ltr'><strong>nisi</strong></span> <span class='ocrx_word' id='word_1_205' title='bbox 534 2444 563 2502; x_wconf 91' lang='lat' dir='ltr'><strong>in</strong></span> <span class='ocrx_word' id='word_1_206' title='bbox 585 2442 748 2502; x_wconf 86' lang='lat' dir='ltr'><strong>Beelzebub</strong></span> <span class='ocrx_word' id='word_1_207' title='bbox 760 2443 891 2520; x_wconf 85' lang='lat' dir='ltr'><strong>principe</strong></span> <span class='ocrx_word' id='word_1_208' title='bbox 902 2442 1130 2502; x_wconf 65' lang='lat' dir='ltr'><strong>doemoniorum.⁸</strong></span> <span class='ocrx_word' id='word_1_209' title='bbox 1174 2442 1336 2522; x_wconf 76' lang='lat' dir='ltr'><strong>Respondit</strong></span> 
     </span>
     <span class='ocr_line' id='line_1_23' title="bbox 146 2540 1340 2619; baseline -0.003 -16"><span class='ocrx_word' id='word_1_210' title='bbox 146 2545 253 2603; x_wconf 85' lang='lat' dir='ltr'><strong>Jesus:</strong></span> <span class='ocrx_word' id='word_1_211' title='bbox 276 2543 390 2602; x_wconf 82' lang='lat' dir='ltr'><strong>‘Omne</strong></span> <span class='ocrx_word' id='word_1_212' title='bbox 404 2562 524 2619; x_wconf 84' lang='lat' dir='ltr'><strong>regnum</strong></span> <span class='ocrx_word' id='word_1_213' title='bbox 539 2542 663 2599; x_wconf 86' lang='lat' dir='ltr'><strong>divisum</strong></span> <span class='ocrx_word' id='word_1_214' title='bbox 678 2551 773 2599; x_wconf 88' lang='lat' dir='ltr'><strong>contra</strong></span> <span class='ocrx_word' id='word_1_215' title='bbox 789 2559 820 2598; x_wconf 92' lang='lat' dir='ltr'><strong>se</strong></span> <span class='ocrx_word' id='word_1_216' title='bbox 841 2540 1010 2607; x_wconf 91' lang='lat' dir='ltr'><strong>destruetur,</strong></span> <span class='ocrx_word' id='word_1_217' title='bbox 1027 2550 1055 2598; x_wconf 86' lang='lat' dir='ltr'><strong>et</strong></span> <span class='ocrx_word' id='word_1_218' title='bbox 1068 2542 1164 2599; x_wconf 89' lang='lat' dir='ltr'><strong>omnis</strong></span> <span class='ocrx_word' id='word_1_219' title='bbox 1179 2542 1282 2602; x_wconf 86' lang='lat' dir='ltr'><strong>civitas</strong></span> <span class='ocrx_word' id='word_1_220' title='bbox 1296 2540 1340 2599; x_wconf 85' lang='lat' dir='ltr'><strong>rel</strong></span> 
     </span>
     <span class='ocr_line' id='line_1_24' title="bbox 147 2637 1340 2716; baseline -0.002 -18"><span class='ocrx_word' id='word_1_221' title='bbox 147 2641 249 2698; x_wconf 90' lang='lat' dir='ltr'><strong>domus</strong></span> <span class='ocrx_word' id='word_1_222' title='bbox 264 2639 356 2697; x_wconf 90' lang='lat' dir='ltr'><strong>divisa</strong></span> <span class='ocrx_word' id='word_1_223' title='bbox 370 2651 466 2696; x_wconf 90' lang='lat' dir='ltr'><strong>contra</strong></span> <span class='ocrx_word' id='word_1_224' title='bbox 480 2657 512 2695; x_wconf 90' lang='lat' dir='ltr'><strong>se</strong></span> <span class='ocrx_word' id='word_1_225' title='bbox 530 2656 588 2696; x_wconf 90' lang='lat' dir='ltr'><strong>non</strong></span> <span class='ocrx_word' id='word_1_226' title='bbox 603 2639 696 2695; x_wconf 89' lang='lat' dir='ltr'><strong>stabit.</strong></span> <span class='ocrx_word' id='word_1_227' title='bbox 740 2639 771 2695; x_wconf 78' lang='lat' dir='ltr'><strong>Si</strong></span> <span class='ocrx_word' id='word_1_228' title='bbox 787 2639 864 2695; x_wconf 90' lang='lat' dir='ltr'><strong>enim</strong></span> <span class='ocrx_word' id='word_1_229' title='bbox 885 2637 1004 2694; x_wconf 85' lang='lat' dir='ltr'><strong>Satanas</strong></span> <span class='ocrx_word' id='word_1_230' title='bbox 1025 2637 1162 2696; x_wconf 83' lang='lat' dir='ltr'><strong>Satanem</strong></span> <span class='ocrx_word' id='word_1_231' title='bbox 1176 2639 1273 2716; x_wconf 84' lang='lat' dir='ltr'><strong>ejecit,</strong></span> <span class='ocrx_word' id='word_1_232' title='bbox 1296 2637 1340 2695; x_wconf 87' lang='lat' dir='ltr'><strong>ad·</strong></span> 
     </span>
     <span class='ocr_line' id='line_1_25' title="bbox 147 2734 1338 2813; baseline 0.002 -21"><span class='ocrx_word' id='word_1_233' title='bbox 147 2755 261 2794; x_wconf 90' lang='lat' dir='ltr'><strong>versum</strong></span> <span class='ocrx_word' id='word_1_234' title='bbox 277 2755 308 2793; x_wconf 89' lang='lat' dir='ltr'><strong>se</strong></span> <span class='ocrx_word' id='word_1_235' title='bbox 323 2736 431 2793; x_wconf 87' lang='lat' dir='ltr'><strong>divisus</strong></span> <span class='ocrx_word' id='word_1_236' title='bbox 446 2746 503 2792; x_wconf 88' lang='lat' dir='ltr'><strong>est:</strong></span> <span class='ocrx_word' id='word_1_237' title='bbox 528 2735 643 2806; x_wconf 92' lang='lat' dir='ltr'><strong>quando</strong></span> <span class='ocrx_word' id='word_1_238' title='bbox 657 2753 725 2810; x_wconf 87' lang='lat' dir='ltr'><strong>ergo</strong></span> <span class='ocrx_word' id='word_1_239' title='bbox 740 2736 825 2791; x_wconf 88' lang='lat' dir='ltr'><strong>stabit</strong></span> <span class='ocrx_word' id='word_1_240' title='bbox 839 2752 957 2811; x_wconf 87' lang='lat' dir='ltr'><strong>regnum</strong></span> <span class='ocrx_word' id='word_1_241' title='bbox 973 2735 1057 2810; x_wconf 80' lang='lat' dir='ltr'><strong>ejusl</strong></span> <span class='ocrx_word' id='word_1_242' title='bbox 1099 2734 1186 2801; x_wconf 84' lang='lat' dir='ltr'><strong>Quod</strong></span> <span class='ocrx_word' id='word_1_243' title='bbox 1202 2737 1228 2794; x_wconf 90' lang='lat' dir='ltr'><strong>si</strong></span> <span class='ocrx_word' id='word_1_244' title='bbox 1242 2755 1296 2813; x_wconf 86' lang='lat' dir='ltr'><strong>ego</strong></span> <span class='ocrx_word' id='word_1_245' title='bbox 1310 2737 1338 2793; x_wconf 88' lang='lat' dir='ltr'><strong>in</strong></span> 
     </span>
     <span class='ocr_line' id='line_1_26' title="bbox 148 2830 1341 2908; baseline 0.001 -18"><span class='ocrx_word' id='word_1_246' title='bbox 148 2833 311 2890; x_wconf 87' lang='lat' dir='ltr'><strong>Beelzebub</strong></span> <span class='ocrx_word' id='word_1_247' title='bbox 326 2832 410 2908; x_wconf 90' lang='lat' dir='ltr'><strong>ejicio</strong></span> <span class='ocrx_word' id='word_1_248' title='bbox 424 2830 574 2897; x_wconf 84' lang='lat' dir='ltr'><strong>daemonia,</strong></span> <span class='ocrx_word' id='word_1_249' title='bbox 591 2831 641 2888; x_wconf 88' lang='lat' dir='ltr'><strong>filii</strong></span> <span class='ocrx_word' id='word_1_250' title='bbox 657 2833 742 2888; x_wconf 91' lang='lat' dir='ltr'><strong>vestri</strong></span> <span class='ocrx_word' id='word_1_251' title='bbox 764 2833 793 2889; x_wconf 91' lang='lat' dir='ltr'><strong>in</strong></span> <span class='ocrx_word' id='word_1_252' title='bbox 808 2850 864 2904; x_wconf 91' lang='lat' dir='ltr'><strong>quo</strong></span> <span class='ocrx_word' id='word_1_253' title='bbox 878 2832 1015 2908; x_wconf 68' lang='lat' dir='ltr'><strong>ejiciunt?</strong></span> <span class='ocrx_word' id='word_1_254' title='bbox 1057 2831 1102 2890; x_wconf 93' lang='lat' dir='ltr'><strong>De</strong></span> <span class='ocrx_word' id='word_1_255' title='bbox 1116 2833 1153 2889; x_wconf 93' lang='lat' dir='ltr'><strong>iis</strong></span> <span class='ocrx_word' id='word_1_256' title='bbox 1174 2834 1275 2906; x_wconf 88' lang='lat' dir='ltr'><strong>utique</strong></span> <span class='ocrx_word' id='word_1_257' title='bbox 1296 2852 1341 2890; x_wconf 81' lang='lat' dir='ltr'><strong>ex·</strong></span> 
     </span>
     <span class='ocr_line' id='line_1_27' title="bbox 149 2926 1341 3005; baseline 0 -20"><span class='ocrx_word' id='word_1_258' title='bbox 149 2946 280 3005; x_wconf 86' lang='lat' dir='ltr'><strong>pressum</strong></span> <span class='ocrx_word' id='word_1_259' title='bbox 306 2927 446 2993; x_wconf 88' lang='lat' dir='ltr'><strong>videmus,</strong></span> <span class='ocrx_word' id='word_1_260' title='bbox 462 2927 510 2999; x_wconf 91' lang='lat' dir='ltr'><strong>qui</strong></span> <span class='ocrx_word' id='word_1_261' title='bbox 536 2926 693 2984; x_wconf 90' lang='lat' dir='ltr'><strong>Dominum</strong></span> <span class='ocrx_word' id='word_1_262' title='bbox 715 2927 816 2984; x_wconf 88' lang='lat' dir='ltr'><strong>Jesum</strong></span> <span class='ocrx_word' id='word_1_263' title='bbox 838 2928 868 2984; x_wconf 91' lang='lat' dir='ltr'><strong>in</strong></span> <span class='ocrx_word' id='word_1_264' title='bbox 891 2927 1053 2985; x_wconf 89' lang='lat' dir='ltr'><strong>Beelzebub</strong></span> <span class='ocrx_word' id='word_1_265' title='bbox 1074 2928 1180 3004; x_wconf 89' lang='lat' dir='ltr'><strong>ejicere</strong></span> <span class='ocrx_word' id='word_1_266' title='bbox 1203 2928 1341 2987; x_wconf 84' lang='lat' dir='ltr'><strong>daemonia</strong></span> 
     </span>
     <span class='ocr_line' id='line_1_28' title="bbox 148 3023 1339 3098; baseline -0.002 -15"><span class='ocrx_word' id='word_1_267' title='bbox 148 3025 345 3097; x_wconf 88' lang='lat' dir='ltr'><strong>loquebantur,</strong></span> <span class='ocrx_word' id='word_1_268' title='bbox 361 3024 464 3095; x_wconf 90' lang='lat' dir='ltr'><strong>quibus</strong></span> <span class='ocrx_word' id='word_1_269' title='bbox 479 3023 521 3079; x_wconf 89' lang='lat' dir='ltr'><strong>sic</strong></span> <span class='ocrx_word' id='word_1_270' title='bbox 536 3023 682 3098; x_wconf 87' lang='lat' dir='ltr'><strong>respondit</strong></span> <span class='ocrx_word' id='word_1_271' title='bbox 696 3023 848 3090; x_wconf 88' lang='lat' dir='ltr'><strong>Dominus,</strong></span> <span class='ocrx_word' id='word_1_272' title='bbox 865 3023 940 3095; x_wconf 88' lang='lat' dir='ltr'><strong>quod</strong></span> <span class='ocrx_word' id='word_1_273' title='bbox 955 3025 1067 3081; x_wconf 84' lang='lat' dir='ltr'><strong>Satanae</strong></span> <span class='ocrx_word' id='word_1_274' title='bbox 1089 3025 1242 3083; x_wconf 86' lang='lat' dir='ltr'><strong>haereditas</strong></span> <span class='ocrx_word' id='word_1_275' title='bbox 1263 3026 1339 3083; x_wconf 89' lang='lat' dir='ltr'><strong>iniis</strong></span> 
     </span>
     <span class='ocr_line' id='line_1_29' title="bbox 147 3120 1341 3198; baseline -0.001 -18"><span class='ocrx_word' id='word_1_276' title='bbox 147 3132 224 3180; x_wconf 87' lang='lat' dir='ltr'><strong>esset</strong></span> <span class='ocrx_word' id='word_1_277' title='bbox 237 3122 286 3194; x_wconf 93' lang='lat' dir='ltr'><strong>qui</strong></span> <span class='ocrx_word' id='word_1_278' title='bbox 301 3122 412 3178; x_wconf 87' lang='lat' dir='ltr'><strong>Satanae</strong></span> <span class='ocrx_word' id='word_1_279' title='bbox 424 3130 620 3197; x_wconf 86' lang='lat' dir='ltr'><strong>compararent</strong></span> <span class='ocrx_word' id='word_1_280' title='bbox 633 3120 807 3178; x_wconf 87' lang='lat' dir='ltr'><strong>Salvatorem</strong></span> <span class='ocrx_word' id='word_1_281' title='bbox 824 3122 962 3188; x_wconf 89' lang='lat' dir='ltr'><strong>omnium,</strong></span> <span class='ocrx_word' id='word_1_282' title='bbox 975 3131 1004 3178; x_wconf 87' lang='lat' dir='ltr'><strong>et</strong></span> <span class='ocrx_word' id='word_1_283' title='bbox 1015 3122 1043 3179; x_wconf 93' lang='lat' dir='ltr'><strong>in</strong></span> <span class='ocrx_word' id='word_1_284' title='bbox 1056 3140 1146 3198; x_wconf 85' lang='lat' dir='ltr'><strong>reguo</strong></span> <span class='ocrx_word' id='word_1_285' title='bbox 1158 3121 1264 3181; x_wconf 92' lang='lat' dir='ltr'><strong>diaboli</strong></span> <span class='ocrx_word' id='word_1_286' title='bbox 1278 3141 1341 3180; x_wconf 92' lang='lat' dir='ltr'><strong>con·</strong></span> 
     </span>
     <span class='ocr_line' id='line_1_30' title="bbox 148 3215 1341 3294; baseline -0.003 -17"><span class='ocrx_word' id='word_1_287' title='bbox 148 3219 301 3278; x_wconf 88' lang='lat' dir='ltr'><strong>stituebant</strong></span> <span class='ocrx_word' id='word_1_288' title='bbox 314 3217 431 3294; x_wconf 84' lang='lat' dir='ltr'><strong>gratiam</strong></span> <span class='ocrx_word' id='word_1_289' title='bbox 448 3216 567 3273; x_wconf 87' lang='lat' dir='ltr'><strong>Christi.</strong></span> <span class='ocrx_word' id='word_1_290' title='bbox 610 3215 648 3273; x_wconf 86' lang='lat' dir='ltr'><strong>Et</strong></span> <span class='ocrx_word' id='word_1_291' title='bbox 662 3228 693 3274; x_wconf 94' lang='lat' dir='ltr'><strong>ut</strong></span> <span class='ocrx_word' id='word_1_292' title='bbox 713 3235 952 3293; x_wconf 83' lang='lat' dir='ltr'><strong>cognosceremus</strong></span> <span class='ocrx_word' id='word_1_293' title='bbox 967 3216 1083 3290; x_wconf 91' lang='lat' dir='ltr'><strong>quiade</strong></span> <span class='ocrx_word' id='word_1_294' title='bbox 1105 3217 1160 3276; x_wconf 86' lang='lat' dir='ltr'><strong>hac</strong></span> <span class='ocrx_word' id='word_1_295' title='bbox 1180 3218 1254 3276; x_wconf 83' lang='lat' dir='ltr'><strong>dixit</strong></span> <span class='ocrx_word' id='word_1_296' title='bbox 1271 3217 1341 3276; x_wconf 87' lang='lat' dir='ltr'><strong>blas·</strong></span> 
     </span>
     <span class='ocr_line' id='line_1_31' title="bbox 148 3315 1339 3396; baseline -0.003 -20"><span class='ocrx_word' id='word_1_297' title='bbox 148 3318 274 3396; x_wconf 90' lang='lat' dir='ltr'><strong>phemia,</strong></span> <span class='ocrx_word' id='word_1_298' title='bbox 290 3316 436 3394; x_wconf 81' lang='lat' dir='ltr'><strong>adjunxit:</strong></span> <span class='ocrx_word' id='word_1_299' title='bbox 460 3315 634 3391; x_wconf 85' lang='lat' dir='ltr'><strong>‘Progenies</strong></span> <span class='ocrx_word' id='word_1_300' title='bbox 649 3315 819 3392; x_wconf 87' lang='lat' dir='ltr'><strong>viperarum,</strong></span> <span class='ocrx_word' id='word_1_301' title='bbox 842 3315 987 3389; x_wconf 89' lang='lat' dir='ltr'><strong>quomodo</strong></span> <span class='ocrx_word' id='word_1_302' title='bbox 1010 3317 1129 3391; x_wconf 85' lang='lat' dir='ltr'><strong>potestis</strong></span> <span class='ocrx_word' id='word_1_303' title='bbox 1152 3317 1228 3376; x_wconf 91' lang='lat' dir='ltr'><strong>bona</strong></span> <span class='ocrx_word' id='word_1_304' title='bbox 1252 3317 1339 3389; x_wconf 91' lang='lat' dir='ltr'><strong>loqui,</strong></span> 
     </span>
     <span class='ocr_line' id='line_1_32' title="bbox 145 3412 1339 3491; baseline -0.003 -17"><span class='ocrx_word' id='word_1_305' title='bbox 145 3434 214 3474; x_wconf 86' lang='lat' dir='ltr'><strong>cum</strong></span> <span class='ocrx_word' id='word_1_306' title='bbox 228 3415 289 3473; x_wconf 90' lang='lat' dir='ltr'><strong>sitis</strong></span> <span class='ocrx_word' id='word_1_307' title='bbox 304 3412 399 3471; x_wconf 80' lang='lat' dir='ltr'><strong>malil’</strong></span> <span class='ocrx_word' id='word_1_308' title='bbox 435 3412 498 3470; x_wconf 89' lang='lat' dir='ltr'><strong>Hos</strong></span> <span class='ocrx_word' id='word_1_309' title='bbox 513 3431 580 3488; x_wconf 85' lang='lat' dir='ltr'><strong>ergo</strong></span> <span class='ocrx_word' id='word_1_310' title='bbox 596 3414 645 3484; x_wconf 92' lang='lat' dir='ltr'><strong>qui</strong></span> <span class='ocrx_word' id='word_1_311' title='bbox 659 3413 719 3470; x_wconf 86' lang='lat' dir='ltr'><strong>haec</strong></span> <span class='ocrx_word' id='word_1_312' title='bbox 734 3415 887 3486; x_wconf 90' lang='lat' dir='ltr'><strong>loquuntur</strong></span> <span class='ocrx_word' id='word_1_313' title='bbox 901 3423 986 3490; x_wconf 84' lang='lat' dir='ltr'><strong>negat</strong></span> <span class='ocrx_word' id='word_1_314' title='bbox 1000 3412 1033 3470; x_wconf 89' lang='lat' dir='ltr'><strong>ad</strong></span> <span class='ocrx_word' id='word_1_315' title='bbox 1056 3414 1170 3472; x_wconf 87' lang='lat' dir='ltr'><strong>veniam</strong></span> <span class='ocrx_word' id='word_1_316' title='bbox 1187 3416 1339 3491; x_wconf 86' lang='lat' dir='ltr'><strong>pertinere.</strong></span> 
     </span>
     <span class='ocr_line' id='line_1_33' title="bbox 149 3510 1341 3589; baseline -0.005 -15"><span class='ocrx_word' id='word_1_317' title='bbox 149 3515 283 3586; x_wconf 90' lang='lat' dir='ltr'><strong>Denique</strong></span> <span class='ocrx_word' id='word_1_318' title='bbox 298 3513 399 3570; x_wconf 88' lang='lat' dir='ltr'><strong>Petrus</strong></span> <span class='ocrx_word' id='word_1_319' title='bbox 411 3511 524 3568; x_wconf 87' lang='lat' dir='ltr'><strong>Simoni</strong></span> <span class='ocrx_word' id='word_1_320' title='bbox 539 3511 587 3583; x_wconf 92' lang='lat' dir='ltr'><strong>qui</strong></span> <span class='ocrx_word' id='word_1_321' title='bbox 603 3512 719 3587; x_wconf 83' lang='lat' dir='ltr'><strong>magicae</strong></span> <span class='ocrx_word' id='word_1_322' title='bbox 734 3514 800 3569; x_wconf 89' lang='lat' dir='ltr'><strong>artis</strong></span> <span class='ocrx_word' id='word_1_323' title='bbox 814 3511 1019 3569; x_wconf 89' lang='lat' dir='ltr'><strong>consuetudine</strong></span> <span class='ocrx_word' id='word_1_324' title='bbox 1031 3510 1203 3586; x_wconf 88' lang='lat' dir='ltr'><strong>depravatus</strong></span> <span class='ocrx_word' id='word_1_325' title='bbox 1217 3525 1341 3589; x_wconf 85' lang='lat' dir='ltr'><strong>putasset</strong></span> 
     </span>
     <span class='ocr_line' id='line_1_34' title="bbox 149 3609 1340 3689; baseline -0.003 -19"><span class='ocrx_word' id='word_1_326' title='bbox 149 3612 225 3685; x_wconf 89' lang='lat' dir='ltr'><strong>quod</strong></span> <span class='ocrx_word' id='word_1_327' title='bbox 240 3612 357 3689; x_wconf 86' lang='lat' dir='ltr'><strong>gratiam</strong></span> <span class='ocrx_word' id='word_1_328' title='bbox 371 3609 480 3667; x_wconf 79' lang='lat' dir='ltr'><strong>Christi</strong></span> <span class='ocrx_word' id='word_1_329' title='bbox 495 3628 546 3686; x_wconf 85' lang='lat' dir='ltr'><strong>per</strong></span> <span class='ocrx_word' id='word_1_330' title='bbox 560 3610 772 3686; x_wconf 85' lang='lat' dir='ltr'><strong>impositionem</strong></span> <span class='ocrx_word' id='word_1_331' title='bbox 795 3629 906 3676; x_wconf 89' lang='lat' dir='ltr'><strong>manus,</strong></span> <span class='ocrx_word' id='word_1_332' title='bbox 923 3622 1005 3682; x_wconf 90' lang='lat' dir='ltr'><strong>atque</strong></span> <span class='ocrx_word' id='word_1_333' title='bbox 1027 3609 1203 3668; x_wconf 85' lang='lat' dir='ltr'><strong>inlusionem</strong></span> <span class='ocrx_word' id='word_1_334' title='bbox 1220 3611 1340 3688; x_wconf 83' lang='lat' dir='ltr'><strong>Spiritus</strong></span> 
     </span>
     <span class='ocr_line' id='line_1_35' title="bbox 151 3708 1340 3786; baseline -0.001 -19"><span class='ocrx_word' id='word_1_335' title='bbox 151 3710 248 3768; x_wconf 88' lang='lat' dir='ltr'><strong>Sancti</strong></span> <span class='ocrx_word' id='word_1_336' title='bbox 270 3719 446 3784; x_wconf 88' lang='lat' dir='ltr'><strong>compararet</strong></span> <span class='ocrx_word' id='word_1_337' title='bbox 468 3709 598 3783; x_wconf 83' lang='lat' dir='ltr'><strong>pecunia.</strong></span> <span class='ocrx_word' id='word_1_338' title='bbox 615 3710 669 3765; x_wconf 88' lang='lat' dir='ltr'><strong>ait:</strong></span> <span class='ocrx_word' id='word_1_339' title='bbox 700 3708 788 3766; x_wconf 88' lang='lat' dir='ltr'><strong>‘Non</strong></span> <span class='ocrx_word' id='word_1_340' title='bbox 809 3723 852 3766; x_wconf 93' lang='lat' dir='ltr'><strong>est</strong></span> <span class='ocrx_word' id='word_1_341' title='bbox 873 3710 922 3767; x_wconf 89' lang='lat' dir='ltr'><strong>tibi</strong></span> <span class='ocrx_word' id='word_1_342' title='bbox 948 3728 1022 3786; x_wconf 88' lang='lat' dir='ltr'><strong>pars,</strong></span> <span class='ocrx_word' id='word_1_343' title='bbox 1038 3727 1133 3781; x_wconf 78' lang='lat' dir='ltr'><strong>nsque</strong></span> <span class='ocrx_word' id='word_1_344' title='bbox 1148 3727 1223 3777; x_wconf 89' lang='lat' dir='ltr'><strong>sors,</strong></span> <span class='ocrx_word' id='word_1_345' title='bbox 1240 3711 1268 3768; x_wconf 93' lang='lat' dir='ltr'><strong>iu</strong></span> <span class='ocrx_word' id='word_1_346' title='bbox 1290 3710 1340 3767; x_wconf 90' lang='lat' dir='ltr'><strong>hac</strong></span> 
     </span>
     <span class='ocr_line' id='line_1_36' title="bbox 151 3807 1341 3885; baseline 0 -19"><span class='ocrx_word' id='word_1_347' title='bbox 151 3808 229 3876; x_wconf 85' lang='lat' dir='ltr'><strong>fide;</strong></span> <span class='ocrx_word' id='word_1_348' title='bbox 250 3808 316 3880; x_wconf 91' lang='lat' dir='ltr'><strong>quia</strong></span> <span class='ocrx_word' id='word_1_349' title='bbox 330 3826 379 3864; x_wconf 88' lang='lat' dir='ltr'><strong>cor</strong></span> <span class='ocrx_word' id='word_1_350' title='bbox 393 3816 473 3863; x_wconf 91' lang='lat' dir='ltr'><strong>tuum</strong></span> <span class='ocrx_word' id='word_1_351' title='bbox 488 3824 545 3863; x_wconf 91' lang='lat' dir='ltr'><strong>non</strong></span> <span class='ocrx_word' id='word_1_352' title='bbox 560 3816 604 3862; x_wconf 87' lang='lat' dir='ltr'><strong>est</strong></span> <span class='ocrx_word' id='word_1_353' title='bbox 618 3819 725 3863; x_wconf 90' lang='lat' dir='ltr'><strong>rectum</strong></span> <span class='ocrx_word' id='word_1_354' title='bbox 742 3807 815 3882; x_wconf 91' lang='lat' dir='ltr'><strong>apud</strong></span> <span class='ocrx_word' id='word_1_355' title='bbox 830 3807 936 3882; x_wconf 89' lang='lat' dir='ltr'><strong>Deum.</strong></span> <span class='ocrx_word' id='word_1_356' title='bbox 968 3807 1169 3865; x_wconf 79' lang='lat' dir='ltr'><strong>Paenitentiam</strong></span> <span class='ocrx_word' id='word_1_357' title='bbox 1185 3809 1282 3881; x_wconf 89' lang='lat' dir='ltr'><strong>itaque</strong></span> <span class='ocrx_word' id='word_1_358' title='bbox 1294 3825 1341 3885; x_wconf 84' lang='lat' dir='ltr'><strong>age</strong></span> 
     </span>
     <span class='ocr_line' id='line_1_37' title="bbox 150 3904 1340 3981; baseline -0.002 -18"><span class='ocrx_word' id='word_1_359' title='bbox 150 3907 184 3963; x_wconf 91' lang='lat' dir='ltr'><strong>ab</strong></span> <span class='ocrx_word' id='word_1_360' title='bbox 198 3905 251 3962; x_wconf 89' lang='lat' dir='ltr'><strong>hac</strong></span> <span class='ocrx_word' id='word_1_361' title='bbox 266 3904 391 3975; x_wconf 90' lang='lat' dir='ltr'><strong>nequitia</strong></span> <span class='ocrx_word' id='word_1_362' title='bbox 406 3915 461 3971; x_wconf 87' lang='lat' dir='ltr'><strong>tua,</strong></span> <span class='ocrx_word' id='word_1_363' title='bbox 477 3915 505 3960; x_wconf 91' lang='lat' dir='ltr'><strong>et</strong></span> <span class='ocrx_word' id='word_1_364' title='bbox 519 3920 632 3980; x_wconf 89' lang='lat' dir='ltr'><strong>precare</strong></span> <span class='ocrx_word' id='word_1_365' title='bbox 651 3904 817 3968; x_wconf 83' lang='lat' dir='ltr'><strong>Dominum,</strong></span> <span class='ocrx_word' id='word_1_366' title='bbox 831 3906 853 3961; x_wconf 86' lang='lat' dir='ltr'><strong>si</strong></span> <span class='ocrx_word' id='word_1_367' title='bbox 869 3904 939 3961; x_wconf 85' lang='lat' dir='ltr'><strong>sorte</strong></span> <span class='ocrx_word' id='word_1_368' title='bbox 954 3904 1110 3960; x_wconf 88' lang='lat' dir='ltr'><strong>remittatur</strong></span> <span class='ocrx_word' id='word_1_369' title='bbox 1125 3904 1174 3961; x_wconf 92' lang='lat' dir='ltr'><strong>tibi</strong></span> <span class='ocrx_word' id='word_1_370' title='bbox 1191 3905 1253 3963; x_wconf 86' lang='lat' dir='ltr'><strong>haec</strong></span> <span class='ocrx_word' id='word_1_371' title='bbox 1268 3905 1340 3981; x_wconf 85' lang='lat' dir='ltr'><strong>cogi-</strong></span> 
     </span>
     <span class='ocr_line' id='line_1_38' title="bbox 148 4000 1340 4077; baseline 0 -16"><span class='ocrx_word' id='word_1_372' title='bbox 148 4004 217 4062; x_wconf 87' lang='lat' dir='ltr'><strong>tatio</strong></span> <span class='ocrx_word' id='word_1_373' title='bbox 231 4002 324 4060; x_wconf 88' lang='lat' dir='ltr'><strong>cordis</strong></span> <span class='ocrx_word' id='word_1_374' title='bbox 339 4003 388 4059; x_wconf 88' lang='lat' dir='ltr'><strong>tui.</strong></span> <span class='ocrx_word' id='word_1_375' title='bbox 429 4001 463 4059; x_wconf 92' lang='lat' dir='ltr'><strong>In</strong></span> <span class='ocrx_word' id='word_1_376' title='bbox 478 4000 648 4077; x_wconf 87' lang='lat' dir='ltr'><strong>obligatione</strong></span> <span class='ocrx_word' id='word_1_377' title='bbox 663 4003 741 4061; x_wconf 91' lang='lat' dir='ltr'><strong>enim</strong></span> <span class='ocrx_word' id='word_1_378' title='bbox 751 4003 906 4075; x_wconf 86' lang='lat' dir='ltr'><strong>iniquitatis</strong></span> <span class='ocrx_word' id='word_1_379' title='bbox 921 4015 949 4059; x_wconf 90' lang='lat' dir='ltr'><strong>et</strong></span> <span class='ocrx_word' id='word_1_380' title='bbox 963 4001 1157 4058; x_wconf 87' lang='lat' dir='ltr'><strong>amaritudinis</strong></span> <span class='ocrx_word' id='word_1_381' title='bbox 1172 4001 1247 4061; x_wconf 85' lang='lat' dir='ltr'><strong>sellis</strong></span> <span class='ocrx_word' id='word_1_382' title='bbox 1260 4003 1340 4061; x_wconf 87' lang='lat' dir='ltr'><strong>video</strong></span> 
     </span>
     <span class='ocr_line' id='line_1_39' title="bbox 149 4097 1340 4174; baseline -0.003 -14"><span class='ocrx_word' id='word_1_383' title='bbox 149 4112 177 4160; x_wconf 87' lang='lat' dir='ltr'><strong>te</strong></span> <span class='ocrx_word' id='word_1_384' title='bbox 191 4098 277 4159; x_wconf 66' lang='lat' dir='ltr'><strong>esse!</strong></span> <span class='ocrx_word' id='word_1_385' title='bbox 319 4098 408 4155; x_wconf 86' lang='lat' dir='ltr'><strong>Vides</strong></span> <span class='ocrx_word' id='word_1_386' title='bbox 423 4097 499 4171; x_wconf 92' lang='lat' dir='ltr'><strong>quod</strong></span> <span class='ocrx_word' id='word_1_387' title='bbox 519 4097 596 4154; x_wconf 90' lang='lat' dir='ltr'><strong>hunc</strong></span> <span class='ocrx_word' id='word_1_388' title='bbox 619 4098 727 4174; x_wconf 80' lang='lat' dir='ltr'><strong>magica</strong></span> <span class='ocrx_word' id='word_1_389' title='bbox 747 4101 867 4155; x_wconf 82' lang='lat' dir='ltr'><strong>vanitate</strong></span> <span class='ocrx_word' id='word_1_390' title='bbox 887 4097 1132 4173; x_wconf 86' lang='lat' dir='ltr'><strong>blasphemantem</strong></span> <span class='ocrx_word' id='word_1_391' title='bbox 1148 4098 1178 4154; x_wconf 91' lang='lat' dir='ltr'><strong>in</strong></span> <span class='ocrx_word' id='word_1_392' title='bbox 1202 4098 1340 4174; x_wconf 83' lang='lat' dir='ltr'><strong>Spiritum</strong></span> 
     </span>
     <span class='ocr_line' id='line_1_40' title="bbox 149 4194 1342 4273; baseline -0.003 -15"><span class='ocrx_word' id='word_1_393' title='bbox 149 4202 286 4258; x_wconf 85' lang='lat' dir='ltr'><strong>Sanctum</strong></span> <span class='ocrx_word' id='word_1_394' title='bbox 300 4196 455 4273; x_wconf 87' lang='lat' dir='ltr'><strong>apostolica</strong></span> <span class='ocrx_word' id='word_1_395' title='bbox 469 4195 636 4252; x_wconf 88' lang='lat' dir='ltr'><strong>authoritate</strong></span> <span class='ocrx_word' id='word_1_396' title='bbox 656 4195 836 4261; x_wconf 86' lang='lat' dir='ltr'><strong>condemnet,</strong></span> <span class='ocrx_word' id='word_1_397' title='bbox 852 4208 880 4253; x_wconf 91' lang='lat' dir='ltr'><strong>et</strong></span> <span class='ocrx_word' id='word_1_398' title='bbox 902 4214 937 4253; x_wconf 90' lang='lat' dir='ltr'><strong>eo</strong></span> <span class='ocrx_word' id='word_1_399' title='bbox 952 4195 1042 4270; x_wconf 85' lang='lat' dir='ltr'><strong>magis</strong></span> <span class='ocrx_word' id='word_1_400' title='bbox 1065 4194 1132 4266; x_wconf 89' lang='lat' dir='ltr'><strong>quia</strong></span> <span class='ocrx_word' id='word_1_401' title='bbox 1153 4214 1256 4271; x_wconf 90' lang='lat' dir='ltr'><strong>puram</strong></span> <span class='ocrx_word' id='word_1_402' title='bbox 1278 4215 1342 4255; x_wconf 90' lang='lat' dir='ltr'><strong>cou-</strong></span> 
     </span>
     <span class='ocr_line' id='line_1_41' title="bbox 151 4293 1343 4369; baseline -0.003 -13"><span class='ocrx_word' id='word_1_403' title='bbox 151 4297 298 4356; x_wconf 87' lang='lat' dir='ltr'><strong>scientiam</strong></span> <span class='ocrx_word' id='word_1_404' title='bbox 312 4294 380 4352; x_wconf 91' lang='lat' dir='ltr'><strong>fidei</strong></span> <span class='ocrx_word' id='word_1_405' title='bbox 394 4311 452 4351; x_wconf 87' lang='lat' dir='ltr'><strong>non</strong></span> <span class='ocrx_word' id='word_1_406' title='bbox 467 4293 605 4352; x_wconf 89' lang='lat' dir='ltr'><strong>habebat:</strong></span> <span class='ocrx_word' id='word_1_407' title='bbox 621 4304 649 4351; x_wconf 87' lang='lat' dir='ltr'><strong>et</strong></span> <span class='ocrx_word' id='word_1_408' title='bbox 660 4305 753 4351; x_wconf 89' lang='lat' dir='ltr'><strong>tamen</strong></span> <span class='ocrx_word' id='word_1_409' title='bbox 766 4312 821 4350; x_wconf 92' lang='lat' dir='ltr'><strong>non</strong></span> <span class='ocrx_word' id='word_1_410' title='bbox 836 4293 992 4351; x_wconf 86' lang='lat' dir='ltr'><strong>interclusit</strong></span> <span class='ocrx_word' id='word_1_411' title='bbox 1005 4293 1031 4350; x_wconf 88' lang='lat' dir='ltr'><strong>ei</strong></span> <span class='ocrx_word' id='word_1_412' title='bbox 1044 4310 1128 4369; x_wconf 88' lang='lat' dir='ltr'><strong>spem</strong></span> <span class='ocrx_word' id='word_1_413' title='bbox 1143 4294 1246 4361; x_wconf 78' lang='lat' dir='ltr'><strong>venire,</strong></span> <span class='ocrx_word' id='word_1_414' title='bbox 1258 4313 1343 4366; x_wconf 89' lang='lat' dir='ltr'><strong>quem</strong></span> 
     </span>
     <span class='ocr_line' id='line_1_42' title="bbox 150 4390 1345 4468; baseline 0 -17"><span class='ocrx_word' id='word_1_415' title='bbox 150 4395 278 4454; x_wconf 88' lang='lat' dir='ltr'><strong>invitavit</strong></span> <span class='ocrx_word' id='word_1_416' title='bbox 291 4392 325 4450; x_wconf 93' lang='lat' dir='ltr'><strong>ad</strong></span> <span class='ocrx_word' id='word_1_417' title='bbox 351 4391 566 4468; x_wconf 64' lang='lat' dir='ltr'><strong>poenitentiam?</strong></span> <span class='ocrx_word' id='word_1_418' title='bbox 602 4393 785 4468; x_wconf 87' lang='lat' dir='ltr'><strong>Responsum</strong></span> <span class='ocrx_word' id='word_1_419' title='bbox 807 4401 852 4447; x_wconf 87' lang='lat' dir='ltr'><strong>est</strong></span> <span class='ocrx_word' id='word_1_420' title='bbox 866 4391 951 4467; x_wconf 87' lang='lat' dir='ltr'><strong>igitur</strong></span> <span class='ocrx_word' id='word_1_421' title='bbox 972 4411 988 4448; x_wconf 87' lang='lat' dir='ltr'><strong>a</strong></span> <span class='ocrx_word' id='word_1_422' title='bbox 1010 4390 1137 4448; x_wconf 90' lang='lat' dir='ltr'><strong>Domino</strong></span> <span class='ocrx_word' id='word_1_423' title='bbox 1159 4390 1345 4468; x_wconf 80' lang='lat' dir='ltr'><strong>blasphemie</strong></span> 
     </span>
    </p>
   </div>
   <div class='ocr_carea' id='block_1_3' title="bbox 546 4626 884 4693">
    <p class='ocr_par' dir='ltr' id='par_1_4' title="bbox 546 4626 884 4693">
     <span class='ocr_line' id='line_1_43' title="bbox 546 4626 884 4693; baseline 0.009 -20"><span class='ocrx_word' id='word_1_424' title='bbox 546 4626 588 4693; x_wconf 90' lang='lat' dir='ltr'><strong>(l)</strong></span> <span class='ocrx_word' id='word_1_425' title='bbox 608 4626 638 4677; x_wconf 91' lang='lat' dir='ltr'><strong>L.</strong></span> <span class='ocrx_word' id='word_1_426' title='bbox 646 4628 672 4678; x_wconf 92' lang='lat' dir='ltr'><strong>ii.</strong></span> <span class='ocrx_word' id='word_1_427' title='bbox 681 4628 711 4678; x_wconf 87' lang='lat' dir='ltr'><strong>de</strong></span> <span class='ocrx_word' id='word_1_428' title='bbox 720 4627 809 4677; x_wconf 86' lang='lat' dir='ltr'><strong>Poenit.</strong></span> <span class='ocrx_word' id='word_1_429' title='bbox 827 4643 848 4676; x_wconf 90' lang='lat' dir='ltr'><strong>c.</strong></span> <span class='ocrx_word' id='word_1_430' title='bbox 860 4627 884 4676; x_wconf 89' lang='lat' dir='ltr'><strong>ii.</strong></span> 
     </span>
    </p>
   </div>
   <div class='ocr_carea' id='block_1_4' title="bbox 0 0 1400 5056">
    <p class='ocr_par' dir='ltr' id='par_1_5' title="bbox 0 0 1400 5056">
     <span class='ocr_line' id='line_1_44' title="bbox 0 0 1400 5056; baseline 0 0"><span class='ocrx_word' id='word_1_431' title='bbox 0 0 1400 5056; x_wconf 95' lang='lat' dir='ltr'><strong> </strong></span> 
     </span>
    </p>
   </div>
  </div>
 </body>
</html>
