2774 5056
444 329 497 391 DE
517 329 637 390 MODO
658 328 922 391 BAP'I'IZANDI.
1231 331 1267 389 41

90 484 185 558 demus,
197 489 306 550 saltem
325 489 490 549 necessitate
503 501 630 566 urgente,
654 488 794 547 infusione
808 489 854 547 vel
874 487 1037 565 aspersione
1053 486 1268 547 administraba-

91 592 134 651 tur,
153 587 267 662 jamque
284 588 360 646 ritus
375 587 434 646 hia
455 588 580 664 pluribus
595 586 706 645 sarculis
729 606 779 664 per
791 597 877 645 totam
892 586 949 645 lere
962 586 1145 645 obtinuerunt
1165 586 1265 645 Eccle-

90 679 160 739 siam.
212 684 296 761 Ergo
311 684 390 743 valor
411 684 540 761 baptismi
561 684 596 741 iis
618 683 772 741 rationibus
793 683 886 741 collati
906 681 1102 760 agnoscendus
1130 693 1182 751 est,
1209 683 1268 741 nisi

91 773 225 837 Christum
239 781 302 838 suis
325 779 400 838 haud
414 781 525 839 stetisse
540 780 698 856 promissis,
711 789 740 837 ιι
753 779 914 838 Ecclesiam
928 779 1040 856 penitus
1060 797 1076 837 e
1096 780 1177 837 terris
1191 778 1267 839 dele·

90 873 154 932 cisse
168 875 302 936 velimus.

121 968 267 1030 Probatur
281 969 326 1029 11.
339 928 591 1030 accenseatudine
605 969 755 1029 Ecclesiae.

121 1071 166 1127 66.
199 1069 232 1126 S.
254 1068 435 1136 Laurentius,
457 1071 590 1143 quiante
614 1069 749 1128 seculum
771 1069 884 1127 tertium
905 1070 1030 1129 medium
1054 1079 1162 1146 martyr
1182 1069 1263 1138 obiit,
1316 1052 1325 1097 ‘¹

90 1161 222 1223 lucillum
232 1166 376 1225 infusione
392 1167 549 1243 baptizasse
564 1167 674 1243 legitur,
691 1185 755 1224 nam
777 1177 893 1243 accepta
906 1185 990 1240 aqua,
1002 1185 1091 1240 eaque
1109 1166 1265 1234 benedicta,
1300 1163 1309 1213 l

90 1260 181 1320 “ludit
206 1282 294 1341 super
318 1276 403 1341 caput
424 1263 532 1341 ιι]ἰιι.”1
571 1264 605 1322 Ιιι
634 1264 766 1322 Ecclesia
790 1265 821 1321 S.
848 1262 992 1323 Laurentii
1014 1266 1043 1322 in
1058 1283 1125 1342 agro
1141 1264 1265 1333 Verane,

90 1355 190 1426 Rome,
214 1361 338 1419 comitur
352 1373 460 1418 vetusta
480 1361 573 1438 imago
601 1361 745 1418 Laurentii
766 1361 935 1438 baptizantis
950 1361 1123 1430 Romanum,
1139 1361 1167 1419 in
1189 1361 1265 1438 pelvi

89 1461 210 1522 stantem,
225 1473 384 1531 arcensque
398 1456 546 1514 exhibetur
565 1475 649 1528 quem
665 1457 776 1513 sinistra
790 1474 875 1514 manu
891 1465 989 1514 tenens
1004 1458 1033 1515 in
1055 1466 1141 1533 caput
1155 1455 1264 1515 effudit.

89 1545 117 1606 Iu
141 1551 211 1609 actis
232 1552 263 1609 S.
291 1552 440 1611 Gratiliani
463 1571 501 1610 m.
527 1552 716 1620 Felicissima,
744 1554 807 1630 ejus
829 1572 915 1630 opera
939 1552 1024 1612 fidem
1040 1553 1149 1622 edocta,
1164 1555 1268 1632 legitur

88 1663 204 1709 oneum·
221 1667 295 1722 aqua
317 1650 432 1726 plenum
448 1650 473 1706 ei
489 1650 624 1708 obtulisse
639 1661 670 1708 ut
683 1651 816 1726 baptismi
830 1650 948 1727 gratiam
961 1661 1191 1724 consequeretur.
1232 1651 1266 1710 ln

89 1743 147 1801 actis
162 1748 194 1804 S.
209 1746 317 1805 Bacchi
329 1766 368 1805 m.
382 1749 549 1823 praepositus
566 1748 663 1805 Laurae
680 1749 709 1807 S.
725 1749 825 1807 Sabbae
846 1748 947 1807 dicitur
957 1747 1093 1808 effudisse
1115 1749 1267 1828 vivificum

89 1857 187 1901 umam
200 1860 288 1920 snper
301 1853 386 1920 capnt
399 1843 471 1919 ejus.
513 1843 546 1900 ln
561 1846 630 1900 actis
657 1845 686 1902 S.
703 1843 839 1921 Liudgeri
863 1845 991 1921 episcopi
1013 1845 1129 1902 refertur
1149 1863 1215 1903 eum
1236 1845 1266 1902 in

88 1940 248 2016 expulsione
262 1958 407 1999 servorum
424 1938 479 1997 Dei
493 1959 509 1998 e
525 1940 624 2008 Frisia,
640 1940 782 1999 Beruleno
803 1940 913 1999 homini
937 1941 1009 1999 laico
1024 1941 1193 2018 injunxisse,
1215 1959 1267 2018 per

89 2035 178 2096 domos
202 2036 370 2104 discurrere,
397 2046 467 2094 et·“
480 2039 623 2113 persuasis
651 2039 786 2095 matronis
813 2039 963 2096 morituros
984 2039 1127 2115 baptizare
1152 2037 1265 2097 illorum

44 2122 47 2137 ¹
89 2132 239 2201 inlamnlos,
248 2132 396 2191 benedicta
407 2134 573 2209 simpliciter
582 2153 664 2207 aqua,
674 2135 704 2191 in
714 2135 828 2192 nomine
841 2133 977 2193 Domini
970 2135 1103 2193 intinctos
1115 2134 1159 2192 vel
1169 2152 1266 2211 super·

89 2229 156 2288 lusos
168 2249 233 2290 cnm
249 2231 426 2289 invocatione
441 2231 472 2288 S
489 2231 683 2288 Trinitatis.”⁵¹
723 2230 801 2289 Hinc
816 2231 926 2299 Strabo,
942 2232 1061 2308 scriptur
1075 2250 1143 2289 nom
1135 2231 1265 2299 saeculi,

44 2304 195 2413 {dieiw
198 2326 373 2386 ‘notandum
388 2339 550 2385 autemnon
565 2327 657 2385 solnm
673 2328 837 2404 mergendo,
853 2346 949 2386 rerum
964 2328 1049 2386 etiam
1064 2327 1187 2403 desuper
1202 2327 1264 2385 lun·

89 2422 179 2493 dendo,
194 2426 300 2484 multos
314 2424 402 2484 luisse
417 2426 583 2502 baptizatos,
599 2439 627 2482 ιι
640 2423 731 2482 adhuc
746 2443 832 2500 posse
846 2425 993 2500 baptizari,
1010 2424 1034 2481 si
1050 2425 1205 2482 necessitas
1217 2426 1264 2492 sit,

44 2556 47 2605 Ι
90 2520 152 2579 sicut
176 2523 205 2580 in
228 2523 362 2600 passione
385 2523 458 2580 beati
479 2522 622 2579 Laurentii
645 2520 796 2595 quemdam
822 2539 906 2578 urceo
929 2520 1012 2579 allato
1035 2520 1156 2599 legimus
1177 2521 1265 2599 bapti·

92 2620 220 2678 zatum.’'²

123 2723 165 2780 67.
187 2719 316 2778 Plurima
330 2718 446 2776 Patrum
461 2720 575 2795 scripta,
590 2717 785 2775 Conciliorum
804 2717 916 2776 decreta
928 2727 956 2776 et
971 2717 1025 2776 alia
1038 2717 1153 2791 antiqua
1166 2736 1265 2777 monu-

44 2878 47 2883 ,
93 2830 171 2876 neuta
184 2827 320 2876 testantur
332 2816 503 2894 baptismum
526 2817 723 2893 egrotantibus
744 2816 775 2873 in
793 2817 866 2875 lecto
880 2815 1111 2875 decumbentibus
1133 2815 1266 2875 adminis·

44 2944 46 2955 =
92 2925 177 2972 tratum
191 2914 346 2981 inlusione,
361 2914 410 2986 qui
428 2911 535 2971 Clinicc'
550 2913 654 2971 idcirco
669 2912 842 2971 dicebantur.
885 2911 942 2970 His
963 2922 1057 2971 tamen
1079 2931 1163 2972 nemo
1178 2933 1263 2972 ausus

92 3022 126 3068 est
136 3013 304 3090 baptismum
318 3009 443 3070 secundb
460 3012 626 3077 ministrare,
642 3010 756 3084 quando
767 3030 804 3069 ex
813 3011 912 3068 morbo
921 3012 1123 3079 convaluerint,
1133 3013 1262 3084 quamvis

90 3107 119 3165 ob
130 3107 239 3167 dilatam
257 3126 348 3181 usque
362 3106 398 3165 ad
411 3106 508 3164 mortis
523 3107 679 3184 periculum
694 3107 826 3184 baptismi
850 3107 1072 3184 susceptionem,
1083 3106 1181 3166 meriti
1207 3108 1264 3165 sint

92 3207 192 3264 asacris
207 3205 352 3264 ordinibus
375 3204 516 3280 prohibiti.

119 3300 265 3361 Probatur
283 3299 345 3360 III.
360 3299 489 3361 Petrum
503 3301 686 3359 auctoritate.

120 3403 164 3458 68.
184 3400 217 3457 S.
243 3397 418 3456 Carmanos
445 3396 480 3454 de
502 3398 611 3454 clinicis
636 3407 748 3473 rogatus
772 3396 950 3464 sententiam,
975 3405 1041 3453 “an
1067 3395 1189 3454 habendi
1202 3399 1259 3454 sint

91 3494 200 3575 legitimi
226 3496 385 3555 Christiani
403 3514 437 3554 co
453 3495 528 3568 quod
543 3514 615 3569 aqua
628 3495 741 3552 salutari
755 3514 812 3553 non
833 3496 883 3554 loti
903 3495 968 3561 sint,
984 3493 1033 3550 sed
1048 3493 1186 3570 perfusi,”
1201 3513 1260 3553 res·

89 3596 190 3672 pendit:
214 3595 310 3655 “Nos
325 3605 460 3669 qnantum
481 3594 605 3670 concipit
626 3593 805 3652 mediocritas
827 3603 930 3659 nostra,
952 3592 1125 3649 aestimamus
1139 3592 1168 3652 in
1181 3594 1259 3654 nullo

88 3697 208 3765 mutilari,
226 3706 254 3754 et
269 3694 408 3753 debilitari
423 3711 508 3770 posse
530 3692 627 3750 divina
642 3691 777 3751 beneficia
780 3731 912 3748 .....
936 3690 1020 3748 Unde
1036 3701 1151 3767 apparet
1164 3712 1258 3771 asper-

87 3793 182 3854 sionem
195 3810 312 3866 quoque
333 3809 413 3865 aque
428 3791 514 3848 instar
528 3789 656 3847 salutaris
678 3787 780 3844 lavacri
802 3786 971 3844 obtinere.’'⁴
1011 3787 1092 3847 Adeo
1113 3791 1258 3848 constabat

59 3900 62 3907 '
87 3889 243 3968 baptismum
259 3886 361 3954 valere,
377 3897 408 3945 ut
428 3886 462 3945 de
477 3906 513 3944 eo
533 3885 660 3944 iterando
674 3883 750 3942 nulla
772 3884 855 3942 suerit
875 3886 1003 3958 quaestio,
1018 3885 1068 3944 sed
1091 3894 1182 3944 utrum
1197 3888 1257 3964 pari

87 3991 159 4083 Qua
170 4009 203 4048 ac
213 3986 330 4066 juribus
346 3983 467 4053 eisdem,
481 3985 529 4058 qui
539 3986 577 4043 ita
588 3985 696 4042 fuerant
706 3983 851 4058 baptizati,
860 3983 1025 4042 fruerentur.
1068 3984 1137 4042 Ideo
1152 3984 1257 4062 Cypri·

87 4106 143 4149 tuus
152 4088 281 4150 additr‘
285 4084 337 4176 ‘Si
351 4095 444 4142 autem
458 4084 594 4162 baptizari
609 4103 665 4142 non
681 4090 809 4161 possunt,
825 4082 874 4155 qui
884 4083 945 4158 jam
957 4083 1096 4160 baptismo
1110 4084 1256 4142 ecclesias·

107 4269 140 4328 (l)
154 4262 271 4316 Tamis.
282 4259 311 4310 in
328 4257 397 4308 Actis
409 4257 436 4308 S.
446 4257 571 4308 Laurentii
583 4274 605 4323 p.
616 4260 672 4307 612.
689 4292 691 4296 -

107 4354 141 4420 ιι)
158 4350 222 4403 Vide
238 4344 307 4415 apud
319 4344 431 4394 Murteae
441 4343 471 4394 de
482 4344 587 4408 antiquis
603 4343 671 4394 Eccl.
682 4341 719 4393 rit.
735 4341 750 4390 l.
762 4341 784 4388 l.
796 4354 816 4390 c.
829 4342 850 4390 1.
862 4347 903 4391 art
916 4340 965 4390 xiv.

106 4439 140 4506 (6)
157 4439 189 4490 Ιιι
199 4438 242 4489 lib.
254 4435 287 4486 de
304 4433 377 4482 rebus
389 4431 482 4483 Eccles.
494 4447 515 4482 c.
526 4430 591 4481 xxvi.

105 4525 142 4596 (t)
158 4526 208 4595 Ep.
219 4524 252 4577 sd
264 4521 399 4584 Mamm.
