<?xml version="1.0" encoding="UTF-8"?>
<!DOCTYPE html PUBLIC "-//W3C//DTD XHTML 1.0 Transitional//EN"
    "http://www.w3.org/TR/xhtml1/DTD/xhtml1-transitional.dtd">
<html xmlns="http://www.w3.org/1999/xhtml" xml:lang="en" lang="en">
 <head>
  <title>
</title>
<meta http-equiv="Content-Type" content="text/html;charset=utf-8" />
  <meta name='ocr-system' content='tesseract 3.04.00' />
  <meta name='ocr-capabilities' content='ocr_page ocr_carea ocr_par ocr_line ocrx_word'/>
</head>
<body>
  <div class='ocr_page' id='page_1' title='image "./theologidogmati03kenrgoog_0322.png"; bbox 0 0 2774 5056; ppageno 0'>
   <div class='ocr_carea' id='block_1_1' title="bbox 256 285 1306 360">
    <p class='ocr_par' dir='ltr' id='par_1_1' title="bbox 256 285 1306 360">
     <span class='ocr_line' id='line_1_1' title="bbox 256 285 1306 360; baseline -0.007 -7"><span class='ocrx_word' id='word_1_1' title='bbox 256 287 315 353; x_wconf 73' lang='lat' dir='ltr'><strong>DE</strong></span> <span class='ocrx_word' id='word_1_2' title='bbox 336 286 591 360; x_wconf 60' lang='lat' dir='ltr'><strong>porosum:</strong></span> <span class='ocrx_word' id='word_1_3' title='bbox 612 286 889 348; x_wconf 79' lang='lat' dir='ltr'>REMITTENDI</span> <span class='ocrx_word' id='word_1_4' title='bbox 909 285 1118 350; x_wconf 71' lang='lat' dir='ltr'><strong>recem</strong></span> <span class='ocrx_word' id='word_1_5' title='bbox 1245 287 1306 348; x_wconf 73' lang='lat'><strong>810</strong></span> 
     </span>
    </p>
   </div>
   <div class='ocr_carea' id='block_1_2' title="bbox 89 444 1368 4425">
    <p class='ocr_par' dir='ltr' id='par_1_2' title="bbox 89 444 1308 815">
     <span class='ocr_line' id='line_1_2' title="bbox 90 444 1298 526; baseline -0.001 -19"><span class='ocrx_word' id='word_1_6' title='bbox 90 446 248 526; x_wconf 75' lang='lat' dir='ltr'><strong>polliceria</strong></span> <span class='ocrx_word' id='word_1_7' title='bbox 269 464 358 522; x_wconf 88' lang='lat' dir='ltr'><strong>qnam</strong></span> <span class='ocrx_word' id='word_1_8' title='bbox 371 446 482 509; x_wconf 82' lang='lat' dir='ltr'><strong>christi</strong></span> <span class='ocrx_word' id='word_1_9' title='bbox 496 446 661 507; x_wconf 85' lang='lat' dir='ltr'><strong>auctoritate</strong></span> <span class='ocrx_word' id='word_1_10' title='bbox 681 463 783 523; x_wconf 88' lang='lat' dir='ltr'><strong>reapse</strong></span> <span class='ocrx_word' id='word_1_11' title='bbox 796 444 901 505; x_wconf 84' lang='lat' dir='ltr'><strong>dabant</strong></span> <span class='ocrx_word' id='word_1_12' title='bbox 918 446 1068 524; x_wconf 77' lang='lat' dir='ltr'><strong>agentibus</strong></span> <span class='ocrx_word' id='word_1_13' title='bbox 1089 446 1298 524; x_wconf 72' lang='lat' dir='ltr'><strong>penitentiam,</strong></span> 
     </span>
     <span class='ocr_line' id='line_1_3' title="bbox 89 543 1308 623; baseline 0 -18"><span class='ocrx_word' id='word_1_14' title='bbox 89 546 202 620; x_wconf 77' lang='lat' dir='ltr'><strong>quibus</strong></span> <span class='ocrx_word' id='word_1_15' title='bbox 216 546 296 607; x_wconf 84' lang='lat' dir='ltr'><strong>eninr</strong></span> <span class='ocrx_word' id='word_1_16' title='bbox 309 546 491 607; x_wconf 85' lang='lat' dir='ltr'><strong>remittebant</strong></span> <span class='ocrx_word' id='word_1_17' title='bbox 515 553 642 623; x_wconf 66' lang='lat' dir='ltr'><strong>peccam,</strong></span> <span class='ocrx_word' id='word_1_18' title='bbox 656 563 757 605; x_wconf 84' lang='lat' dir='ltr'><strong>revera</strong></span> <span class='ocrx_word' id='word_1_19' title='bbox 768 544 800 604; x_wconf 92' lang='lat' dir='ltr'><strong>in</strong></span> <span class='ocrx_word' id='word_1_20' title='bbox 813 544 887 603; x_wconf 75' lang='lat' dir='ltr'><strong>caelo</strong></span> <span class='ocrx_word' id='word_1_21' title='bbox 918 545 1144 604; x_wconf 79' lang='lat' dir='ltr'><strong>remittebantur.</strong></span> <span class='ocrx_word' id='word_1_22' title='bbox 1186 543 1308 613; x_wconf 85' lang='lat' dir='ltr'><strong>Quando</strong></span> 
     </span>
     <span class='ocr_line' id='line_1_4' title="bbox 94 642 1306 722; baseline 0 -19"><span class='ocrx_word' id='word_1_23' title='bbox 94 643 181 722; x_wconf 80' lang='lat' dir='ltr'><strong>plura</strong></span> <span class='ocrx_word' id='word_1_24' title='bbox 200 653 356 704; x_wconf 82' lang='lat' dir='ltr'><strong>necurntnt</strong></span> <span class='ocrx_word' id='word_1_25' title='bbox 369 644 531 704; x_wconf 90' lang='lat' dir='ltr'><strong>testimonia</strong></span> <span class='ocrx_word' id='word_1_26' title='bbox 544 662 609 718; x_wconf 83' lang='lat' dir='ltr'><strong>quer</strong></span> <span class='ocrx_word' id='word_1_27' title='bbox 622 642 769 703; x_wconf 87' lang='lat' dir='ltr'><strong>conciliari</strong></span> <span class='ocrx_word' id='word_1_28' title='bbox 783 661 882 702; x_wconf 89' lang='lat' dir='ltr'><strong>seeum</strong></span> <span class='ocrx_word' id='word_1_29' title='bbox 898 652 1018 716; x_wconf 90' lang='lat' dir='ltr'><strong>queunt,</strong></span> <span class='ocrx_word' id='word_1_30' title='bbox 1039 642 1117 702; x_wconf 90' lang='lat' dir='ltr'><strong>nulla</strong></span> <span class='ocrx_word' id='word_1_31' title='bbox 1134 643 1261 703; x_wconf 89' lang='lat' dir='ltr'><strong>alterutri</strong></span> <span class='ocrx_word' id='word_1_32' title='bbox 1276 645 1306 704; x_wconf 79' lang='lat' dir='ltr'><strong>ri</strong></span> 
     </span>
     <span class='ocr_line' id='line_1_5' title="bbox 92 739 980 815; baseline -0.003 -14"><span class='ocrx_word' id='word_1_33' title='bbox 92 739 188 809; x_wconf 76' lang='lat' dir='ltr'><strong>illata,</strong></span> <span class='ocrx_word' id='word_1_34' title='bbox 198 759 259 801; x_wconf 89' lang='lat' dir='ltr'><strong>non</strong></span> <span class='ocrx_word' id='word_1_35' title='bbox 273 750 319 801; x_wconf 88' lang='lat' dir='ltr'><strong>est</strong></span> <span class='ocrx_word' id='word_1_36' title='bbox 331 758 382 800; x_wconf 87' lang='lat' dir='ltr'><strong>eur</strong></span> <span class='ocrx_word' id='word_1_37' title='bbox 393 741 428 800; x_wconf 93' lang='lat' dir='ltr'><strong>ab</strong></span> <span class='ocrx_word' id='word_1_38' title='bbox 443 742 529 801; x_wconf 85' lang='lat' dir='ltr'><strong>ebrio</strong></span> <span class='ocrx_word' id='word_1_39' title='bbox 539 741 687 815; x_wconf 89' lang='lat' dir='ltr'><strong>utriusqus</strong></span> <span class='ocrx_word' id='word_1_40' title='bbox 700 758 788 799; x_wconf 72' lang='lat' dir='ltr'><strong>musu</strong></span> <span class='ocrx_word' id='word_1_41' title='bbox 801 739 961 799; x_wconf 86' lang='lat' dir='ltr'><strong>recedatur.</strong></span> <span class='ocrx_word' id='word_1_42' title='bbox 972 780 980 811; x_wconf 60' lang='lat' dir='ltr'>n</span> 
     </span>
    </p>

    <p class='ocr_par' dir='ltr' id='par_1_3' title="bbox 139 836 1308 917">
     <span class='ocr_line' id='line_1_6' title="bbox 139 836 1308 917; baseline 0.001 -21"><span class='ocrx_word' id='word_1_43' title='bbox 139 841 188 897; x_wconf 81' lang='lat'><strong>30.</strong></span> <span class='ocrx_word' id='word_1_44' title='bbox 213 836 280 917; x_wconf 77' lang='lat' dir='ltr'><strong>obj.</strong></span> <span class='ocrx_word' id='word_1_45' title='bbox 298 841 327 897; x_wconf 85' lang='grc'><strong>8.</strong></span> <span class='ocrx_word' id='word_1_46' title='bbox 350 838 458 898; x_wconf 90' lang='lat' dir='ltr'><strong>Paulus</strong></span> <span class='ocrx_word' id='word_1_47' title='bbox 470 848 590 897; x_wconf 88' lang='lat' dir='ltr'><strong>testatus</strong></span> <span class='ocrx_word' id='word_1_48' title='bbox 604 850 649 896; x_wconf 89' lang='lat' dir='ltr'><strong>eet</strong></span> <span class='ocrx_word' id='word_1_49' title='bbox 662 837 893 916; x_wconf 79' lang='lat' dir='ltr'><strong>pradicationem</strong></span> <span class='ocrx_word' id='word_1_50' title='bbox 906 837 1106 915; x_wconf 85' lang='lat' dir='ltr'><strong>Apostolicam</strong></span> <span class='ocrx_word' id='word_1_51' title='bbox 1120 837 1193 897; x_wconf 81' lang='lat' dir='ltr'>nihil</span> <span class='ocrx_word' id='word_1_52' title='bbox 1212 839 1308 916; x_wconf 89' lang='lat' dir='ltr'><strong>serip-</strong></span> 
     </span>
    </p>

    <p class='ocr_par' dir='ltr' id='par_1_4' title="bbox 95 935 1307 2071">
     <span class='ocr_line' id='line_1_7' title="bbox 95 935 1307 1014; baseline 0.001 -19"><span class='ocrx_word' id='word_1_53' title='bbox 95 936 172 995; x_wconf 84' lang='lat' dir='ltr'><strong>turis</strong></span> <span class='ocrx_word' id='word_1_54' title='bbox 199 937 344 995; x_wconf 84' lang='lat' dir='ltr'><strong>veteribus</strong></span> <span class='ocrx_word' id='word_1_55' title='bbox 367 935 511 1014; x_wconf 83' lang='lat' dir='ltr'><strong>adjicere:</strong></span> <span class='ocrx_word' id='word_1_56' title='bbox 533 935 765 996; x_wconf 81' lang='lat' dir='ltr'><strong>“annuntiabam</strong></span> <span class='ocrx_word' id='word_1_57' title='bbox 779 947 812 994; x_wconf 90' lang='lat' dir='ltr'><strong>ut</strong></span> <span class='ocrx_word' id='word_1_58' title='bbox 831 937 1028 1014; x_wconf 71' lang='lat' dir='ltr'><strong>penitentiam</strong></span> <span class='ocrx_word' id='word_1_59' title='bbox 1048 946 1174 1014; x_wconf 81' lang='lat' dir='ltr'><strong>agerent,</strong></span> <span class='ocrx_word' id='word_1_60' title='bbox 1188 946 1218 994; x_wconf 91' lang='lat' dir='ltr'><strong>et</strong></span> <span class='ocrx_word' id='word_1_61' title='bbox 1237 955 1307 996; x_wconf 88' lang='lat' dir='ltr'><strong>con·</strong></span> 
     </span>
     <span class='ocr_line' id='line_1_8' title="bbox 96 1033 1307 1112; baseline 0 -18"><span class='ocrx_word' id='word_1_62' title='bbox 96 1043 276 1095; x_wconf 74' lang='lat' dir='ltr'><strong>rernrentur</strong></span> <span class='ocrx_word' id='word_1_63' title='bbox 291 1034 327 1093; x_wconf 88' lang='lat' dir='ltr'><strong>ed</strong></span> <span class='ocrx_word' id='word_1_64' title='bbox 340 1034 449 1105; x_wconf 87' lang='lat' dir='ltr'><strong>Deum,</strong></span> <span class='ocrx_word' id='word_1_65' title='bbox 464 1034 552 1112; x_wconf 79' lang='lat' dir='ltr'><strong>digna</strong></span> <span class='ocrx_word' id='word_1_66' title='bbox 565 1034 739 1112; x_wconf 80' lang='lat' dir='ltr'><strong>poenitentioe</strong></span> <span class='ocrx_word' id='word_1_67' title='bbox 752 1051 841 1112; x_wconf 86' lang='lat' dir='ltr'><strong>opera</strong></span> <span class='ocrx_word' id='word_1_68' title='bbox 854 1033 991 1094; x_wconf 74' lang='lat' dir='ltr'><strong>facientes</strong></span> <span class='ocrx_word' id='word_1_69' title='bbox 1013 1076 1022 1094; x_wconf 86' lang='lat'><strong>.</strong></span> <span class='ocrx_word' id='word_1_70' title='bbox 1044 1075 1054 1096; x_wconf 84' lang='lat'><strong>.</strong></span> <span class='ocrx_word' id='word_1_71' title='bbox 1077 1075 1086 1094; x_wconf 89' lang='lat'><strong>.</strong></span> <span class='ocrx_word' id='word_1_72' title='bbox 1108 1075 1117 1094; x_wconf 89' lang='lat'><strong>.</strong></span> <span class='ocrx_word' id='word_1_73' title='bbox 1139 1034 1211 1095; x_wconf 91' lang='lat' dir='ltr'><strong>nibil</strong></span> <span class='ocrx_word' id='word_1_74' title='bbox 1224 1047 1307 1094; x_wconf 85' lang='lat' dir='ltr'><strong>extra</strong></span> 
     </span>
     <span class='ocr_line' id='line_1_9' title="bbox 96 1130 1197 1210; baseline -0.002 -19"><span class='ocrx_word' id='word_1_75' title='bbox 96 1130 212 1200; x_wconf 81' lang='lat' dir='ltr'><strong>diesne,</strong></span> <span class='ocrx_word' id='word_1_76' title='bbox 225 1151 313 1206; x_wconf 88' lang='lat' dir='ltr'><strong>quarn</strong></span> <span class='ocrx_word' id='word_1_77' title='bbox 327 1151 434 1206; x_wconf 77' lang='lat' dir='ltr'><strong>eaque</strong></span> <span class='ocrx_word' id='word_1_78' title='bbox 449 1132 597 1210; x_wconf 78' lang='lat' dir='ltr'><strong>prophetae</strong></span> <span class='ocrx_word' id='word_1_79' title='bbox 610 1132 699 1191; x_wconf 89' lang='lat' dir='ltr'><strong>locuti</strong></span> <span class='ocrx_word' id='word_1_80' title='bbox 714 1131 830 1190; x_wconf 82' lang='lat' dir='ltr'><strong>sunt.”²</strong></span> <span class='ocrx_word' id='word_1_81' title='bbox 1192 1140 1197 1146; x_wconf 86' lang='lat'>&#39;</span> 
     </span>
     <span class='ocr_line' id='line_1_10' title="bbox 97 1227 1306 1308; baseline 0.001 -19"><span class='ocrx_word' id='word_1_82' title='bbox 97 1278 101 1289; x_wconf 86' lang='lat'><strong><em>.</em></strong></span> <span class='ocrx_word' id='word_1_83' title='bbox 141 1227 231 1308; x_wconf 84' lang='lat' dir='ltr'><strong>Resp.</strong></span> <span class='ocrx_word' id='word_1_84' title='bbox 253 1229 285 1288; x_wconf 92' lang='lat' dir='ltr'><strong>ld</strong></span> <span class='ocrx_word' id='word_1_85' title='bbox 300 1228 401 1289; x_wconf 90' lang='lat' dir='ltr'><strong>suadet</strong></span> <span class='ocrx_word' id='word_1_86' title='bbox 414 1228 522 1289; x_wconf 89' lang='lat' dir='ltr'><strong>Paulus</strong></span> <span class='ocrx_word' id='word_1_87' title='bbox 543 1229 689 1307; x_wconf 73' lang='lat' dir='ltr'><strong>Agrippae,</strong></span> <span class='ocrx_word' id='word_1_88' title='bbox 704 1248 736 1288; x_wconf 91' lang='lat' dir='ltr'><strong>se</strong></span> <span class='ocrx_word' id='word_1_89' title='bbox 749 1230 867 1290; x_wconf 88' lang='lat' dir='ltr'><strong>nonnisi</strong></span> <span class='ocrx_word' id='word_1_90' title='bbox 892 1229 975 1289; x_wconf 90' lang='lat' dir='ltr'><strong>eade</strong></span> <span class='ocrx_word' id='word_1_91' title='bbox 997 1228 1118 1290; x_wconf 78' lang='lat' dir='ltr'><strong>Christo</strong></span> <span class='ocrx_word' id='word_1_92' title='bbox 1139 1231 1306 1290; x_wconf 82' lang='lat' dir='ltr'><strong>annuntiare</strong></span> 
     </span>
     <span class='ocr_line' id='line_1_11' title="bbox 97 1325 1307 1407; baseline -0.001 -20"><span class='ocrx_word' id='word_1_93' title='bbox 97 1344 170 1401; x_wconf 73' lang='lat' dir='ltr'><strong>qum</strong></span> <span class='ocrx_word' id='word_1_94' title='bbox 183 1325 373 1403; x_wconf 77' lang='lat' dir='ltr'><strong>predixerant</strong></span> <span class='ocrx_word' id='word_1_95' title='bbox 384 1338 481 1386; x_wconf 81' lang='lat' dir='ltr'><strong>rates:</strong></span> <span class='ocrx_word' id='word_1_96' title='bbox 502 1326 620 1386; x_wconf 83' lang='lat' dir='ltr'><strong>“Nihil</strong></span> <span class='ocrx_word' id='word_1_97' title='bbox 635 1335 715 1385; x_wconf 82' lang='lat' dir='ltr'><strong>extra</strong></span> <span class='ocrx_word' id='word_1_98' title='bbox 725 1325 824 1387; x_wconf 90' lang='lat' dir='ltr'><strong>dicens</strong></span> <span class='ocrx_word' id='word_1_99' title='bbox 839 1346 924 1403; x_wconf 91' lang='lat' dir='ltr'><strong>quarn</strong></span> <span class='ocrx_word' id='word_1_100' title='bbox 937 1347 970 1386; x_wconf 92' lang='lat' dir='ltr'><strong>ea</strong></span> <span class='ocrx_word' id='word_1_101' title='bbox 984 1346 1047 1402; x_wconf 82' lang='lat' dir='ltr'><strong>qum</strong></span> <span class='ocrx_word' id='word_1_102' title='bbox 1059 1328 1208 1407; x_wconf 79' lang='lat' dir='ltr'><strong>prophetae</strong></span> <span class='ocrx_word' id='word_1_103' title='bbox 1216 1327 1307 1387; x_wconf 90' lang='lat' dir='ltr'><strong>locuti</strong></span> 
     </span>
     <span class='ocr_line' id='line_1_12' title="bbox 97 1422 1307 1502; baseline -0.001 -18"><span class='ocrx_word' id='word_1_104' title='bbox 97 1432 173 1485; x_wconf 87' lang='lat' dir='ltr'><strong>snut</strong></span> <span class='ocrx_word' id='word_1_105' title='bbox 185 1423 277 1483; x_wconf 84' lang='lat' dir='ltr'><strong>lutura</strong></span> <span class='ocrx_word' id='word_1_106' title='bbox 289 1441 366 1489; x_wconf 85' lang='lat' dir='ltr'><strong>esse,</strong></span> <span class='ocrx_word' id='word_1_107' title='bbox 382 1432 410 1480; x_wconf 92' lang='lat' dir='ltr'><strong>et</strong></span> <span class='ocrx_word' id='word_1_108' title='bbox 425 1422 559 1500; x_wconf 80' lang='lat' dir='ltr'><strong>Moyses.</strong></span> <span class='ocrx_word' id='word_1_109' title='bbox 584 1423 618 1482; x_wconf 93' lang='lat' dir='ltr'><strong>Si</strong></span> <span class='ocrx_word' id='word_1_110' title='bbox 631 1423 776 1500; x_wconf 90' lang='lat' dir='ltr'><strong>passibilis</strong></span> <span class='ocrx_word' id='word_1_111' title='bbox 790 1423 936 1492; x_wconf 81' lang='lat' dir='ltr'><strong>Christsrs,</strong></span> <span class='ocrx_word' id='word_1_112' title='bbox 951 1424 976 1482; x_wconf 92' lang='lat' dir='ltr'><strong>si</strong></span> <span class='ocrx_word' id='word_1_113' title='bbox 991 1425 1101 1502; x_wconf 91' lang='lat' dir='ltr'><strong>primus</strong></span> <span class='ocrx_word' id='word_1_114' title='bbox 1115 1442 1153 1483; x_wconf 84' lang='lat' dir='ltr'><strong>ex</strong></span> <span class='ocrx_word' id='word_1_115' title='bbox 1167 1442 1307 1483; x_wconf 87' lang='lat' dir='ltr'><strong>resurree-</strong></span> 
     </span>
     <span class='ocr_line' id='line_1_13' title="bbox 97 1521 1307 1601; baseline -0.001 -18"><span class='ocrx_word' id='word_1_116' title='bbox 97 1523 181 1583; x_wconf 81' lang='lat' dir='ltr'><strong>tione</strong></span> <span class='ocrx_word' id='word_1_117' title='bbox 202 1531 390 1590; x_wconf 85' lang='lat' dir='ltr'><strong>mortuorum,</strong></span> <span class='ocrx_word' id='word_1_118' title='bbox 404 1521 502 1582; x_wconf 90' lang='lat' dir='ltr'><strong>lumen</strong></span> <span class='ocrx_word' id='word_1_119' title='bbox 522 1522 738 1581; x_wconf 88' lang='lat' dir='ltr'><strong>annuntiaturus</strong></span> <span class='ocrx_word' id='word_1_120' title='bbox 753 1535 799 1582; x_wconf 92' lang='lat' dir='ltr'><strong>est</strong></span> <span class='ocrx_word' id='word_1_121' title='bbox 811 1523 920 1600; x_wconf 89' lang='lat' dir='ltr'><strong>populo</strong></span> <span class='ocrx_word' id='word_1_122' title='bbox 940 1532 970 1581; x_wconf 89' lang='lat' dir='ltr'><strong>et</strong></span> <span class='ocrx_word' id='word_1_123' title='bbox 983 1522 1146 1601; x_wconf 79' lang='lat' dir='ltr'><strong>gentibus.”</strong></span> <span class='ocrx_word' id='word_1_124' title='bbox 1186 1524 1214 1582; x_wconf 79' lang='grc' dir='ltr'><strong>Α</strong></span> <span class='ocrx_word' id='word_1_125' title='bbox 1227 1523 1307 1583; x_wconf 84' lang='lat' dir='ltr'><strong>novi·</strong></span> 
     </span>
     <span class='ocr_line' id='line_1_14' title="bbox 97 1618 1306 1698; baseline 0.001 -17"><span class='ocrx_word' id='word_1_126' title='bbox 97 1619 170 1681; x_wconf 76' lang='lat' dir='ltr'><strong>tatis</strong></span> <span class='ocrx_word' id='word_1_127' title='bbox 183 1619 303 1679; x_wconf 76' lang='lat' dir='ltr'><strong>eruntne</strong></span> <span class='ocrx_word' id='word_1_128' title='bbox 317 1637 349 1678; x_wconf 89' lang='lat' dir='ltr'><strong>se</strong></span> <span class='ocrx_word' id='word_1_129' title='bbox 363 1619 417 1679; x_wconf 87' lang='lat' dir='ltr'><strong>bae</strong></span> <span class='ocrx_word' id='word_1_130' title='bbox 430 1619 540 1679; x_wconf 89' lang='lat' dir='ltr'><strong>ratione</strong></span> <span class='ocrx_word' id='word_1_131' title='bbox 554 1619 688 1688; x_wconf 82' lang='lat' dir='ltr'><strong>vindicat,</strong></span> <span class='ocrx_word' id='word_1_132' title='bbox 703 1632 732 1679; x_wconf 91' lang='lat' dir='ltr'><strong>et</strong></span> <span class='ocrx_word' id='word_1_133' title='bbox 742 1618 868 1679; x_wconf 74' lang='lat' dir='ltr'><strong>ostendit</strong></span> <span class='ocrx_word' id='word_1_134' title='bbox 879 1631 982 1698; x_wconf 79' lang='lat' dir='ltr'><strong>gentes</strong></span> <span class='ocrx_word' id='word_1_135' title='bbox 997 1621 1033 1680; x_wconf 92' lang='lat' dir='ltr'><strong>ab</strong></span> <span class='ocrx_word' id='word_1_136' title='bbox 1045 1639 1082 1680; x_wconf 90' lang='lat' dir='ltr'><strong>eo</strong></span> <span class='ocrx_word' id='word_1_137' title='bbox 1095 1620 1132 1679; x_wconf 85' lang='lat' dir='ltr'><strong>ad</strong></span> <span class='ocrx_word' id='word_1_138' title='bbox 1153 1620 1306 1682; x_wconf 77' lang='lat' dir='ltr'><strong>Christum</strong></span> 
     </span>
     <span class='ocr_line' id='line_1_15' title="bbox 96 1714 1303 1796; baseline 0.002 -21"><span class='ocrx_word' id='word_1_139' title='bbox 96 1714 268 1781; x_wconf 69' lang='lat' dir='ltr'><strong>mtandum</strong></span> <span class='ocrx_word' id='word_1_140' title='bbox 283 1734 341 1776; x_wconf 88' lang='lat' dir='ltr'><strong>nou</strong></span> <span class='ocrx_word' id='word_1_141' title='bbox 354 1714 409 1775; x_wconf 89' lang='lat' dir='ltr'><strong>slia</strong></span> <span class='ocrx_word' id='word_1_142' title='bbox 420 1715 487 1794; x_wconf 85' lang='lat' dir='ltr'><strong>lege</strong></span> <span class='ocrx_word' id='word_1_143' title='bbox 500 1717 623 1783; x_wconf 87' lang='lat' dir='ltr'><strong>invitari,</strong></span> <span class='ocrx_word' id='word_1_144' title='bbox 634 1734 722 1790; x_wconf 88' lang='lat' dir='ltr'><strong>quam</strong></span> <span class='ocrx_word' id='word_1_145' title='bbox 744 1715 887 1776; x_wconf 78' lang='lat' dir='ltr'><strong>derelictis</strong></span> <span class='ocrx_word' id='word_1_146' title='bbox 908 1717 984 1776; x_wconf 87' lang='lat' dir='ltr'><strong>vitiis</strong></span> <span class='ocrx_word' id='word_1_147' title='bbox 998 1727 1028 1776; x_wconf 89' lang='lat' dir='ltr'><strong>et</strong></span> <span class='ocrx_word' id='word_1_148' title='bbox 1040 1719 1303 1796; x_wconf 82' lang='lat' dir='ltr'><strong>superstitionibus,</strong></span> 
     </span>
     <span class='ocr_line' id='line_1_16' title="bbox 99 1790 1307 1891; baseline 0.001 -17"><span class='ocrx_word' id='word_1_149' title='bbox 99 1790 177 1874; x_wconf 78' lang='lat' dir='ltr'><strong>sldeo</strong></span> <span class='ocrx_word' id='word_1_150' title='bbox 188 1823 220 1871; x_wconf 92' lang='lat' dir='ltr'><strong>ut</strong></span> <span class='ocrx_word' id='word_1_151' title='bbox 234 1813 290 1873; x_wconf 85' lang='lat' dir='ltr'><strong>veri</strong></span> <span class='ocrx_word' id='word_1_152' title='bbox 312 1812 369 1871; x_wconf 90' lang='lat' dir='ltr'><strong>Dei</strong></span> <span class='ocrx_word' id='word_1_153' title='bbox 389 1812 509 1890; x_wconf 77' lang='lat' dir='ltr'><strong>gloriam</strong></span> <span class='ocrx_word' id='word_1_154' title='bbox 534 1821 683 1886; x_wconf 81' lang='lat' dir='ltr'><strong>quereret.</strong></span> <span class='ocrx_word' id='word_1_155' title='bbox 725 1811 795 1871; x_wconf 89' lang='lat' dir='ltr'><strong>Nou</strong></span> <span class='ocrx_word' id='word_1_156' title='bbox 817 1812 843 1870; x_wconf 89' lang='lat' dir='ltr'><strong>is</strong></span> <span class='ocrx_word' id='word_1_157' title='bbox 863 1822 924 1871; x_wconf 88' lang='lat' dir='ltr'><strong>erat</strong></span> <span class='ocrx_word' id='word_1_158' title='bbox 944 1813 1026 1872; x_wconf 87' lang='lat' dir='ltr'><strong>locus</strong></span> <span class='ocrx_word' id='word_1_159' title='bbox 1052 1823 1084 1871; x_wconf 91' lang='lat' dir='ltr'><strong>ut</strong></span> <span class='ocrx_word' id='word_1_160' title='bbox 1103 1823 1307 1891; x_wconf 86' lang='lat' dir='ltr'><strong>potestatema</strong></span> 
     </span>
     <span class='ocr_line' id='line_1_17' title="bbox 101 1907 1307 1988; baseline 0.002 -18"><span class='ocrx_word' id='word_1_161' title='bbox 101 1909 225 1970; x_wconf 81' lang='lat' dir='ltr'><strong>Christo</strong></span> <span class='ocrx_word' id='word_1_162' title='bbox 252 1921 396 1986; x_wconf 83' lang='lat' dir='ltr'><strong>acceptam</strong></span> <span class='ocrx_word' id='word_1_163' title='bbox 410 1918 527 1988; x_wconf 88' lang='lat' dir='ltr'><strong>peccata</strong></span> <span class='ocrx_word' id='word_1_164' title='bbox 541 1907 702 1967; x_wconf 89' lang='lat' dir='ltr'><strong>remittendi</strong></span> <span class='ocrx_word' id='word_1_165' title='bbox 716 1917 886 1986; x_wconf 86' lang='lat' dir='ltr'><strong>exponeret,</strong></span> <span class='ocrx_word' id='word_1_166' title='bbox 905 1909 951 1968; x_wconf 91' lang='lat' dir='ltr'><strong>rel</strong></span> <span class='ocrx_word' id='word_1_167' title='bbox 976 1910 1142 1988; x_wconf 81' lang='lat' dir='ltr'><strong>explicaret,</strong></span> <span class='ocrx_word' id='word_1_168' title='bbox 1159 1930 1227 1971; x_wconf 87' lang='lat' dir='ltr'><strong>nam</strong></span> <span class='ocrx_word' id='word_1_169' title='bbox 1240 1931 1307 1973; x_wconf 87' lang='lat' dir='ltr'><strong>reus</strong></span> 
     </span>
     <span class='ocr_line' id='line_1_18' title="bbox 99 2003 639 2071; baseline -0.015 0"><span class='ocrx_word' id='word_1_170' title='bbox 99 2027 137 2071; x_wconf 84' lang='lat' dir='ltr'><strong>se</strong></span> <span class='ocrx_word' id='word_1_171' title='bbox 150 2016 249 2067; x_wconf 85' lang='lat' dir='ltr'><strong>eontra</strong></span> <span class='ocrx_word' id='word_1_172' title='bbox 262 2015 443 2066; x_wconf 81' lang='lat' dir='ltr'><strong>accusatores</strong></span> <span class='ocrx_word' id='word_1_173' title='bbox 456 2003 639 2065; x_wconf 79' lang='lat' dir='ltr'><strong>defendebat.</strong></span> 
     </span>
    </p>

    <p class='ocr_par' dir='ltr' id='par_1_5' title="bbox 97 2103 1310 2673">
     <span class='ocr_line' id='line_1_19' title="bbox 146 2103 1306 2184; baseline 0.003 -19"><span class='ocrx_word' id='word_1_174' title='bbox 146 2110 196 2165; x_wconf 82' lang='lat'><strong>31.</strong></span> <span class='ocrx_word' id='word_1_175' title='bbox 221 2103 288 2184; x_wconf 80' lang='lat' dir='ltr'><strong>otj.</strong></span> <span class='ocrx_word' id='word_1_176' title='bbox 303 2109 333 2164; x_wconf 89' lang='grc'><strong>9.</strong></span> <span class='ocrx_word' id='word_1_177' title='bbox 355 2114 375 2142; x_wconf 88' lang='grc'>“</span> <span class='ocrx_word' id='word_1_178' title='bbox 389 2105 524 2164; x_wconf 84' lang='lat' dir='ltr'><strong>Christus</strong></span> <span class='ocrx_word' id='word_1_179' title='bbox 536 2122 594 2163; x_wconf 91' lang='lat' dir='ltr'><strong>non</strong></span> <span class='ocrx_word' id='word_1_180' title='bbox 604 2113 668 2163; x_wconf 90' lang='lat' dir='ltr'><strong>aute</strong></span> <span class='ocrx_word' id='word_1_181' title='bbox 678 2103 825 2181; x_wconf 73' lang='lat' dir='ltr'><strong>Apostolis</strong></span> <span class='ocrx_word' id='word_1_182' title='bbox 839 2103 947 2182; x_wconf 85' lang='lat' dir='ltr'><strong>ligandi</strong></span> <span class='ocrx_word' id='word_1_183' title='bbox 955 2115 985 2164; x_wconf 84' lang='lat' dir='ltr'><strong>et</strong></span> <span class='ocrx_word' id='word_1_184' title='bbox 995 2104 1126 2165; x_wconf 84' lang='lat' dir='ltr'><strong>solvendi</strong></span> <span class='ocrx_word' id='word_1_185' title='bbox 1137 2116 1306 2184; x_wconf 84' lang='lat' dir='ltr'><strong>potestatem</strong></span> 
     </span>
     <span class='ocr_line' id='line_1_20' title="bbox 97 2198 1308 2279; baseline 0.002 -19"><span class='ocrx_word' id='word_1_186' title='bbox 97 2201 184 2267; x_wconf 78' lang='lat' dir='ltr'><strong>iecit,</strong></span> <span class='ocrx_word' id='word_1_187' title='bbox 197 2218 282 2274; x_wconf 89' lang='lat' dir='ltr'><strong>quarn</strong></span> <span class='ocrx_word' id='word_1_188' title='bbox 297 2199 473 2277; x_wconf 92' lang='lat' dir='ltr'><strong>eos·Spiritn</strong></span> <span class='ocrx_word' id='word_1_189' title='bbox 498 2199 606 2258; x_wconf 88' lang='lat' dir='ltr'><strong>Sancto</strong></span> <span class='ocrx_word' id='word_1_190' title='bbox 619 2198 745 2258; x_wconf 86' lang='lat' dir='ltr'><strong>donarit.</strong></span> <span class='ocrx_word' id='word_1_191' title='bbox 787 2199 873 2277; x_wconf 84' lang='lat' dir='ltr'><strong>Nego</strong></span> <span class='ocrx_word' id='word_1_192' title='bbox 887 2199 973 2278; x_wconf 80' lang='lat' dir='ltr'><strong>igitur</strong></span> <span class='ocrx_word' id='word_1_193' title='bbox 986 2200 1053 2259; x_wconf 87' lang='lat' dir='ltr'><strong>ullis</strong></span> <span class='ocrx_word' id='word_1_194' title='bbox 1066 2211 1231 2279; x_wconf 86' lang='lat' dir='ltr'><strong>competere</strong></span> <span class='ocrx_word' id='word_1_195' title='bbox 1250 2203 1308 2262; x_wconf 86' lang='lat' dir='ltr'><strong>cla·</strong></span> 
     </span>
     <span class='ocr_line' id='line_1_21' title="bbox 102 2296 1308 2380; baseline 0.002 -21"><span class='ocrx_word' id='word_1_196' title='bbox 102 2300 185 2359; x_wconf 83' lang='lat' dir='ltr'><strong>vium</strong></span> <span class='ocrx_word' id='word_1_197' title='bbox 207 2308 387 2376; x_wconf 87' lang='lat' dir='ltr'><strong>potestatem,</strong></span> <span class='ocrx_word' id='word_1_198' title='bbox 413 2298 465 2372; x_wconf 94' lang='lat' dir='ltr'><strong>qui</strong></span> <span class='ocrx_word' id='word_1_199' title='bbox 490 2314 548 2357; x_wconf 92' lang='lat' dir='ltr'><strong>non</strong></span> <span class='ocrx_word' id='word_1_200' title='bbox 576 2296 655 2375; x_wconf 89' lang='lat' dir='ltr'><strong>prius</strong></span> <span class='ocrx_word' id='word_1_201' title='bbox 680 2297 841 2374; x_wconf 85' lang='lat' dir='ltr'><strong>acceperint</strong></span> <span class='ocrx_word' id='word_1_202' title='bbox 868 2298 1007 2375; x_wconf 88' lang='lat' dir='ltr'><strong>Spiritum</strong></span> <span class='ocrx_word' id='word_1_203' title='bbox 1032 2300 1180 2360; x_wconf 90' lang='lat' dir='ltr'><strong>Sanctum.</strong></span> <span class='ocrx_word' id='word_1_204' title='bbox 1221 2301 1308 2380; x_wconf 81' lang='lat' dir='ltr'><strong>Nego</strong></span> 
     </span>
     <span class='ocr_line' id='line_1_22' title="bbox 100 2393 1310 2474; baseline 0.002 -19"><span class='ocrx_word' id='word_1_205' title='bbox 100 2413 279 2471; x_wconf 90' lang='lat' dir='ltr'><strong>quemquam</strong></span> <span class='ocrx_word' id='word_1_206' title='bbox 294 2395 422 2455; x_wconf 82' lang='lat' dir='ltr'><strong>clavibus</strong></span> <span class='ocrx_word' id='word_1_207' title='bbox 436 2393 478 2454; x_wconf 90' lang='lat' dir='ltr'><strong>uti</strong></span> <span class='ocrx_word' id='word_1_208' title='bbox 491 2412 579 2471; x_wconf 89' lang='lat' dir='ltr'><strong>posse</strong></span> <span class='ocrx_word' id='word_1_209' title='bbox 600 2393 658 2453; x_wconf 91' lang='lat' dir='ltr'><strong>nisi</strong></span> <span class='ocrx_word' id='word_1_210' title='bbox 672 2406 820 2472; x_wconf 79' lang='lat' dir='ltr'><strong>praeunte</strong></span> <span class='ocrx_word' id='word_1_211' title='bbox 833 2393 1010 2468; x_wconf 87' lang='lat' dir='ltr'><strong>docenteque</strong></span> <span class='ocrx_word' id='word_1_212' title='bbox 1025 2396 1134 2474; x_wconf 80' lang='lat' dir='ltr'><strong>Spiritu</strong></span> <span class='ocrx_word' id='word_1_213' title='bbox 1149 2398 1265 2466; x_wconf 87' lang='lat' dir='ltr'><strong>Sancto,</strong></span> <span class='ocrx_word' id='word_1_214' title='bbox 1276 2410 1310 2458; x_wconf 89' lang='lat' dir='ltr'><strong>st</strong></span> 
     </span>
     <span class='ocr_line' id='line_1_23' title="bbox 102 2488 1307 2570; baseline 0.002 -17"><span class='ocrx_word' id='word_1_215' title='bbox 102 2492 228 2553; x_wconf 86' lang='lat' dir='ltr'><strong>dictante</strong></span> <span class='ocrx_word' id='word_1_216' title='bbox 242 2492 310 2566; x_wconf 90' lang='lat' dir='ltr'><strong>quid</strong></span> <span class='ocrx_word' id='word_1_217' title='bbox 324 2491 467 2570; x_wconf 54' lang='lat' dir='ltr'><strong>mendum</strong></span> <span class='ocrx_word' id='word_1_218' title='bbox 481 2490 566 2550; x_wconf 86' lang='lat' dir='ltr'><strong>sit.”¹</strong></span> <span class='ocrx_word' id='word_1_219' title='bbox 603 2489 646 2550; x_wconf 91' lang='lat' dir='ltr'><strong>lta</strong></span> <span class='ocrx_word' id='word_1_220' title='bbox 667 2488 817 2560; x_wconf 80' lang='lat' dir='ltr'><strong>Calvinus,</strong></span> <span class='ocrx_word' id='word_1_221' title='bbox 831 2491 1046 2568; x_wconf 87' lang='lat' dir='ltr'><strong>inspirationem</strong></span> <span class='ocrx_word' id='word_1_222' title='bbox 1069 2493 1193 2570; x_wconf 82' lang='lat' dir='ltr'><strong>Spiritus</strong></span> <span class='ocrx_word' id='word_1_223' title='bbox 1208 2495 1307 2555; x_wconf 83' lang='lat' dir='ltr'><strong>Sancti</strong></span> 
     </span>
     <span class='ocr_line' id='line_1_24' title="bbox 101 2575 1149 2673; baseline 0 -23"><span class='ocrx_word' id='word_1_224' title='bbox 101 2589 297 2651; x_wconf 84' lang='lat' dir='ltr'><strong>necessariam</strong></span> <span class='ocrx_word' id='word_1_225' title='bbox 311 2575 555 2648; x_wconf 52' lang='lat' dir='ltr'><strong>conditionem&#39;ad</strong></span> <span class='ocrx_word' id='word_1_226' title='bbox 569 2589 737 2648; x_wconf 85' lang='lat' dir='ltr'><strong>exercitium</strong></span> <span class='ocrx_word' id='word_1_227' title='bbox 753 2588 839 2667; x_wconf 88' lang='lat' dir='ltr'><strong>hujus</strong></span> <span class='ocrx_word' id='word_1_228' title='bbox 850 2590 997 2673; x_wconf 83' lang='lat' dir='ltr'><strong>potestatis</strong></span> <span class='ocrx_word' id='word_1_229' title='bbox 1011 2600 1149 2650; x_wconf 87' lang='lat' dir='ltr'><strong>statuens.</strong></span> 
     </span>
    </p>

    <p class='ocr_par' dir='ltr' id='par_1_6' title="bbox 103 2684 1368 4425">
     <span class='ocr_line' id='line_1_25' title="bbox 145 2684 1310 2765; baseline 0.003 -22"><span class='ocrx_word' id='word_1_230' title='bbox 145 2684 236 2765; x_wconf 83' lang='lat' dir='ltr'><strong>Resp.</strong></span> <span class='ocrx_word' id='word_1_231' title='bbox 259 2685 393 2744; x_wconf 83' lang='lat' dir='ltr'><strong>Christus</strong></span> <span class='ocrx_word' id='word_1_232' title='bbox 409 2685 550 2762; x_wconf 87' lang='lat' dir='ltr'><strong>Spiritum</strong></span> <span class='ocrx_word' id='word_1_233' title='bbox 570 2685 709 2744; x_wconf 86' lang='lat' dir='ltr'><strong>Sanctum</strong></span> <span class='ocrx_word' id='word_1_234' title='bbox 722 2685 871 2763; x_wconf 80' lang='lat' dir='ltr'><strong>Apostolis</strong></span> <span class='ocrx_word' id='word_1_235' title='bbox 886 2684 973 2754; x_wconf 88' lang='lat' dir='ltr'><strong>dedit,</strong></span> <span class='ocrx_word' id='word_1_236' title='bbox 989 2695 1020 2745; x_wconf 89' lang='lat' dir='ltr'><strong>ut</strong></span> <span class='ocrx_word' id='word_1_237' title='bbox 1033 2687 1198 2747; x_wconf 87' lang='lat' dir='ltr'><strong>auctoritate</strong></span> <span class='ocrx_word' id='word_1_238' title='bbox 1212 2686 1310 2748; x_wconf 86' lang='lat' dir='ltr'><strong>divina</strong></span> 
     </span>
     <span class='ocr_line' id='line_1_26' title="bbox 103 2783 1310 2864; baseline 0.002 -19"><span class='ocrx_word' id='word_1_239' title='bbox 103 2796 226 2863; x_wconf 78' lang='lat' dir='ltr'><strong>peccata</strong></span> <span class='ocrx_word' id='word_1_240' title='bbox 251 2785 437 2853; x_wconf 85' lang='lat' dir='ltr'><strong>remitterent,</strong></span> <span class='ocrx_word' id='word_1_241' title='bbox 455 2803 522 2859; x_wconf 79' lang='lat' dir='ltr'><strong>que</strong></span> <span class='ocrx_word' id='word_1_242' title='bbox 551 2802 638 2845; x_wconf 90' lang='lat' dir='ltr'><strong>nemo</strong></span> <span class='ocrx_word' id='word_1_243' title='bbox 666 2785 809 2844; x_wconf 85' lang='lat' dir='ltr'><strong>remittere</strong></span> <span class='ocrx_word' id='word_1_244' title='bbox 843 2784 926 2854; x_wconf 89' lang='lat' dir='ltr'><strong>ralet,</strong></span> <span class='ocrx_word' id='word_1_245' title='bbox 947 2785 1004 2844; x_wconf 91' lang='lat' dir='ltr'><strong>uisi</strong></span> <span class='ocrx_word' id='word_1_246' title='bbox 1032 2783 1168 2845; x_wconf 88' lang='lat' dir='ltr'><strong>divinitus</strong></span> <span class='ocrx_word' id='word_1_247' title='bbox 1193 2797 1310 2864; x_wconf 84' lang='lat' dir='ltr'><strong>accepta</strong></span> 
     </span>
     <span class='ocr_line' id='line_1_27' title="bbox 105 2880 1309 2960; baseline 0.002 -18"><span class='ocrx_word' id='word_1_248' title='bbox 105 2892 258 2960; x_wconf 90' lang='lat' dir='ltr'><strong>potestate·</strong></span> <span class='ocrx_word' id='word_1_249' title='bbox 302 2883 448 2941; x_wconf 88' lang='lat' dir='ltr'><strong>Mannum·</strong></span> <span class='ocrx_word' id='word_1_250' title='bbox 471 2882 656 2959; x_wconf 87' lang='lat' dir='ltr'><strong>impositione</strong></span> <span class='ocrx_word' id='word_1_251' title='bbox 671 2880 743 2939; x_wconf 87' lang='lat' dir='ltr'><strong>tradi</strong></span> <span class='ocrx_word' id='word_1_252' title='bbox 766 2880 858 2940; x_wconf 89' lang='lat' dir='ltr'><strong>adhue</strong></span> <span class='ocrx_word' id='word_1_253' title='bbox 873 2881 996 2940; x_wconf 87' lang='lat' dir='ltr'><strong>eundem</strong></span> <span class='ocrx_word' id='word_1_254' title='bbox 1017 2882 1156 2960; x_wconf 89' lang='lat' dir='ltr'><strong>Spiritum</strong></span> <span class='ocrx_word' id='word_1_255' title='bbox 1172 2884 1309 2946; x_wconf 88' lang='lat' dir='ltr'><strong>Sanctum</strong></span> 
     </span>
     <span class='ocr_line' id='line_1_28' title="bbox 105 2979 1308 3058; baseline 0.001 -15"><span class='ocrx_word' id='word_1_256' title='bbox 105 2982 252 3049; x_wconf 84' lang='lat' dir='ltr'><strong>novimus,</strong></span> <span class='ocrx_word' id='word_1_257' title='bbox 267 2980 387 3041; x_wconf 87' lang='lat' dir='ltr'><strong>docente</strong></span> <span class='ocrx_word' id='word_1_258' title='bbox 404 2979 517 3049; x_wconf 84' lang='lat' dir='ltr'><strong>Paulo;</strong></span> <span class='ocrx_word' id='word_1_259' title='bbox 540 2989 713 3058; x_wconf 89' lang='lat' dir='ltr'><strong>quapropter</strong></span> <span class='ocrx_word' id='word_1_260' title='bbox 728 2979 778 3055; x_wconf 91' lang='lat' dir='ltr'><strong>qui</strong></span> <span class='ocrx_word' id='word_1_261' title='bbox 793 2980 955 3040; x_wconf 89' lang='lat' dir='ltr'><strong>sacerdotes</strong></span> <span class='ocrx_word' id='word_1_262' title='bbox 969 2999 1005 3041; x_wconf 90' lang='lat' dir='ltr'><strong>eo</strong></span> <span class='ocrx_word' id='word_1_263' title='bbox 1019 2982 1073 3042; x_wconf 86' lang='lat' dir='ltr'><strong>ritu</strong></span> <span class='ocrx_word' id='word_1_264' title='bbox 1088 2983 1308 3053; x_wconf 83' lang='lat' dir='ltr'><strong>constitunnbrr,</strong></span> 
     </span>
     <span class='ocr_line' id='line_1_29' title="bbox 106 3078 1311 3158; baseline 0 -18"><span class='ocrx_word' id='word_1_265' title='bbox 106 3078 211 3140; x_wconf 84' lang='lat' dir='ltr'><strong>meritd</strong></span> <span class='ocrx_word' id='word_1_266' title='bbox 239 3080 295 3142; x_wconf 88' lang='lat' dir='ltr'><strong>sibi</strong></span> <span class='ocrx_word' id='word_1_267' title='bbox 322 3078 468 3139; x_wconf 83' lang='lat' dir='ltr'><strong>vindicent</strong></span> <span class='ocrx_word' id='word_1_268' title='bbox 492 3088 660 3156; x_wconf 89' lang='lat' dir='ltr'><strong>potestatem</strong></span> <span class='ocrx_word' id='word_1_269' title='bbox 677 3097 773 3153; x_wconf 29' lang='lat' dir='ltr'><strong>,quam</strong></span> <span class='ocrx_word' id='word_1_270' title='bbox 798 3079 935 3140; x_wconf 78' lang='lat' dir='ltr'><strong>Christus</strong></span> <span class='ocrx_word' id='word_1_271' title='bbox 956 3080 1126 3158; x_wconf 80' lang='lat' dir='ltr'><strong>Apostolieo</strong></span> <span class='ocrx_word' id='word_1_272' title='bbox 1147 3083 1260 3144; x_wconf 86' lang='lat' dir='ltr'><strong>muneri</strong></span> <span class='ocrx_word' id='word_1_273' title='bbox 1281 3090 1311 3141; x_wconf 89' lang='lat' dir='ltr'><strong>et</strong></span> 
     </span>
     <span class='ocr_line' id='line_1_30' title="bbox 107 3173 1310 3254; baseline 0 -18"><span class='ocrx_word' id='word_1_274' title='bbox 107 3173 276 3239; x_wconf 87' lang='lat' dir='ltr'><strong>sacerdotali</strong></span> <span class='ocrx_word' id='word_1_275' title='bbox 289 3174 511 3234; x_wconf 89' lang='lat' dir='ltr'><strong>misericorditer</strong></span> <span class='ocrx_word' id='word_1_276' title='bbox 525 3174 672 3233; x_wconf 83' lang='lat' dir='ltr'><strong>adnexuit.</strong></span> <span class='ocrx_word' id='word_1_277' title='bbox 715 3174 859 3236; x_wconf 78' lang='lat' dir='ltr'><strong>Caeterum</strong></span> <span class='ocrx_word' id='word_1_278' title='bbox 885 3177 974 3254; x_wconf 82' lang='lat' dir='ltr'><strong>gratia</strong></span> <span class='ocrx_word' id='word_1_279' title='bbox 989 3176 1114 3254; x_wconf 85' lang='lat' dir='ltr'><strong>Spiritus</strong></span> <span class='ocrx_word' id='word_1_280' title='bbox 1129 3178 1237 3246; x_wconf 86' lang='lat' dir='ltr'><strong>Sancti,</strong></span> <span class='ocrx_word' id='word_1_281' title='bbox 1252 3195 1310 3251; x_wconf 92' lang='lat' dir='ltr'><strong>qua</strong></span> 
     </span>
     <span class='ocr_line' id='line_1_31' title="bbox 107 3271 1310 3349; baseline -0.002 -15"><span class='ocrx_word' id='word_1_282' title='bbox 107 3272 205 3334; x_wconf 86' lang='lat' dir='ltr'><strong>anima</strong></span> <span class='ocrx_word' id='word_1_283' title='bbox 218 3271 250 3331; x_wconf 90' lang='lat' dir='ltr'><strong>lit</strong></span> <span class='ocrx_word' id='word_1_284' title='bbox 270 3271 336 3330; x_wconf 89' lang='lat' dir='ltr'><strong>Dec</strong></span> <span class='ocrx_word' id='word_1_285' title='bbox 347 3283 474 3347; x_wconf 85' lang='lat' dir='ltr'><strong>accepta,</strong></span> <span class='ocrx_word' id='word_1_286' title='bbox 490 3289 549 3330; x_wconf 88' lang='lat' dir='ltr'><strong>non</strong></span> <span class='ocrx_word' id='word_1_287' title='bbox 560 3283 605 3328; x_wconf 87' lang='lat' dir='ltr'><strong>est</strong></span> <span class='ocrx_word' id='word_1_288' title='bbox 616 3271 891 3346; x_wconf 81' lang='lat' dir='ltr'><strong>necessariantquis</strong></span> <span class='ocrx_word' id='word_1_289' title='bbox 905 3281 1074 3349; x_wconf 86' lang='lat' dir='ltr'><strong>potestatem</strong></span> <span class='ocrx_word' id='word_1_290' title='bbox 1088 3273 1145 3331; x_wconf 92' lang='lat' dir='ltr'><strong>sibi</strong></span> <span class='ocrx_word' id='word_1_291' title='bbox 1158 3272 1310 3332; x_wconf 88' lang='lat' dir='ltr'><strong>demanda·</strong></span> 
     </span>
     <span class='ocr_line' id='line_1_32' title="bbox 108 3368 1310 3446; baseline 0.001 -16"><span class='ocrx_word' id='word_1_292' title='bbox 108 3380 167 3430; x_wconf 88' lang='lat' dir='ltr'><strong>tam</strong></span> <span class='ocrx_word' id='word_1_293' title='bbox 182 3388 315 3431; x_wconf 76' lang='lat' dir='ltr'><strong>exercere</strong></span> <span class='ocrx_word' id='word_1_294' title='bbox 327 3370 438 3439; x_wconf 74' lang='lat' dir='ltr'><strong>valeat,</strong></span> <span class='ocrx_word' id='word_1_295' title='bbox 460 3368 594 3443; x_wconf 82' lang='lat' dir='ltr'><strong>quamvis</strong></span> <span class='ocrx_word' id='word_1_296' title='bbox 609 3377 708 3445; x_wconf 87' lang='lat' dir='ltr'><strong>peccet</strong></span> <span class='ocrx_word' id='word_1_297' title='bbox 721 3369 891 3446; x_wconf 77' lang='lat' dir='ltr'><strong>gravissime</strong></span> <span class='ocrx_word' id='word_1_298' title='bbox 903 3368 1038 3446; x_wconf 80' lang='lat' dir='ltr'><strong>indignus</strong></span> <span class='ocrx_word' id='word_1_299' title='bbox 1055 3369 1187 3429; x_wconf 87' lang='lat' dir='ltr'><strong>minister</strong></span> <span class='ocrx_word' id='word_1_300' title='bbox 1210 3381 1310 3431; x_wconf 89' lang='lat' dir='ltr'><strong>sancto</strong></span> 
     </span>
     <span class='ocr_line' id='line_1_33' title="bbox 107 3466 1311 3547; baseline -0.003 -17"><span class='ocrx_word' id='word_1_301' title='bbox 107 3470 232 3547; x_wconf 78' lang='lat' dir='ltr'><strong>iungens</strong></span> <span class='ocrx_word' id='word_1_302' title='bbox 247 3486 376 3538; x_wconf 90' lang='lat' dir='ltr'><strong>munere,</strong></span> <span class='ocrx_word' id='word_1_303' title='bbox 391 3469 422 3527; x_wconf 95' lang='lat' dir='ltr'><strong>in</strong></span> <span class='ocrx_word' id='word_1_304' title='bbox 434 3467 594 3527; x_wconf 87' lang='lat' dir='ltr'><strong>alienorum</strong></span> <span class='ocrx_word' id='word_1_305' title='bbox 615 3476 796 3544; x_wconf 88' lang='lat' dir='ltr'><strong>peccatorum</strong></span> <span class='ocrx_word' id='word_1_306' title='bbox 816 3467 997 3535; x_wconf 86' lang='lat' dir='ltr'><strong>remissione,</strong></span> <span class='ocrx_word' id='word_1_307' title='bbox 1012 3466 1079 3526; x_wconf 91' lang='lat' dir='ltr'><strong>dum</strong></span> <span class='ocrx_word' id='word_1_308' title='bbox 1102 3468 1165 3545; x_wconf 89' lang='lat' dir='ltr'><strong>ipse</strong></span> <span class='ocrx_word' id='word_1_309' title='bbox 1186 3468 1311 3545; x_wconf 88' lang='lat' dir='ltr'><strong>peccatis</strong></span> 
     </span>
     <span class='ocr_line' id='line_1_34' title="bbox 107 3563 1310 3646; baseline -0.002 -18"><span class='ocrx_word' id='word_1_310' title='bbox 107 3568 214 3646; x_wconf 79' lang='lat' dir='ltr'><strong>ligatus</strong></span> <span class='ocrx_word' id='word_1_311' title='bbox 228 3579 333 3626; x_wconf 89' lang='lat' dir='ltr'><strong>manet.</strong></span> <span class='ocrx_word' id='word_1_312' title='bbox 375 3569 441 3627; x_wconf 89' lang='lat' dir='ltr'><strong>Nee</strong></span> <span class='ocrx_word' id='word_1_313' title='bbox 454 3566 552 3624; x_wconf 87' lang='lat' dir='ltr'><strong>lumen</strong></span> <span class='ocrx_word' id='word_1_314' title='bbox 578 3565 703 3644; x_wconf 92' lang='lat' dir='ltr'><strong>Spiritus</strong></span> <span class='ocrx_word' id='word_1_315' title='bbox 718 3565 827 3633; x_wconf 86' lang='lat' dir='ltr'><strong>Sancti,</strong></span> <span class='ocrx_word' id='word_1_316' title='bbox 842 3583 900 3640; x_wconf 93' lang='lat' dir='ltr'><strong>quo</strong></span> <span class='ocrx_word' id='word_1_317' title='bbox 914 3563 1043 3625; x_wconf 91' lang='lat' dir='ltr'><strong>cordium</strong></span> <span class='ocrx_word' id='word_1_318' title='bbox 1064 3585 1165 3625; x_wconf 89' lang='lat' dir='ltr'><strong>arcana</strong></span> <span class='ocrx_word' id='word_1_319' title='bbox 1185 3575 1310 3644; x_wconf 87' lang='lat' dir='ltr'><strong>pateant,</strong></span> 
     </span>
     <span class='ocr_line' id='line_1_35' title="bbox 109 3650 1311 3740; baseline -0.001 -18"><span class='ocrx_word' id='word_1_320' title='bbox 109 3662 147 3732; x_wconf 86' lang='lat' dir='ltr'><strong>sd</strong></span> <span class='ocrx_word' id='word_1_321' title='bbox 161 3665 288 3722; x_wconf 89' lang='lat' dir='ltr'><strong>muneris</strong></span> <span class='ocrx_word' id='word_1_322' title='bbox 303 3663 390 3740; x_wconf 89' lang='lat' dir='ltr'><strong>hujus</strong></span> <span class='ocrx_word' id='word_1_323' title='bbox 415 3661 583 3721; x_wconf 78' lang='lat' dir='ltr'><strong>exercitium</strong></span> <span class='ocrx_word' id='word_1_324' title='bbox 599 3650 760 3734; x_wconf 79' lang='lat' dir='ltr'><strong>requiritur,</strong></span> <span class='ocrx_word' id='word_1_325' title='bbox 783 3679 836 3720; x_wconf 90' lang='lat' dir='ltr'><strong>nec</strong></span> <span class='ocrx_word' id='word_1_326' title='bbox 850 3661 927 3720; x_wconf 91' lang='lat' dir='ltr'><strong>enim</strong></span> <span class='ocrx_word' id='word_1_327' title='bbox 942 3661 1096 3735; x_wconf 91' lang='lat' dir='ltr'><strong>requiritur</strong></span> <span class='ocrx_word' id='word_1_328' title='bbox 1110 3672 1142 3720; x_wconf 94' lang='lat' dir='ltr'><strong>ut</strong></span> <span class='ocrx_word' id='word_1_329' title='bbox 1163 3662 1311 3722; x_wconf 82' lang='lat' dir='ltr'><strong>infallibile</strong></span> 
     </span>
     <span class='ocr_line' id='line_1_36' title="bbox 108 3757 1311 3845; baseline -0.001 -25"><span class='ocrx_word' id='word_1_330' title='bbox 108 3759 149 3820; x_wconf 91' lang='lat' dir='ltr'><strong>sit</strong></span> <span class='ocrx_word' id='word_1_331' title='bbox 156 3759 310 3836; x_wconf 78' lang='lat' dir='ltr'><strong>judicium.</strong></span> <span class='ocrx_word' id='word_1_332' title='bbox 351 3759 504 3817; x_wconf 87' lang='lat' dir='ltr'><strong>Potestatis</strong></span> <span class='ocrx_word' id='word_1_333' title='bbox 525 3758 664 3834; x_wconf 80' lang='lat' dir='ltr'><strong>originem</strong></span> <span class='ocrx_word' id='word_1_334' title='bbox 681 3758 822 3835; x_wconf 73' lang='lat' dir='ltr'><strong>precipue</strong></span> <span class='ocrx_word' id='word_1_335' title='bbox 835 3757 893 3817; x_wconf 82' lang='lat' dir='ltr'><strong>illie</strong></span> <span class='ocrx_word' id='word_1_336' title='bbox 906 3758 1020 3817; x_wconf 83' lang='lat' dir='ltr'><strong>verbis:</strong></span> <span class='ocrx_word' id='word_1_337' title='bbox 1043 3759 1205 3837; x_wconf 79' lang='lat' dir='ltr'><strong>“Accipite</strong></span> <span class='ocrx_word' id='word_1_338' title='bbox 1220 3760 1311 3845; x_wconf 82' lang='lat' dir='ltr'><strong>Spiri-</strong></span> 
     </span>
     <span class='ocr_line' id='line_1_37' title="bbox 109 3852 1368 3932; baseline 0.001 -17"><span class='ocrx_word' id='word_1_339' title='bbox 109 3867 171 3915; x_wconf 87' lang='lat' dir='ltr'><strong>tum</strong></span> <span class='ocrx_word' id='word_1_340' title='bbox 200 3855 337 3915; x_wconf 86' lang='lat' dir='ltr'><strong>Sanctum</strong></span> <span class='ocrx_word' id='word_1_341' title='bbox 348 3854 378 3921; x_wconf 82' lang='grc'><strong>;”</strong></span> <span class='ocrx_word' id='word_1_342' title='bbox 401 3854 536 3913; x_wconf 78' lang='lat' dir='ltr'><strong>Christus</strong></span> <span class='ocrx_word' id='word_1_343' title='bbox 565 3852 736 3922; x_wconf 82' lang='lat' dir='ltr'><strong>declararit3</strong></span> <span class='ocrx_word' id='word_1_344' title='bbox 758 3853 921 3932; x_wconf 88' lang='lat' dir='ltr'><strong>etproiude</strong></span> <span class='ocrx_word' id='word_1_345' title='bbox 942 3873 1044 3914; x_wconf 88' lang='lat' dir='ltr'><strong>omnes</strong></span> <span class='ocrx_word' id='word_1_346' title='bbox 1067 3855 1310 3930; x_wconf 88' lang='lat' dir='ltr'><strong>quiexeoionte</strong></span> <span class='ocrx_word' id='word_1_347' title='bbox 1360 3878 1368 3889; x_wconf 57' lang='lat'>³</span> 
     </span>
     <span class='ocr_line' id='line_1_38' title="bbox 110 3951 1311 4031; baseline 0 -19"><span class='ocrx_word' id='word_1_348' title='bbox 110 3952 189 4012; x_wconf 93' lang='lat' dir='ltr'><strong>illam</strong></span> <span class='ocrx_word' id='word_1_349' title='bbox 198 3952 328 4013; x_wconf 79' lang='lat' dir='ltr'><strong>derivant</strong></span> <span class='ocrx_word' id='word_1_350' title='bbox 343 3962 509 4030; x_wconf 87' lang='lat' dir='ltr'><strong>potestatem</strong></span> <span class='ocrx_word' id='word_1_351' title='bbox 524 3970 588 4010; x_wconf 88' lang='lat' dir='ltr'><strong>earn</strong></span> <span class='ocrx_word' id='word_1_352' title='bbox 604 3952 699 4011; x_wconf 82' lang='lat' dir='ltr'><strong>valent</strong></span> <span class='ocrx_word' id='word_1_353' title='bbox 710 3970 845 4012; x_wconf 83' lang='lat' dir='ltr'><strong>exercere</strong></span> <span class='ocrx_word' id='word_1_354' title='bbox 860 3954 1004 4016; x_wconf 85' lang='lat' dir='ltr'><strong>necerim</strong></span> <span class='ocrx_word' id='word_1_355' title='bbox 1025 3951 1061 4013; x_wconf 81' lang='lat' dir='ltr'><strong>ue</strong></span> <span class='ocrx_word' id='word_1_356' title='bbox 1075 3953 1261 4031; x_wconf 86' lang='lat' dir='ltr'><strong>inspiratione</strong></span> <span class='ocrx_word' id='word_1_357' title='bbox 1274 3972 1311 4012; x_wconf 91' lang='lat' dir='ltr'><strong>eo</strong></span> 
     </span>
     <span class='ocr_line' id='line_1_39' title="bbox 109 4049 1312 4129; baseline 0.001 -19"><span class='ocrx_word' id='word_1_358' title='bbox 109 4051 169 4111; x_wconf 86' lang='lat' dir='ltr'><strong>loci</strong></span> <span class='ocrx_word' id='word_1_359' title='bbox 182 4060 228 4111; x_wconf 88' lang='lat' dir='ltr'><strong>est</strong></span> <span class='ocrx_word' id='word_1_360' title='bbox 247 4051 380 4125; x_wconf 75' lang='lat' dir='ltr'><strong>quaetio,</strong></span> <span class='ocrx_word' id='word_1_361' title='bbox 394 4050 470 4109; x_wconf 90' lang='lat' dir='ltr'><strong>sicut</strong></span> <span class='ocrx_word' id='word_1_362' title='bbox 488 4050 559 4109; x_wconf 89' lang='lat' dir='ltr'><strong>alias</strong></span> <span class='ocrx_word' id='word_1_363' title='bbox 574 4050 690 4126; x_wconf 89' lang='lat' dir='ltr'><strong>quando</strong></span> <span class='ocrx_word' id='word_1_364' title='bbox 704 4051 796 4129; x_wconf 83' lang='lat' dir='ltr'><strong>egitur</strong></span> <span class='ocrx_word' id='word_1_365' title='bbox 810 4050 845 4110; x_wconf 89' lang='lat' dir='ltr'><strong>de</strong></span> <span class='ocrx_word' id='word_1_366' title='bbox 861 4068 979 4110; x_wconf 90' lang='lat' dir='ltr'><strong>munere</strong></span> <span class='ocrx_word' id='word_1_367' title='bbox 995 4049 1128 4111; x_wconf 87' lang='lat' dir='ltr'><strong>docendi.</strong></span> <span class='ocrx_word' id='word_1_368' title='bbox 1169 4051 1252 4111; x_wconf 91' lang='lat' dir='ltr'><strong>Nihil</strong></span> <span class='ocrx_word' id='word_1_369' title='bbox 1267 4062 1312 4111; x_wconf 90' lang='lat' dir='ltr'><strong>est</strong></span> 
     </span>
     <span class='ocr_line' id='line_1_40' title="bbox 108 4146 1311 4226; baseline -0.002 -18"><span class='ocrx_word' id='word_1_370' title='bbox 108 4149 143 4209; x_wconf 89' lang='lat' dir='ltr'><strong>in</strong></span> <span class='ocrx_word' id='word_1_371' title='bbox 157 4149 308 4209; x_wconf 82' lang='lat' dir='ltr'><strong>verborum</strong></span> <span class='ocrx_word' id='word_1_372' title='bbox 320 4147 406 4216; x_wconf 88' lang='lat' dir='ltr'><strong>serie,</strong></span> <span class='ocrx_word' id='word_1_373' title='bbox 421 4147 493 4208; x_wconf 89' lang='lat' dir='ltr'><strong>nihil</strong></span> <span class='ocrx_word' id='word_1_374' title='bbox 504 4147 535 4207; x_wconf 91' lang='lat' dir='ltr'><strong>in</strong></span> <span class='ocrx_word' id='word_1_375' title='bbox 550 4150 660 4209; x_wconf 80' lang='lat' dir='ltr'><strong>ceteris</strong></span> <span class='ocrx_word' id='word_1_376' title='bbox 671 4148 837 4226; x_wconf 85' lang='lat' dir='ltr'><strong>Scripturis,</strong></span> <span class='ocrx_word' id='word_1_377' title='bbox 851 4146 925 4207; x_wconf 85' lang='lat' dir='ltr'><strong>nihil</strong></span> <span class='ocrx_word' id='word_1_378' title='bbox 939 4147 1036 4208; x_wconf 85' lang='lat' dir='ltr'><strong>intuta</strong></span> <span class='ocrx_word' id='word_1_379' title='bbox 1049 4148 1210 4208; x_wconf 78' lang='lat' dir='ltr'><strong>economia</strong></span> <span class='ocrx_word' id='word_1_380' title='bbox 1222 4148 1311 4207; x_wconf 88' lang='lat' dir='ltr'><strong>chris·</strong></span> 
     </span>
     <span class='ocr_line' id='line_1_41' title="bbox 110 4243 1310 4324; baseline -0.002 -19"><span class='ocrx_word' id='word_1_381' title='bbox 110 4247 198 4314; x_wconf 90' lang='lat' dir='ltr'><strong>tiana,</strong></span> <span class='ocrx_word' id='word_1_382' title='bbox 214 4245 291 4319; x_wconf 87' lang='lat' dir='ltr'><strong>quod</strong></span> <span class='ocrx_word' id='word_1_383' title='bbox 306 4243 423 4305; x_wconf 88' lang='lat' dir='ltr'><strong>suadeat</strong></span> <span class='ocrx_word' id='word_1_384' title='bbox 443 4244 607 4306; x_wconf 89' lang='lat' dir='ltr'><strong>remittendi</strong></span> <span class='ocrx_word' id='word_1_385' title='bbox 627 4253 744 4324; x_wconf 85' lang='lat' dir='ltr'><strong>peccata</strong></span> <span class='ocrx_word' id='word_1_386' title='bbox 764 4254 932 4324; x_wconf 89' lang='lat' dir='ltr'><strong>potestatem</strong></span> <span class='ocrx_word' id='word_1_387' title='bbox 946 4263 983 4305; x_wconf 88' lang='lat' dir='ltr'><strong>err</strong></span> <span class='ocrx_word' id='word_1_388' title='bbox 999 4244 1109 4306; x_wconf 90' lang='lat' dir='ltr'><strong>lumine</strong></span> <span class='ocrx_word' id='word_1_389' title='bbox 1121 4244 1171 4305; x_wconf 90' lang='lat' dir='ltr'><strong>illo</strong></span> <span class='ocrx_word' id='word_1_390' title='bbox 1184 4261 1310 4321; x_wconf 85' lang='lat' dir='ltr'><strong>superno</strong></span> 
     </span>
     <span class='ocr_line' id='line_1_42' title="bbox 111 4341 250 4425; baseline 0 -22"><span class='ocrx_word' id='word_1_391' title='bbox 111 4341 250 4425; x_wconf 87' lang='lat' dir='ltr'><strong>pendere.</strong></span> 
     </span>
    </p>
   </div>
   <div class='ocr_carea' id='block_1_3' title="bbox 482 4518 1340 4766">
    <p class='ocr_par' dir='ltr' id='par_1_7' title="bbox 482 4518 1340 4766">
     <span class='ocr_line' id='line_1_43' title="bbox 482 4518 1296 4588; baseline 0.005 -17"><span class='ocrx_word' id='word_1_392' title='bbox 482 4521 525 4588; x_wconf 91' lang='lat'><strong>(1)</strong></span> <span class='ocrx_word' id='word_1_393' title='bbox 543 4518 730 4572; x_wconf 76' lang='lat' dir='ltr'><strong>Actxxvtat.</strong></span> <span class='ocrx_word' id='word_1_394' title='bbox 870 4553 874 4561; x_wconf 85' lang='lat'>·</span> <span class='ocrx_word' id='word_1_395' title='bbox 1293 4570 1296 4575; x_wconf 93' lang='lat'>.</span> 
     </span>
     <span class='ocr_line' id='line_1_44' title="bbox 482 4538 1340 4766; baseline 0.005 -110"><span class='ocrx_word' id='word_1_396' title='bbox 482 4605 845 4674; x_wconf 76' lang='lat' dir='ltr'><strong>(2)1nstl.iii.e.ir.n.20.</strong></span> <span class='ocrx_word' id='word_1_397' title='bbox 1266 4538 1340 4766; x_wconf 60' lang='lat' dir='ltr'><em>t</em></span> 
     </span>
    </p>
   </div>
   <div class='ocr_carea' id='block_1_4' title="bbox 0 0 1405 5056">
    <p class='ocr_par' dir='ltr' id='par_1_8' title="bbox 0 0 1405 5056">
     <span class='ocr_line' id='line_1_45' title="bbox 0 0 1405 5056; baseline 0 0"><span class='ocrx_word' id='word_1_398' title='bbox 0 0 1405 5056; x_wconf 95' lang='lat' dir='ltr'><strong> </strong></span> 
     </span>
    </p>
   </div>
  </div>
 </body>
</html>
