2774 5056
497 318 556 381 DE
578 319 747 382 HAERESI
768 321 1025 383 novatiana,

663 884 807 944 CAPUT
828 883 868 943 11.

482 1125 531 1178 DL
556 1122 730 1178 HAERESI
751 1120 1039 1174 NOVATIANA.

203 1343 252 1398 49.
281 1341 454 1401 Potestatem
483 1338 644 1400 remittendi
669 1338 798 1416 graviora
824 1345 950 1413 peccata,
978 1336 1170 1396 idololatriam
1184 1333 1354 1413 praesertin,

164 1435 361 1505 homicidium,
375 1449 404 1496 et
417 1436 596 1505 adulterim,
606 1434 747 1494 Ecclesiae
761 1432 939 1509 denegabant
954 1432 1121 1493 Novatiaui.
1165 1432 1246 1493 Reos
1261 1430 1353 1490 horum

163 1535 315 1593 criminum
329 1536 502 1612 poenitentiae
515 1534 626 1609 legibus
642 1531 790 1590 adstrictos
802 1530 880 1588 nulla
894 1531 928 1589 ab
949 1529 1083 1590 Ecclesia
1103 1531 1190 1589 venia
1201 1528 1302 1607 donari
1314 1546 1355 1586 ro

163 1632 285 1698 luerunt,
300 1630 350 1689 sed
366 1631 422 1688 Dei
435 1627 637 1703 relinquendos
648 1627 770 1705 judicio.
812 1627 910 1694 Quum
925 1627 1019 1686 nullus
1034 1627 1184 1707 appositus
1199 1627 1239 1684 sit
1251 1626 1354 1684 limosa

163 1725 282 1785 Christo
303 1727 439 1795 Domino,
455 1725 507 1785 sed
520 1745 537 1784 e
550 1737 649 1785 contra
662 1725 756 1782 verbis
776 1723 964 1800 amplissimis
978 1734 1105 1802 potestas
1127 1725 1166 1782 sit
1179 1722 1354 1800 explicata-

162 1834 182 1860 “
193 1843 380 1899 quercumque
388 1825 530 1885 solveritis
541 1823 569 1894 ;’'
581 1832 601 1861 “
611 1840 733 1898 quorum
743 1822 909 1882 remiseritis
918 1821 1190 1899 peecata”-liquet
1198 1831 1355 1899 peccatores

159 1923 393 2000 gravissimorum
407 1924 546 1982 scelerum
561 1940 625 1981 reos
645 1921 756 1979 veniam
771 1921 909 1992 consequi
927 1938 1012 1994 posse
1027 1939 1045 1978 a
1058 1919 1199 1980 ministris
1211 1918 1355 1983 Ecclesia,

160 2019 274 2092 quaudo
289 2039 351 2080 eam
364 2022 512 2098 pmnitenti
527 2020 623 2080 auimo
639 2027 747 2096 petunt.
790 2017 879 2076 Recte
900 2017 1089 2077 Ambrosius:
1111 2026 1131 2056 ‘⁸
1142 2018 1226 2081 Deus
1245 2017 1356 2076 distine-

161 2118 271 2176 tiooem
288 2137 346 2177 non
360 2119 436 2186 iacit,
452 2119 502 2193 qui
516 2116 741 2178 misericordiam
762 2134 843 2174 suam
858 2115 990 2192 promisit
1009 2116 1156 2185 omnibns,
1171 2127 1204 2177 et·
1216 2113 1356 2176 relaxandi

160 2214 303 2274 licentiam
318 2215 512 2274 sacerdotibus
532 2215 594 2274 suis
614 2214 677 2272 sine
697 2213 756 2272 ulla
767 2212 938 2289 exceptione
952 2212 1143 2271 concessit.”²
1182 2211 1355 2291 Augustinus

160 2312 245 2371 etiam
256 2331 265 2370 t
278 2321 297 2349 ‘⁶
308 2312 374 2371 Nec
387 2331 437 2372 eos
448 2312 608 2379 audiamus,
619 2310 784 2387 quinegaut
793 2309 957 2368 Ecclesiam
968 2308 1024 2368 Dei
1034 2309 1133 2368 omnia
1146 2320 1265 2389 peccate
1273 2325 1353 2388 posse

158 2409 310 2470 dimittere.
353 2410 452 2484 Itaque
466 2411 563 2470 miseri
577 2409 646 2469 dum
660 2409 690 2467 in
704 2407 791 2467 Petro
815 2417 924 2485 petram
945 2404 1003 2468 nou
1020 2408 1198 2487 intelligunt,
1213 2418 1244 2469 et
1262 2407 1355 2468 nolunt

159 2507 273 2566 credere
289 2508 367 2565 datas
382 2509 522 2566 Ecclesia
537 2507 630 2565 claves
645 2506 725 2582 regni
746 2505 893 2573 coelorum,
913 2505 970 2581 ipsi
985 2523 1033 2563 eas
1048 2505 1083 2564 de
1099 2506 1232 2564 manibus
1256 2504 1351 2564 amise-

159 2605 270 2662 runt.”l
311 2605 344 2661 Iu
373 2604 525 2662 refellenda
552 2605 637 2680 igitur
661 2604 709 2660 illa
733 2603 834 2660 haeresi
856 2621 914 2660 non
924 2603 1006 2679 juvat
1027 2603 1185 2672 immorari,
1203 2602 1353 2681 praesertim

160 2720 247 2771 quum
264 2701 376 2757 sectarii
389 2701 518 2758 hodierni
533 2720 590 2759 non
605 2701 709 2757 limites
721 2700 868 2775 potestatis
883 2700 1021 2758 exercitio
1036 2719 1144 2776 ponere
1159 2710 1296 2774 quaerant,
1308 2697 1352 2756 sed

160 2798 253 2871 ipsam
274 2796 406 2853 radicitus
429 2798 559 2854 evellere.
603 2798 649 2854 Ne
672 2809 764 2854 tamen
780 2797 883 2870 aliquis
898 2797 1002 2854 haereat
1015 2797 1046 2854 in
1060 2797 1227 2856 difficilibus
1243 2799 1349 2872 quibus-

158 2891 222 2948 dam
244 2893 395 2967 Scripturae
410 2894 480 2950 locis
495 2895 525 2950 in
540 2894 642 2966 quibus
658 2893 811 2950 Novatiani
826 2893 871 2950 sui
885 2893 988 2951 erroris
1002 2894 1170 2970 praesidium
1186 2895 1348 2968 quaerebant,

165 2990 258 3064 placet
272 3007 335 3060 quae
350 3000 458 3046 veteres
469 3000 561 3064 patres
576 2990 611 3046 iis
626 3000 814 3064 reposuerunt
828 2989 940 3047 referre.

199 3089 247 3142 50.
264 3084 443 3161 Objiciebant
456 3085 484 3144 N
487 3086 611 3142 ovatiani
626 3085 710 3141 verba
726 3085 794 3143 Heli
808 3085 962 3143 sacerdotis
974 3096 1090 3162 peccata
1102 3085 1229 3145 filiorum
1244 3102 1347 3144 suorum

160 3184 258 3261 Ophui
273 3194 301 3242 et
315 3185 433 3242 Phineis
449 3183 609 3260 arguentis:
632 3192 651 3219 ‘⁶
663 3184 693 3241 Si
707 3186 866 3260 peccaverit
880 3185 922 3241 vir
936 3185 1082 3250 invirum,
1097 3185 1204 3261 placari
1217 3186 1243 3242 ei
1256 3183 1346 3260 poterit

160 3280 258 3338 Deus:
275 3282 299 3338 si
315 3295 408 3338 autem
423 3281 453 3338 in
464 3280 620 3337 Dominum
632 3282 790 3356 peccaverit
804 3281 855 3347 vir,
872 3281 935 3353 quis
947 3282 1099 3356 orabitpro
1109 3300 1145 3339 eo
1159 3280 1206 3337 Μ
1229 3277 1344 3339 Difficul-

159 3391 243 3436 tatem
260 3379 348 3436 veuiae
364 3380 399 3435 ob
414 3378 529 3435 sceleris
544 3378 708 3454 gravitatem
730 3396 764 3435 eo
779 3378 833 3435 loci
849 3379 1003 3454 significari
1029 3379 1276 3454 optimeintellexit
1286 3378 1342 3434 Am·

159 3477 290 3534 brosius:
315 3486 334 3511 ‘⁶
347 3475 416 3533 Nou
430 3476 506 3532 enim
519 3476 656 3550 scriptum
671 3486 730 3531 est:
748 3474 841 3531 nullus
853 3475 942 3532 orabit
956 3493 1007 3552 pro
1021 3493 1077 3541 eo;
1098 3476 1149 3533 sed
1165 3477 1230 3548 quis
1245 3469 1340 3532 orabit?

160 3575 214 3632 hoc
230 3576 349 3647 estquis
364 3574 412 3631 ille
424 3574 461 3630 sit
474 3573 523 3646 qui
539 3573 627 3630 intuli
642 3592 728 3630 causa
740 3591 819 3631 orare
833 3574 933 3650 possit,
949 3575 1094 3647 quaeritur,
1110 3593 1169 3633 non
1185 3572 1334 3633 excluditur.

159 3711 293 3729 .....
316 3671 474 3746 Singularis
489 3672 554 3727 vitm
567 3671 669 3742 aliquis
691 3670 774 3727 debet
787 3690 866 3728 orare
881 3690 932 3747 pro
947 3690 982 3728 eo
996 3672 1045 3744 qui
1061 3674 1193 3748 peccavit
1206 3673 1236 3730 iu
1256 3665 1334 3728 Doni·

158 3785 247 3823 num:
270 3767 336 3839 quia
357 3786 414 3838 quo
439 3767 529 3842 major
554 3767 647 3842 culpa,
662 3785 697 3824 eo
713 3768 818 3843 majora
840 3767 992 3840 quaerenda
1011 3777 1079 3825 sunt
1100 3768 1243 3846 suffragia.
1282 3765 1329 3823 Non

158 3863 235 3919 enim
259 3865 431 3936 quicumque
452 3863 487 3920 de
508 3864 593 3940 vulgo
614 3882 666 3940 pro
687 3864 852 3924 Judaeorum
874 3867 981 3943 populo
1009 3867 1061 3925 sed
1083 3869 1207 3945 Moyses
1232 3861 1326 3943 rogarit

159 3959 273 4032 quaudo
295 3963 375 4019 vituli
402 3973 496 4039 caput,
524 3961 592 4020 fidei
612 3963 806 4031 immemores,
835 3964 1031 4024 adoraverunt.
1081 3966 1233 4041 Numquid
1251 3956 1325 4022 erravil

160 4057 303 4134 Moyses?
344 4060 468 4118 Alcerte
482 4059 548 4132 quia
568 4076 626 4116 nou
650 4060 762 4126 erravit,
785 4060 861 4134 quod
889 4062 1007 4139 rogavit,
1030 4071 1059 4120 et
1080 4064 1194 4132 meruit,
1214 4071 1240 4120 et
1256 4060 1322 4131 iupe-

159 4153 285 4212 travit.”⁴

520 4330 566 4380 L.i
567 4329 614 4379 de
625 4330 758 4396 poenite
752 4331 786 4380 rii.
797 4348 821 4381 n.
834 4335 873 4382 lo.

521 4418 550 4467 L.
563 4418 593 4466 de
604 4433 682 4479 agone
693 4417 825 4469 christiano
837 4436 858 4470 c
869 4420 938 4469 xxxi.

457 4332 469 4401 (

459 4419 470 4483 (

459 4506 470 4570 (

458 4589 470 4654 (

474 4334 566 4397 1)ι

472 4421 501 4484 2)

473 4507 540 4570 3)·

471 4590 500 4655 4)

520 4587 550 4638 L
559 4589 665 4654 tpoemt
677 4606 698 4640 c
709 4589 759 4640 viii.
