<?xml version="1.0" encoding="UTF-8"?>
<!DOCTYPE html PUBLIC "-//W3C//DTD XHTML 1.0 Transitional//EN"
    "http://www.w3.org/TR/xhtml1/DTD/xhtml1-transitional.dtd">
<html xmlns="http://www.w3.org/1999/xhtml" xml:lang="en" lang="en">
 <head>
  <title>
</title>
<meta http-equiv="Content-Type" content="text/html;charset=utf-8" />
  <meta name='ocr-system' content='tesseract 3.04.00' />
  <meta name='ocr-capabilities' content='ocr_page ocr_carea ocr_par ocr_line ocrx_word'/>
</head>
<body>
  <div class='ocr_page' id='page_1' title='image "./theologidogmati03kenrgoog_0235.png"; bbox 0 0 2774 5056; ppageno 0'>
   <div class='ocr_carea' id='block_1_1' title="bbox 126 304 1073 399">
    <p class='ocr_par' dir='ltr' id='par_1_1' title="bbox 126 304 1073 399">
     <span class='ocr_line' id='line_1_1' title="bbox 126 304 1073 399; baseline -0.003 0"><span class='ocrx_word' id='word_1_1' title='bbox 126 338 185 398; x_wconf 82' lang='lat' dir='ltr'>aaa</span> <span class='ocrx_word' id='word_1_2' title='bbox 376 335 432 399; x_wconf 82' lang='lat' dir='ltr'>ou</span> <span class='ocrx_word' id='word_1_3' title='bbox 452 334 724 397; x_wconf 76' lang='lat' dir='ltr'>loommorvn</span> <span class='ocrx_word' id='word_1_4' title='bbox 745 304 1073 397; x_wconf 73' lang='lat' dir='ltr'>unanimi-m.-</span> 
     </span>
    </p>
   </div>
   <div class='ocr_carea' id='block_1_2' title="bbox 20 470 1330 905">
    <p class='ocr_par' dir='ltr' id='par_1_2' title="bbox 59 470 1330 905">
     <span class='ocr_line' id='line_1_2' title="bbox 126 493 1330 580; baseline -0.002 -26"><span class='ocrx_word' id='word_1_5' title='bbox 126 505 155 554; x_wconf 88' lang='lat' dir='ltr'>et</span> <span class='ocrx_word' id='word_1_6' title='bbox 169 495 266 556; x_wconf 86' lang='lat' dir='ltr'>vinum</span> <span class='ocrx_word' id='word_1_7' title='bbox 280 494 497 554; x_wconf 87' lang='lat' dir='ltr'>eucharisticum</span> <span class='ocrx_word' id='word_1_8' title='bbox 510 514 519 563; x_wconf 91' lang='lat'>;</span> <span class='ocrx_word' id='word_1_9' title='bbox 541 494 731 553; x_wconf 83' lang='lat' dir='ltr'>sed&#39;Rubrica</span> <span class='ocrx_word' id='word_1_10' title='bbox 744 493 866 553; x_wconf 84' lang='lat' dir='ltr'><strong>declarat</strong></span> <span class='ocrx_word' id='word_1_11' title='bbox 878 494 986 554; x_wconf 86' lang='lat' dir='ltr'>nullam</span> <span class='ocrx_word' id='word_1_12' title='bbox 1000 494 1196 554; x_wconf 86' lang='lat' dir='ltr'>adorationem</span> <span class='ocrx_word' id='word_1_13' title='bbox 1211 511 1330 580; x_wconf 86' lang='lat' dir='ltr'>eorum,</span> 
     </span>
     <span class='ocr_line' id='line_1_3' title="bbox 126 590 1328 670; baseline -0.001 -20"><span class='ocrx_word' id='word_1_14' title='bbox 126 592 172 650; x_wconf 86' lang='lat' dir='ltr'>vel</span> <span class='ocrx_word' id='word_1_15' title='bbox 193 592 346 670; x_wconf 88' lang='lat' dir='ltr'>corporalis</span> <span class='ocrx_word' id='word_1_16' title='bbox 369 591 478 651; x_wconf 77' lang='lat' dir='ltr'>Christi</span> <span class='ocrx_word' id='word_1_17' title='bbox 500 594 656 670; x_wconf 79' lang='lat' dir='ltr'>praesentiae</span> <span class='ocrx_word' id='word_1_18' title='bbox 681 611 716 652; x_wconf 89' lang='lat' dir='ltr'>eo</span> <span class='ocrx_word' id='word_1_19' title='bbox 741 600 824 670; x_wconf 89' lang='lat' dir='ltr'>pacto</span> <span class='ocrx_word' id='word_1_20' title='bbox 847 590 966 661; x_wconf 91' lang='lat' dir='ltr'>intendi,</span> <span class='ocrx_word' id='word_1_21' title='bbox 981 591 1091 650; x_wconf 78' lang='lat' dir='ltr'>Christi</span> <span class='ocrx_word' id='word_1_22' title='bbox 1112 591 1193 651; x_wconf 90' lang='lat' dir='ltr'>euim</span> <span class='ocrx_word' id='word_1_23' title='bbox 1219 609 1328 669; x_wconf 82' lang='lat' dir='ltr'>corpus</span> 
     </span>
     <span class='ocr_line' id='line_1_4' title="bbox 20 470 162 905; baseline 0 0"><span class='ocrx_word' id='word_1_24' title='bbox 20 470 162 905; x_wconf 49' lang='grc' dir='ltr'>δῖἑ</span> 
     </span>
    </p>
   </div>
   <div class='ocr_carea' id='block_1_3' title="bbox 147 689 643 963">
    <p class='ocr_par' dir='ltr' id='par_1_3' title="bbox 147 689 643 963">
     <span class='ocr_line' id='line_1_5' title="bbox 147 689 643 963; baseline 0.002 -215"><span class='ocrx_word' id='word_1_25' title='bbox 147 690 295 963; x_wconf 46' lang='lat' dir='ltr'>currales</span> <span class='ocrx_word' id='word_1_26' title='bbox 309 689 382 749; x_wconf 87' lang='lat' dir='ltr'>coelu</span> <span class='ocrx_word' id='word_1_27' title='bbox 395 699 503 751; x_wconf 89' lang='lat' dir='ltr'>tantum</span> <span class='ocrx_word' id='word_1_28' title='bbox 518 690 643 749; x_wconf 81' lang='lat' dir='ltr'>adessa.¹</span> 
     </span>
    </p>
   </div>
   <div class='ocr_carea' id='block_1_4' title="bbox 12 654 21 685">
    <p class='ocr_par' dir='ltr' id='par_1_4' title="bbox 12 654 21 685">
     <span class='ocr_line' id='line_1_6' title="bbox 12 654 21 685; baseline 0 0"><span class='ocrx_word' id='word_1_29' title='bbox 12 654 21 685; x_wconf 81' lang='grc' dir='ltr'><strong><em>Ι</em></strong></span> 
     </span>
    </p>
   </div>
   <div class='ocr_carea' id='block_1_5' title="bbox 11 690 36 909">
    <p class='ocr_par' dir='ltr' id='par_1_5' title="bbox 11 690 36 909">
     <span class='ocr_line' id='line_1_7' title="bbox 11 690 36 909; baseline 0 0"><span class='ocrx_word' id='word_1_30' title='bbox 11 690 36 909; x_wconf 76' lang='lat' dir='ltr'>i</span> 
     </span>
    </p>
   </div>
   <div class='ocr_carea' id='block_1_6' title="bbox 2 778 1384 3242">
    <p class='ocr_par' dir='ltr' id='par_1_6' title="bbox 2 778 1384 3242">
     <span class='ocr_line' id='line_1_8' title="bbox 172 778 205 831; baseline 0 0"><span class='ocrx_word' id='word_1_31' title='bbox 172 778 205 831; x_wconf 67' lang='lat'>⁸)</span> 
     </span>
     <span class='ocr_line' id='line_1_9' title="bbox 34 882 814 1017; baseline -0.003 -88.952"><span class='ocrx_word' id='word_1_32' title='bbox 34 882 188 1017; x_wconf 44' lang='lat'>³15⁵*</span> <span class='ocrx_word' id='word_1_33' title='bbox 631 885 814 926; x_wconf 79' lang='lat' dir='ltr'>raouosmro.</span> 
     </span>
     <span class='ocr_line' id='line_1_10' title="bbox 133 969 1383 1086; baseline -0.002 0.015"><span class='ocrx_word' id='word_1_34' title='bbox 133 969 329 1086; x_wconf 50' lang='lat' dir='ltr'>detrectas</span> <span class='ocrx_word' id='word_1_35' title='bbox 317 1043 351 1084; x_wconf 84' lang='lat' dir='ltr'>m</span> <span class='ocrx_word' id='word_1_36' title='bbox 364 1024 548 1086; x_wconf 81' lang='lat' dir='ltr'>eucharistia</span> <span class='ocrx_word' id='word_1_37' title='bbox 560 1021 749 1084; x_wconf 80' lang='lat' dir='ltr'>Sacramenta</span> <span class='ocrx_word' id='word_1_38' title='bbox 765 1023 854 1084; x_wconf 84' lang='lat' dir='ltr'>etiam</span> <span class='ocrx_word' id='word_1_39' title='bbox 867 1032 952 1084; x_wconf 79' lang='lat' dir='ltr'>aetra</span> <span class='ocrx_word' id='word_1_40' title='bbox 963 1023 1109 1085; x_wconf 77' lang='lat' dir='ltr'>actionem</span> <span class='ocrx_word' id='word_1_41' title='bbox 1119 1029 1325 1084; x_wconf 77' lang='lat' dir='ltr'>auocamento·</span> <span class='ocrx_word' id='word_1_42' title='bbox 1372 1032 1383 1071; x_wconf 87' lang='grc'>7</span> 
     </span>
     <span class='ocr_line' id='line_1_11' title="bbox 28 1014 1085 1243; baseline -0.004 -58.849"><span class='ocrx_word' id='word_1_43' title='bbox 28 1014 191 1243; x_wconf 43' lang='lat' dir='ltr'>{ilem</span> <span class='ocrx_word' id='word_1_44' title='bbox 206 1122 287 1184; x_wconf 84' lang='lat' dir='ltr'>cultu</span> <span class='ocrx_word' id='word_1_45' title='bbox 301 1121 406 1193; x_wconf 76' lang='lat' dir='ltr'>latria,</span> <span class='ocrx_word' id='word_1_46' title='bbox 421 1131 486 1183; x_wconf 82' lang='lat' dir='ltr'>tum</span> <span class='ocrx_word' id='word_1_47' title='bbox 500 1123 616 1182; x_wconf 83' lang='lat' dir='ltr'>interno</span> <span class='ocrx_word' id='word_1_48' title='bbox 632 1128 698 1181; x_wconf 82' lang='lat' dir='ltr'>tum</span> <span class='ocrx_word' id='word_1_49' title='bbox 710 1128 830 1182; x_wconf 70' lang='lat' dir='ltr'>externo</span> <span class='ocrx_word' id='word_1_50' title='bbox 844 1121 1016 1182; x_wconf 82' lang='lat' dir='ltr'>adorandus</span> <span class='ocrx_word' id='word_1_51' title='bbox 1031 1126 1085 1180; x_wconf 86' lang='lat' dir='ltr'>cst.</span> 
     </span>
     <span class='ocr_line' id='line_1_12' title="bbox 2 1215 601 1331; baseline -0.012 -47"><span class='ocrx_word' id='word_1_52' title='bbox 2 1241 44 1284; x_wconf 69' lang='lat' dir='ltr'>nr·</span> <span class='ocrx_word' id='word_1_53' title='bbox 52 1254 95 1331; x_wconf 66' lang='lat'>2³¹1</span> <span class='ocrx_word' id='word_1_54' title='bbox 165 1218 356 1280; x_wconf 85' lang='lat' dir='ltr'>Probaturl.</span> <span class='ocrx_word' id='word_1_55' title='bbox 373 1237 409 1279; x_wconf 80' lang='lat' dir='ltr'>coc</span> <span class='ocrx_word' id='word_1_56' title='bbox 426 1215 601 1297; x_wconf 79' lang='lat' dir='ltr'>Scriptmis.</span> 
     </span>
     <span class='ocr_line' id='line_1_13' title="bbox 2 1277 1360 1412; baseline -0.003 -36"><span class='ocrx_word' id='word_1_57' title='bbox 2 1285 56 1412; x_wconf 57' lang='lat' dir='ltr'>ir?</span> <span class='ocrx_word' id='word_1_58' title='bbox 69 1356 86 1388; x_wconf 84' lang='lat'>,</span> <span class='ocrx_word' id='word_1_59' title='bbox 134 1322 234 1378; x_wconf 76' lang='grc'><strong>275.</strong></span> <span class='ocrx_word' id='word_1_60' title='bbox 254 1317 361 1392; x_wconf 80' lang='lat' dir='ltr'>Liquet</span> <span class='ocrx_word' id='word_1_61' title='bbox 381 1316 574 1377; x_wconf 84' lang='lat' dir='ltr'>adorationem</span> <span class='ocrx_word' id='word_1_62' title='bbox 589 1316 706 1375; x_wconf 83' lang='lat' dir='ltr'>Christo</span> <span class='ocrx_word' id='word_1_63' title='bbox 720 1277 921 1393; x_wconf 82' lang='lat' dir='ltr'>praeetandam,</span> <span class='ocrx_word' id='word_1_64' title='bbox 935 1315 1109 1374; x_wconf 79' lang='lat' dir='ltr'>ethumaue</span> <span class='ocrx_word' id='word_1_65' title='bbox 1130 1313 1197 1392; x_wconf 89' lang='lat' dir='ltr'>ejus</span> <span class='ocrx_word' id='word_1_66' title='bbox 1216 1322 1360 1372; x_wconf 75' lang='lat' dir='ltr'>naturae</span> 
     </span>
     <span class='ocr_line' id='line_1_14' title="bbox 28 1390 1331 1494; baseline -0.005 -19"><span class='ocrx_word' id='word_1_67' title='bbox 28 1390 82 1485; x_wconf 61' lang='lat' dir='ltr'>‘ii</span> <span class='ocrx_word' id='word_1_68' title='bbox 125 1424 223 1494; x_wconf 82' lang='lat' dir='ltr'>utpote</span> <span class='ocrx_word' id='word_1_69' title='bbox 238 1413 334 1475; x_wconf 87' lang='lat' dir='ltr'>divina</span> <span class='ocrx_word' id='word_1_70' title='bbox 353 1414 537 1473; x_wconf 75' lang='lat' dir='ltr'>subsistentia</span> <span class='ocrx_word' id='word_1_71' title='bbox 561 1412 703 1491; x_wconf 77' lang='lat' dir='ltr'>predita·</span> <span class='ocrx_word' id='word_1_72' title='bbox 728 1412 763 1472; x_wconf 92' lang='lat' dir='ltr'>de</span> <span class='ocrx_word' id='word_1_73' title='bbox 784 1412 903 1472; x_wconf 82' lang='lat' dir='ltr'>Christo</span> <span class='ocrx_word' id='word_1_74' title='bbox 924 1413 1004 1472; x_wconf 88' lang='lat' dir='ltr'>enim</span> <span class='ocrx_word' id='word_1_75' title='bbox 1027 1412 1057 1471; x_wconf 91' lang='lat' dir='ltr'>in</span> <span class='ocrx_word' id='word_1_76' title='bbox 1077 1411 1178 1471; x_wconf 89' lang='lat' dir='ltr'>orbem</span> <span class='ocrx_word' id='word_1_77' title='bbox 1204 1419 1290 1470; x_wconf 74' lang='lat' dir='ltr'>terrm</span> <span class='ocrx_word' id='word_1_78' title='bbox 1311 1428 1331 1468; x_wconf 86' lang='lat' dir='ltr'>a</span> 
     </span>
     <span class='ocr_line' id='line_1_15' title="bbox 6 1488 1329 1589; baseline -0.005 -16"><span class='ocrx_word' id='word_1_79' title='bbox 6 1514 14 1543; x_wconf 88' lang='lat'><strong><em>¹</em></strong></span> <span class='ocrx_word' id='word_1_80' title='bbox 66 1488 81 1586; x_wconf 65' lang='lat'>‚5</span> <span class='ocrx_word' id='word_1_81' title='bbox 126 1513 210 1573; x_wconf 88' lang='lat' dir='ltr'>Patre</span> <span class='ocrx_word' id='word_1_82' title='bbox 231 1513 391 1573; x_wconf 87' lang='lat' dir='ltr'>introducto</span> <span class='ocrx_word' id='word_1_83' title='bbox 412 1512 563 1572; x_wconf 80' lang='lat' dir='ltr'>diciturr‘</span> <span class='ocrx_word' id='word_1_84' title='bbox 566 1511 628 1570; x_wconf 81' lang='lat' dir='ltr'>‘Et</span> <span class='ocrx_word' id='word_1_85' title='bbox 651 1510 769 1571; x_wconf 90' lang='lat' dir='ltr'>adorent</span> <span class='ocrx_word' id='word_1_86' title='bbox 787 1529 857 1570; x_wconf 89' lang='lat' dir='ltr'>eum</span> <span class='ocrx_word' id='word_1_87' title='bbox 877 1529 979 1571; x_wconf 85' lang='lat' dir='ltr'>omnen</span> <span class='ocrx_word' id='word_1_88' title='bbox 999 1510 1093 1589; x_wconf 88' lang='lat' dir='ltr'>angeli</span> <span class='ocrx_word' id='word_1_89' title='bbox 1113 1508 1181 1569; x_wconf 90' lang='lat' dir='ltr'>Dei.</span> <span class='ocrx_word' id='word_1_90' title='bbox 1184 1507 1219 1544; x_wconf 76' lang='lat'>”²</span> <span class='ocrx_word' id='word_1_91' title='bbox 1260 1515 1282 1546; x_wconf 84' lang='grc'>77</span> <span class='ocrx_word' id='word_1_92' title='bbox 1292 1506 1329 1568; x_wconf 88' lang='grc' dir='ltr'>Ιιι</span> 
     </span>
     <span class='ocr_line' id='line_1_16' title="bbox 2 1602 706 1689; baseline -0.004 -18"><span class='ocrx_word' id='word_1_93' title='bbox 2 1605 5 1628; x_wconf 71' lang='lat'>²</span> <span class='ocrx_word' id='word_1_94' title='bbox 36 1602 74 1635; x_wconf 72' lang='lat'>&#39;”</span> <span class='ocrx_word' id='word_1_95' title='bbox 125 1610 241 1671; x_wconf 89' lang='lat' dir='ltr'>nomine</span> <span class='ocrx_word' id='word_1_96' title='bbox 255 1609 325 1670; x_wconf 87' lang='lat' dir='ltr'>Jesu</span> <span class='ocrx_word' id='word_1_97' title='bbox 341 1628 426 1668; x_wconf 90' lang='lat' dir='ltr'>omna</span> <span class='ocrx_word' id='word_1_98' title='bbox 440 1629 516 1689; x_wconf 85' lang='lat' dir='ltr'>genu</span> <span class='ocrx_word' id='word_1_99' title='bbox 530 1608 670 1669; x_wconf 89' lang='lat' dir='ltr'>flectatur.</span> <span class='ocrx_word' id='word_1_100' title='bbox 673 1609 706 1647; x_wconf 82' lang='lat'>”⁸</span> 
     </span>
     <span class='ocr_line' id='line_1_17' title="bbox 2 1705 596 1769; baseline -0.002 -2"><span class='ocrx_word' id='word_1_101' title='bbox 2 1714 45 1769; x_wconf 90' lang='grc'><strong>7,·</strong></span> <span class='ocrx_word' id='word_1_102' title='bbox 164 1705 316 1767; x_wconf 83' lang='lat' dir='ltr'>Probatur</span> <span class='ocrx_word' id='word_1_103' title='bbox 330 1706 373 1766; x_wconf 93' lang='lat' dir='ltr'>II.</span> <span class='ocrx_word' id='word_1_104' title='bbox 389 1725 426 1767; x_wconf 79' lang='lat' dir='ltr'>ec</span> <span class='ocrx_word' id='word_1_105' title='bbox 439 1706 596 1767; x_wconf 77' lang='lat' dir='ltr'>Patribus.</span> 
     </span>
     <span class='ocr_line' id='line_1_18' title="bbox 3 1800 1368 1883; baseline 0.001 -22"><span class='ocrx_word' id='word_1_106' title='bbox 3 1796 46 1883; x_wconf 46' lang='grc' dir='ltr'>ιζ·</span> <span class='ocrx_word' id='word_1_107' title='bbox 164 1810 234 1866; x_wconf 84' lang='grc'><strong>276.</strong></span> <span class='ocrx_word' id='word_1_108' title='bbox 256 1807 289 1866; x_wconf 84' lang='grc'>8.</span> <span class='ocrx_word' id='word_1_109' title='bbox 312 1804 464 1865; x_wconf 76' lang='lat' dir='ltr'>Grumum</span> <span class='ocrx_word' id='word_1_110' title='bbox 489 1803 798 1864; x_wconf 78' lang='lat' dir='ltr'>Hmaosonursmauua</span> <span class='ocrx_word' id='word_1_111' title='bbox 818 1800 911 1861; x_wconf 84' lang='lat' dir='ltr'>dicit:</span> <span class='ocrx_word' id='word_1_112' title='bbox 934 1809 955 1839; x_wconf 86' lang='grc'>77</span> <span class='ocrx_word' id='word_1_113' title='bbox 966 1800 1045 1861; x_wconf 86' lang='lat' dir='ltr'>Tum</span> <span class='ocrx_word' id='word_1_114' title='bbox 1065 1818 1134 1860; x_wconf 87' lang='lat' dir='ltr'>vero</span> <span class='ocrx_word' id='word_1_115' title='bbox 1155 1811 1222 1878; x_wconf 91' lang='lat' dir='ltr'>post</span> <span class='ocrx_word' id='word_1_116' title='bbox 1246 1818 1329 1863; x_wconf 85' lang='lat' dir='ltr'>com·</span> <span class='ocrx_word' id='word_1_117' title='bbox 1363 1843 1368 1851; x_wconf 87' lang='lat'><em>-</em></span> 
     </span>
     <span class='ocr_line' id='line_1_19' title="bbox 7 1896 1329 1981; baseline -0.005 -18"><span class='ocrx_word' id='word_1_118' title='bbox 7 1972 11 1979; x_wconf 32' lang='lat'>¹</span> <span class='ocrx_word' id='word_1_119' title='bbox 48 1976 50 1981; x_wconf 17' lang='grc' dir='ltr'><strong><em>ι</em></strong></span> <span class='ocrx_word' id='word_1_120' title='bbox 125 1903 292 1962; x_wconf 85' lang='lat' dir='ltr'>munionem</span> <span class='ocrx_word' id='word_1_121' title='bbox 306 1901 433 1979; x_wconf 88' lang='lat' dir='ltr'>corporis</span> <span class='ocrx_word' id='word_1_122' title='bbox 448 1899 569 1968; x_wconf 84' lang='lat' dir='ltr'>Christi,</span> <span class='ocrx_word' id='word_1_123' title='bbox 583 1900 688 1959; x_wconf 88' lang='lat' dir='ltr'>accede</span> <span class='ocrx_word' id='word_1_124' title='bbox 708 1910 737 1958; x_wconf 88' lang='lat' dir='ltr'>et</span> <span class='ocrx_word' id='word_1_125' title='bbox 761 1897 797 1957; x_wconf 90' lang='lat' dir='ltr'>ad</span> <span class='ocrx_word' id='word_1_126' title='bbox 817 1897 965 1977; x_wconf 83' lang='lat' dir='ltr'>sauguinis</span> <span class='ocrx_word' id='word_1_127' title='bbox 985 1896 1133 1976; x_wconf 88' lang='lat' dir='ltr'>poculum,</span> <span class='ocrx_word' id='word_1_128' title='bbox 1148 1914 1208 1958; x_wconf 84' lang='lat' dir='ltr'>nou</span> <span class='ocrx_word' id='word_1_129' title='bbox 1226 1908 1329 1957; x_wconf 80' lang='lat' dir='ltr'>exten·</span> 
     </span>
     <span class='ocr_line' id='line_1_20' title="bbox 125 1991 1328 2078; baseline -0.003 -19.371"><span class='ocrx_word' id='word_1_130' title='bbox 125 1998 195 2059; x_wconf 87' lang='lat' dir='ltr'>dem</span> <span class='ocrx_word' id='word_1_131' title='bbox 211 2018 322 2069; x_wconf 85' lang='lat' dir='ltr'>manus,</span> <span class='ocrx_word' id='word_1_132' title='bbox 336 1999 388 2058; x_wconf 88' lang='lat' dir='ltr'>sed</span> <span class='ocrx_word' id='word_1_133' title='bbox 403 2016 520 2078; x_wconf 87' lang='lat' dir='ltr'>pronus,</span> <span class='ocrx_word' id='word_1_134' title='bbox 542 2007 571 2057; x_wconf 88' lang='lat' dir='ltr'>et</span> <span class='ocrx_word' id='word_1_135' title='bbox 584 1996 757 2057; x_wconf 84' lang='lat' dir='ltr'>adorationis</span> <span class='ocrx_word' id='word_1_136' title='bbox 771 2015 805 2055; x_wconf 90' lang='lat' dir='ltr'>ac</span> <span class='ocrx_word' id='word_1_137' title='bbox 817 1994 1008 2056; x_wconf 88' lang='lat' dir='ltr'>venerationis</span> <span class='ocrx_word' id='word_1_138' title='bbox 1021 1995 1052 2054; x_wconf 89' lang='lat' dir='ltr'>in</span> <span class='ocrx_word' id='word_1_139' title='bbox 1072 1992 1192 2054; x_wconf 89' lang='lat' dir='ltr'>modum</span> <span class='ocrx_word' id='word_1_140' title='bbox 1214 1991 1328 2064; x_wconf 86' lang='lat' dir='ltr'>dicens,</span> 
     </span>
     <span class='ocr_line' id='line_1_21' title="bbox 126 2097 269 2159; baseline -0.011 -1.375"><span class='ocrx_word' id='word_1_141' title='bbox 126 2097 269 2159; x_wconf 72' lang='lat' dir='ltr'>Ameu.’&#39;⁴</span> 
     </span>
     <span class='ocr_line' id='line_1_22' title="bbox 20 2189 1384 2275; baseline -0.005 -18"><span class='ocrx_word' id='word_1_142' title='bbox 20 2212 26 2223; x_wconf 80' lang='grc'><em>·</em></span> <span class='ocrx_word' id='word_1_143' title='bbox 164 2201 234 2257; x_wconf 87' lang='grc'><strong>277.</strong></span> <span class='ocrx_word' id='word_1_144' title='bbox 255 2197 287 2255; x_wconf 92' lang='grc'>8.</span> <span class='ocrx_word' id='word_1_145' title='bbox 303 2197 489 2255; x_wconf 82' lang='lat' dir='ltr'>Aunaoeruar</span> <span class='ocrx_word' id='word_1_146' title='bbox 512 2202 532 2231; x_wconf 90' lang='grc'>77</span> <span class='ocrx_word' id='word_1_147' title='bbox 544 2193 602 2254; x_wconf 88' lang='lat' dir='ltr'>Per</span> <span class='ocrx_word' id='word_1_148' title='bbox 615 2191 773 2252; x_wconf 77' lang='lat' dir='ltr'>scabellum</span> <span class='ocrx_word' id='word_1_149' title='bbox 788 2189 1330 2269; x_wconf 78' lang='lat' dir='ltr'>terraintelligitur,”explicatscilicet</span> <span class='ocrx_word' id='word_1_150' title='bbox 1381 2270 1384 2275; x_wconf 25' lang='grc' dir='ltr'>Ι</span> 
     </span>
     <span class='ocr_line' id='line_1_23' title="bbox 3 2288 1331 2373; baseline -0.003 -17"><span class='ocrx_word' id='word_1_151' title='bbox 3 2324 12 2337; x_wconf 77' lang='lat'><em>·</em></span> <span class='ocrx_word' id='word_1_152' title='bbox 125 2294 195 2355; x_wconf 91' lang='lat' dir='ltr'>illud</span> <span class='ocrx_word' id='word_1_153' title='bbox 210 2295 333 2354; x_wconf 80' lang='lat' dir='ltr'>Poaltisr</span> <span class='ocrx_word' id='word_1_154' title='bbox 356 2292 487 2353; x_wconf 77' lang='lat' dir='ltr'>Adoroto</span> <span class='ocrx_word' id='word_1_155' title='bbox 501 2288 660 2353; x_wconf 75' lang='lat' dir='ltr'>scabellum</span> <span class='ocrx_word' id='word_1_156' title='bbox 667 2289 783 2371; x_wconf 85' lang='lat' dir='ltr'>pedum</span> <span class='ocrx_word' id='word_1_157' title='bbox 795 2289 860 2369; x_wconf 81' lang='lat' dir='ltr'>ejas</span> <span class='ocrx_word' id='word_1_158' title='bbox 868 2289 905 2361; x_wconf 88' lang='lat'>,·”</span> <span class='ocrx_word' id='word_1_159' title='bbox 932 2299 952 2327; x_wconf 93' lang='grc'>77</span> <span class='ocrx_word' id='word_1_160' title='bbox 961 2308 1019 2367; x_wconf 42' lang='lat' dir='ltr'>per,</span> <span class='ocrx_word' id='word_1_161' title='bbox 1031 2299 1135 2350; x_wconf 83' lang='lat' dir='ltr'>terram</span> <span class='ocrx_word' id='word_1_162' title='bbox 1149 2299 1245 2351; x_wconf 85' lang='lat' dir='ltr'>autem</span> <span class='ocrx_word' id='word_1_163' title='bbox 1259 2308 1331 2373; x_wconf 62' lang='lat' dir='ltr'>curo</span> 
     </span>
     <span class='ocr_line' id='line_1_24' title="bbox 32 2384 993 2467; baseline -0.011 -13"><span class='ocrx_word' id='word_1_164' title='bbox 32 2416 42 2467; x_wconf 62' lang='lat' dir='ltr'>c</span> <span class='ocrx_word' id='word_1_165' title='bbox 125 2389 245 2461; x_wconf 85' lang='lat' dir='ltr'>Christi,</span> <span class='ocrx_word' id='word_1_166' title='bbox 258 2410 343 2467; x_wconf 89' lang='lat' dir='ltr'>quam</span> <span class='ocrx_word' id='word_1_167' title='bbox 357 2389 443 2450; x_wconf 89' lang='lat' dir='ltr'>hodie</span> <span class='ocrx_word' id='word_1_168' title='bbox 458 2408 572 2465; x_wconf 91' lang='lat' dir='ltr'>quoque</span> <span class='ocrx_word' id='word_1_169' title='bbox 587 2389 617 2448; x_wconf 90' lang='lat' dir='ltr'>iu</span> <span class='ocrx_word' id='word_1_170' title='bbox 633 2387 779 2466; x_wconf 83' lang='lat' dir='ltr'>mysteriis</span> <span class='ocrx_word' id='word_1_171' title='bbox 794 2384 993 2445; x_wconf 79' lang='lat' dir='ltr'>adoramus.”⁵</span> 
     </span>
     <span class='ocr_line' id='line_1_25' title="bbox 162 2482 1331 2554; baseline -0.004 -6"><span class='ocrx_word' id='word_1_172' title='bbox 162 2493 232 2549; x_wconf 87' lang='grc'><strong>278.</strong></span> <span class='ocrx_word' id='word_1_173' title='bbox 255 2489 287 2548; x_wconf 91' lang='grc'>8.</span> <span class='ocrx_word' id='word_1_174' title='bbox 304 2489 479 2548; x_wconf 81' lang='lat' dir='ltr'>Gunaourua</span> <span class='ocrx_word' id='word_1_175' title='bbox 495 2483 901 2554; x_wconf 82' lang='lat' dir='ltr'>stranzuuus,1uoratione</span> <span class='ocrx_word' id='word_1_176' title='bbox 916 2482 952 2541; x_wconf 89' lang='lat' dir='ltr'>de</span> <span class='ocrx_word' id='word_1_177' title='bbox 966 2483 1045 2543; x_wconf 91' lang='lat' dir='ltr'>obitu</span> <span class='ocrx_word' id='word_1_178' title='bbox 1056 2483 1164 2543; x_wconf 85' lang='lat' dir='ltr'>suroris</span> <span class='ocrx_word' id='word_1_179' title='bbox 1177 2500 1238 2541; x_wconf 84' lang='lat' dir='ltr'>sure</span> <span class='ocrx_word' id='word_1_180' title='bbox 1251 2482 1331 2543; x_wconf 87' lang='lat' dir='ltr'>Gor·</span> 
     </span>
     <span class='ocr_line' id='line_1_26' title="bbox 124 2581 1330 2691; baseline -0.004 -46"><span class='ocrx_word' id='word_1_181' title='bbox 124 2587 228 2664; x_wconf 88' lang='lat' dir='ltr'>gouiae,</span> <span class='ocrx_word' id='word_1_182' title='bbox 242 2596 368 2645; x_wconf 85' lang='lat' dir='ltr'>narrat“</span> <span class='ocrx_word' id='word_1_183' title='bbox 381 2585 458 2644; x_wconf 89' lang='lat' dir='ltr'>illam</span> <span class='ocrx_word' id='word_1_184' title='bbox 473 2584 508 2643; x_wconf 86' lang='lat' dir='ltr'>ad</span> <span class='ocrx_word' id='word_1_185' title='bbox 522 2584 608 2643; x_wconf 88' lang='lat' dir='ltr'>altare</span> <span class='ocrx_word' id='word_1_186' title='bbox 630 2601 695 2642; x_wconf 90' lang='lat' dir='ltr'>cum</span> <span class='ocrx_word' id='word_1_187' title='bbox 721 2582 777 2640; x_wconf 88' lang='lat' dir='ltr'>fide</span> <span class='ocrx_word' id='word_1_188' title='bbox 792 2581 1012 2660; x_wconf 83' lang='lat' dir='ltr'>procubuisse,&#39;</span> <span class='ocrx_word' id='word_1_189' title='bbox 1004 2599 1159 2659; x_wconf 81' lang='lat' dir='ltr'>ipsumque</span> <span class='ocrx_word' id='word_1_190' title='bbox 1173 2581 1221 2655; x_wconf 91' lang='lat' dir='ltr'>qui</span> <span class='ocrx_word' id='word_1_191' title='bbox 1237 2599 1330 2691; x_wconf 80' lang='lat' dir='ltr'>super</span> 
     </span>
     <span class='ocr_line' id='line_1_27' title="bbox 124 2676 972 2758; baseline -0.006 -18"><span class='ocrx_word' id='word_1_192' title='bbox 124 2700 161 2740; x_wconf 88' lang='lat' dir='ltr'>eo</span> <span class='ocrx_word' id='word_1_193' title='bbox 174 2682 328 2740; x_wconf 87' lang='lat' dir='ltr'>honoratur</span> <span class='ocrx_word' id='word_1_194' title='bbox 342 2698 407 2741; x_wconf 89' lang='lat' dir='ltr'>cum</span> <span class='ocrx_word' id='word_1_195' title='bbox 424 2681 532 2758; x_wconf 87' lang='lat' dir='ltr'>ingenti</span> <span class='ocrx_word' id='word_1_196' title='bbox 546 2680 691 2738; x_wconf 88' lang='lat' dir='ltr'>clamore</span> <span class='ocrx_word' id='word_1_197' title='bbox 684 2698 845 2739; x_wconf 79' lang='lat' dir='ltr'>invocasse</span> <span class='ocrx_word' id='word_1_198' title='bbox 848 2676 878 2712; x_wconf 78' lang='lat'>”⁰</span> <span class='ocrx_word' id='word_1_199' title='bbox 971 2711 972 2714; x_wconf 61' lang='lat'><em>=</em></span> 
     </span>
     <span class='ocr_line' id='line_1_28' title="bbox 50 2768 1329 2854; baseline 0 -17"><span class='ocrx_word' id='word_1_200' title='bbox 50 2768 62 2837; x_wconf 61' lang='lat' dir='ltr'>r*</span> <span class='ocrx_word' id='word_1_201' title='bbox 165 2781 235 2837; x_wconf 89' lang='grc'><strong>279.</strong></span> <span class='ocrx_word' id='word_1_202' title='bbox 256 2779 289 2837; x_wconf 89' lang='grc'><strong>8.</strong></span> <span class='ocrx_word' id='word_1_203' title='bbox 304 2779 514 2837; x_wconf 78' lang='lat' dir='ltr'>Auausrrrvus:</span> <span class='ocrx_word' id='word_1_204' title='bbox 538 2777 674 2844; x_wconf 82' lang='lat' dir='ltr'>“Quin</span> <span class='ocrx_word' id='word_1_205' title='bbox 665 2795 696 2835; x_wconf 89' lang='grc' dir='ltr'>ιιι</span> <span class='ocrx_word' id='word_1_206' title='bbox 724 2777 788 2854; x_wconf 86' lang='lat' dir='ltr'>ipsa</span> <span class='ocrx_word' id='word_1_207' title='bbox 807 2795 891 2836; x_wconf 89' lang='lat' dir='ltr'>carne</span> <span class='ocrx_word' id='word_1_208' title='bbox 914 2776 962 2835; x_wconf 91' lang='lat' dir='ltr'>hic</span> <span class='ocrx_word' id='word_1_209' title='bbox 987 2775 1152 2845; x_wconf 80' lang='lat' dir='ltr'>ambulavit,</span> <span class='ocrx_word' id='word_1_210' title='bbox 1178 2784 1209 2834; x_wconf 88' lang='lat' dir='ltr'>et</span> <span class='ocrx_word' id='word_1_211' title='bbox 1229 2776 1329 2854; x_wconf 85' lang='lat' dir='ltr'>ipsam</span> 
     </span>
     <span class='ocr_line' id='line_1_29' title="bbox 124 2871 1330 2934; baseline 0.003 -4"><span class='ocrx_word' id='word_1_212' title='bbox 124 2889 240 2930; x_wconf 89' lang='lat' dir='ltr'>caruem</span> <span class='ocrx_word' id='word_1_213' title='bbox 255 2873 338 2932; x_wconf 87' lang='lat' dir='ltr'>nobis</span> <span class='ocrx_word' id='word_1_214' title='bbox 353 2871 577 2931; x_wconf 85' lang='lat' dir='ltr'>manducandam</span> <span class='ocrx_word' id='word_1_215' title='bbox 590 2871 626 2930; x_wconf 89' lang='lat' dir='ltr'>ad</span> <span class='ocrx_word' id='word_1_216' title='bbox 640 2873 760 2931; x_wconf 85' lang='lat' dir='ltr'>salutem</span> <span class='ocrx_word' id='word_1_217' title='bbox 772 2871 859 2931; x_wconf 90' lang='lat' dir='ltr'>dedit.</span> <span class='ocrx_word' id='word_1_218' title='bbox 902 2872 999 2931; x_wconf 92' lang='lat' dir='ltr'>Nemo</span> <span class='ocrx_word' id='word_1_219' title='bbox 1008 2883 1101 2930; x_wconf 89' lang='lat' dir='ltr'>autem</span> <span class='ocrx_word' id='word_1_220' title='bbox 1116 2890 1231 2933; x_wconf 87' lang='lat' dir='ltr'>carnem</span> <span class='ocrx_word' id='word_1_221' title='bbox 1248 2873 1330 2934; x_wconf 86' lang='lat' dir='ltr'>illam</span> 
     </span>
     <span class='ocr_line' id='line_1_30' title="bbox 125 2968 1329 3048; baseline -0.001 -17"><span class='ocrx_word' id='word_1_222' title='bbox 125 2969 285 3039; x_wconf 83' lang='lat' dir='ltr'>manducat,</span> <span class='ocrx_word' id='word_1_223' title='bbox 300 2972 357 3029; x_wconf 92' lang='lat' dir='ltr'>nisi</span> <span class='ocrx_word' id='word_1_224' title='bbox 370 2971 449 3048; x_wconf 86' lang='lat' dir='ltr'>prius</span> <span class='ocrx_word' id='word_1_225' title='bbox 460 2970 631 3038; x_wconf 88' lang='lat' dir='ltr'>adoraverit,</span> <span class='ocrx_word' id='word_1_226' title='bbox 647 2970 794 3029; x_wconf 90' lang='lat' dir='ltr'>inventum</span> <span class='ocrx_word' id='word_1_227' title='bbox 808 2979 853 3028; x_wconf 88' lang='lat' dir='ltr'>est</span> <span class='ocrx_word' id='word_1_228' title='bbox 874 2969 1019 3045; x_wconf 88' lang='lat' dir='ltr'>quomodo</span> <span class='ocrx_word' id='word_1_229' title='bbox 1041 2969 1172 3029; x_wconf 89' lang='lat' dir='ltr'>adoretur</span> <span class='ocrx_word' id='word_1_230' title='bbox 1194 2968 1251 3029; x_wconf 88' lang='lat' dir='ltr'>tale</span> <span class='ocrx_word' id='word_1_231' title='bbox 1265 2990 1329 3030; x_wconf 84' lang='lat' dir='ltr'>sca·</span> 
     </span>
     <span class='ocr_line' id='line_1_31' title="bbox 47 3065 1329 3144; baseline 0.002 -20"><span class='ocrx_word' id='word_1_232' title='bbox 47 3076 56 3111; x_wconf 74' lang='grc'><strong>7</strong></span> <span class='ocrx_word' id='word_1_233' title='bbox 124 3066 229 3125; x_wconf 90' lang='lat' dir='ltr'>bellum</span> <span class='ocrx_word' id='word_1_234' title='bbox 246 3066 351 3144; x_wconf 90' lang='lat' dir='ltr'>pedum</span> <span class='ocrx_word' id='word_1_235' title='bbox 366 3066 495 3135; x_wconf 89' lang='lat' dir='ltr'>Domini,</span> <span class='ocrx_word' id='word_1_236' title='bbox 510 3076 607 3126; x_wconf 86' lang='lat' dir='ltr'>etuou</span> <span class='ocrx_word' id='word_1_237' title='bbox 634 3066 727 3124; x_wconf 89' lang='lat' dir='ltr'>solum</span> <span class='ocrx_word' id='word_1_238' title='bbox 749 3085 807 3125; x_wconf 90' lang='lat' dir='ltr'>non</span> <span class='ocrx_word' id='word_1_239' title='bbox 828 3085 981 3143; x_wconf 90' lang='lat' dir='ltr'>peccemus</span> <span class='ocrx_word' id='word_1_240' title='bbox 1004 3065 1157 3136; x_wconf 87' lang='lat' dir='ltr'>adorando,</span> <span class='ocrx_word' id='word_1_241' title='bbox 1172 3065 1329 3127; x_wconf 86' lang='lat' dir='ltr'>sedetiam</span> 
     </span>
     <span class='ocr_line' id='line_1_32' title="bbox 124 3163 556 3242; baseline 0 -18"><span class='ocrx_word' id='word_1_242' title='bbox 124 3179 277 3242; x_wconf 85' lang='lat' dir='ltr'>peccemus</span> <span class='ocrx_word' id='word_1_243' title='bbox 291 3184 349 3225; x_wconf 92' lang='lat' dir='ltr'>nou</span> <span class='ocrx_word' id='word_1_244' title='bbox 363 3163 556 3224; x_wconf 85' lang='lat' dir='ltr'>adorando.’&#39;⁷</span> 
     </span>
    </p>
   </div>
   <div class='ocr_carea' id='block_1_7' title="bbox 13 3312 1379 4694">
    <p class='ocr_par' dir='ltr' id='par_1_7' title="bbox 13 3312 1379 4694">
     <span class='ocr_line' id='line_1_33' title="bbox 46 3312 1330 3410; baseline 0.004 -20"><span class='ocrx_word' id='word_1_245' title='bbox 46 3312 57 3375; x_wconf 43' lang='grc'>-1</span> <span class='ocrx_word' id='word_1_246' title='bbox 160 3343 203 3410; x_wconf 92' lang='grc'>(1)</span> <span class='ocrx_word' id='word_1_247' title='bbox 216 3350 234 3376; x_wconf 87' lang='grc'>77</span> <span class='ocrx_word' id='word_1_248' title='bbox 241 3343 268 3394; x_wconf 94' lang='lat' dir='ltr'>N</span> <span class='ocrx_word' id='word_1_249' title='bbox 269 3359 284 3393; x_wconf 92' lang='lat' dir='ltr'>o</span> <span class='ocrx_word' id='word_1_250' title='bbox 295 3343 420 3393; x_wconf 79' lang='lat' dir='ltr'>adcretion</span> <span class='ocrx_word' id='word_1_251' title='bbox 428 3343 450 3394; x_wconf 86' lang='lat' dir='ltr'>is</span> <span class='ocrx_word' id='word_1_252' title='bbox 458 3341 573 3393; x_wconf 83' lang='lat' dir='ltr'>intended</span> <span class='ocrx_word' id='word_1_253' title='bbox 584 3358 611 3392; x_wconf 92' lang='lat' dir='ltr'>or</span> <span class='ocrx_word' id='word_1_254' title='bbox 622 3342 699 3405; x_wconf 84' lang='lat' dir='ltr'>ought</span> <span class='ocrx_word' id='word_1_255' title='bbox 706 3350 731 3392; x_wconf 89' lang='lat' dir='ltr'>to</span> <span class='ocrx_word' id='word_1_256' title='bbox 741 3343 771 3392; x_wconf 91' lang='lat' dir='ltr'>be</span> <span class='ocrx_word' id='word_1_257' title='bbox 781 3343 853 3404; x_wconf 85' lang='lat' dir='ltr'>done,</span> <span class='ocrx_word' id='word_1_258' title='bbox 861 3343 937 3393; x_wconf 90' lang='lat' dir='ltr'>either</span> <span class='ocrx_word' id='word_1_259' title='bbox 947 3351 1008 3394; x_wconf 90' lang='lat' dir='ltr'>uuto</span> <span class='ocrx_word' id='word_1_260' title='bbox 1017 3343 1058 3393; x_wconf 91' lang='lat' dir='ltr'>the</span> <span class='ocrx_word' id='word_1_261' title='bbox 1069 3343 1237 3394; x_wconf 82' lang='lat' dir='ltr'>Sacramental</span> <span class='ocrx_word' id='word_1_262' title='bbox 1249 3343 1330 3395; x_wconf 86' lang='lat' dir='ltr'>Bread</span> 
     </span>
     <span class='ocr_line' id='line_1_34' title="bbox 124 3428 1329 3495; baseline -0.001 -14"><span class='ocrx_word' id='word_1_263' title='bbox 124 3445 151 3481; x_wconf 90' lang='lat' dir='ltr'>or</span> <span class='ocrx_word' id='word_1_264' title='bbox 162 3428 240 3481; x_wconf 89' lang='lat' dir='ltr'>Wine</span> <span class='ocrx_word' id='word_1_265' title='bbox 251 3431 318 3481; x_wconf 90' lang='lat' dir='ltr'>thero</span> <span class='ocrx_word' id='word_1_266' title='bbox 328 3428 410 3494; x_wconf 88' lang='lat' dir='ltr'>bodily</span> <span class='ocrx_word' id='word_1_267' title='bbox 421 3428 537 3490; x_wconf 83' lang='lat' dir='ltr'>received,</span> <span class='ocrx_word' id='word_1_268' title='bbox 549 3445 576 3479; x_wconf 90' lang='lat' dir='ltr'>or</span> <span class='ocrx_word' id='word_1_269' title='bbox 587 3437 647 3479; x_wconf 91' lang='lat' dir='ltr'>uuto</span> <span class='ocrx_word' id='word_1_270' title='bbox 659 3445 706 3493; x_wconf 82' lang='lat' dir='ltr'>any</span> <span class='ocrx_word' id='word_1_271' title='bbox 720 3431 827 3494; x_wconf 86' lang='lat' dir='ltr'>corporal</span> <span class='ocrx_word' id='word_1_272' title='bbox 843 3446 959 3495; x_wconf 90' lang='lat' dir='ltr'>presence</span> <span class='ocrx_word' id='word_1_273' title='bbox 976 3430 1005 3480; x_wconf 84' lang='lat' dir='ltr'>of</span> <span class='ocrx_word' id='word_1_274' title='bbox 1020 3428 1126 3480; x_wconf 85' lang='lat' dir='ltr'>Christ’s</span> <span class='ocrx_word' id='word_1_275' title='bbox 1143 3431 1242 3480; x_wconf 86' lang='lat' dir='ltr'>natural</span> <span class='ocrx_word' id='word_1_276' title='bbox 1253 3428 1329 3480; x_wconf 84' lang='lat' dir='ltr'>Flesh</span> 
     </span>
     <span class='ocr_line' id='line_1_35' title="bbox 123 3514 1325 3578; baseline 0 -12"><span class='ocrx_word' id='word_1_277' title='bbox 123 3514 173 3566; x_wconf 89' lang='lat' dir='ltr'>and</span> <span class='ocrx_word' id='word_1_278' title='bbox 189 3514 291 3567; x_wconf 87' lang='lat' dir='ltr'>Blood.”</span> <span class='ocrx_word' id='word_1_279' title='bbox 326 3515 502 3566; x_wconf 77' lang='lat' dir='ltr'>communion.</span> <span class='ocrx_word' id='word_1_280' title='bbox 535 3514 779 3577; x_wconf 78' lang='lat' dir='ltr'>Bucheridgetnmen</span> <span class='ocrx_word' id='word_1_281' title='bbox 790 3515 865 3565; x_wconf 90' lang='lat' dir='ltr'>ritum</span> <span class='ocrx_word' id='word_1_282' title='bbox 881 3516 1049 3578; x_wconf 85' lang='lat' dir='ltr'>Anglicunum</span> <span class='ocrx_word' id='word_1_283' title='bbox 1064 3514 1168 3578; x_wconf 84' lang='lat' dir='ltr'>genibus</span> <span class='ocrx_word' id='word_1_284' title='bbox 1185 3514 1259 3566; x_wconf 85' lang='lat' dir='ltr'>flexis</span> <span class='ocrx_word' id='word_1_285' title='bbox 1277 3532 1325 3566; x_wconf 90' lang='lat' dir='ltr'>sus·</span> 
     </span>
     <span class='ocr_line' id='line_1_36' title="bbox 100 3586 1323 3666; baseline 0.002 -17"><span class='ocrx_word' id='word_1_286' title='bbox 100 3597 116 3628; x_wconf 69' lang='lat'><em>²</em></span> <span class='ocrx_word' id='word_1_287' title='bbox 123 3586 229 3664; x_wconf 88' lang='lat' dir='ltr'>cipioudi</span> <span class='ocrx_word' id='word_1_288' title='bbox 241 3600 411 3650; x_wconf 89' lang='lat' dir='ltr'>eucharistiam</span> <span class='ocrx_word' id='word_1_289' title='bbox 422 3607 507 3650; x_wconf 89' lang='lat' dir='ltr'>contra</span> <span class='ocrx_word' id='word_1_290' title='bbox 523 3600 637 3650; x_wconf 87' lang='lat' dir='ltr'>sectarios</span> <span class='ocrx_word' id='word_1_291' title='bbox 653 3599 713 3648; x_wconf 84' lang='lat' dir='ltr'>alios</span> <span class='ocrx_word' id='word_1_292' title='bbox 732 3606 820 3660; x_wconf 84' lang='lat' dir='ltr'>tuetur,</span> <span class='ocrx_word' id='word_1_293' title='bbox 833 3600 997 3650; x_wconf 87' lang='lat' dir='ltr'>adorationem</span> <span class='ocrx_word' id='word_1_294' title='bbox 1014 3616 1046 3650; x_wconf 87' lang='lat' dir='ltr'>ox</span> <span class='ocrx_word' id='word_1_295' title='bbox 1062 3599 1176 3666; x_wconf 88' lang='lat' dir='ltr'>Apostoli</span> <span class='ocrx_word' id='word_1_296' title='bbox 1187 3601 1323 3652; x_wconf 78' lang='lat' dir='ltr'>testimonio</span> 
     </span>
     <span class='ocr_line' id='line_1_37' title="bbox 124 3683 1320 3749; baseline 0.003 -15"><span class='ocrx_word' id='word_1_297' title='bbox 124 3685 243 3749; x_wconf 88' lang='lat' dir='ltr'>probans:</span> <span class='ocrx_word' id='word_1_298' title='bbox 260 3686 318 3734; x_wconf 82' lang='lat' dir='ltr'>“Aa</span> <span class='ocrx_word' id='word_1_299' title='bbox 330 3686 357 3735; x_wconf 90' lang='lat' dir='ltr'>in</span> <span class='ocrx_word' id='word_1_300' title='bbox 368 3684 403 3736; x_wconf 89' lang='lat' dir='ltr'>St.</span> <span class='ocrx_word' id='word_1_301' title='bbox 415 3685 478 3736; x_wconf 86' lang='lat' dir='ltr'>Paul</span> <span class='ocrx_word' id='word_1_302' title='bbox 488 3686 556 3737; x_wconf 89' lang='lat' dir='ltr'>there</span> <span class='ocrx_word' id='word_1_303' title='bbox 567 3685 588 3735; x_wconf 82' lang='lat' dir='ltr'>ia</span> <span class='ocrx_word' id='word_1_304' title='bbox 599 3700 686 3736; x_wconf 82' lang='lat' dir='ltr'>memo</span> <span class='ocrx_word' id='word_1_305' title='bbox 701 3683 816 3745; x_wconf 83' lang='lat' dir='ltr'>Domini,</span> <span class='ocrx_word' id='word_1_306' title='bbox 836 3692 843 3716; x_wconf 91' lang='grc'>7</span> <span class='ocrx_word' id='word_1_307' title='bbox 853 3685 894 3736; x_wconf 87' lang='lat' dir='ltr'>tha</span> <span class='ocrx_word' id='word_1_308' title='bbox 906 3687 972 3738; x_wconf 88' lang='lat' dir='ltr'>table</span> <span class='ocrx_word' id='word_1_309' title='bbox 980 3687 1009 3736; x_wconf 83' lang='lat' dir='ltr'>of</span> <span class='ocrx_word' id='word_1_310' title='bbox 1021 3685 1063 3736; x_wconf 86' lang='lat' dir='ltr'>tbe</span> <span class='ocrx_word' id='word_1_311' title='bbox 1080 3684 1145 3736; x_wconf 89' lang='lat' dir='ltr'>Lord</span> <span class='ocrx_word' id='word_1_312' title='bbox 1153 3687 1170 3746; x_wconf 71' lang='grc' dir='ltr'>ς’</span> <span class='ocrx_word' id='word_1_313' title='bbox 1181 3702 1209 3736; x_wconf 89' lang='lat' dir='ltr'>so</span> <span class='ocrx_word' id='word_1_314' title='bbox 1221 3686 1291 3738; x_wconf 87' lang='lat' dir='ltr'>thero</span> <span class='ocrx_word' id='word_1_315' title='bbox 1302 3687 1320 3738; x_wconf 86' lang='lat' dir='ltr'>is</span> 
     </span>
     <span class='ocr_line' id='line_1_38' title="bbox 123 3765 1319 3832; baseline 0.003 -13"><span class='ocrx_word' id='word_1_316' title='bbox 123 3765 243 3819; x_wconf 80' lang='lat' dir='ltr'>habemus</span> <span class='ocrx_word' id='word_1_317' title='bbox 253 3767 340 3830; x_wconf 73' lang='lat' dir='ltr'>adure,</span> <span class='ocrx_word' id='word_1_318' title='bbox 352 3777 404 3820; x_wconf 84' lang='lat' dir='ltr'>‘we</span> <span class='ocrx_word' id='word_1_319' title='bbox 414 3769 477 3821; x_wconf 86' lang='lat' dir='ltr'>have</span> <span class='ocrx_word' id='word_1_320' title='bbox 488 3786 520 3820; x_wconf 87' lang='lat' dir='ltr'>an</span> <span class='ocrx_word' id='word_1_321' title='bbox 528 3769 603 3830; x_wconf 86' lang='lat' dir='ltr'>altur,&#39;</span> <span class='ocrx_word' id='word_1_322' title='bbox 613 3770 662 3820; x_wconf 75' lang='lat' dir='ltr'>doc.</span> <span class='ocrx_word' id='word_1_323' title='bbox 674 3770 723 3820; x_wconf 88' lang='lat' dir='ltr'>and</span> <span class='ocrx_word' id='word_1_324' title='bbox 733 3770 775 3821; x_wconf 85' lang='lat' dir='ltr'>the</span> <span class='ocrx_word' id='word_1_325' title='bbox 788 3772 855 3823; x_wconf 83' lang='lat' dir='ltr'>word</span> <span class='ocrx_word' id='word_1_326' title='bbox 866 3773 934 3832; x_wconf 85' lang='lat' dir='ltr'>altar,</span> <span class='ocrx_word' id='word_1_327' title='bbox 942 3773 969 3822; x_wconf 88' lang='lat' dir='ltr'>in</span> <span class='ocrx_word' id='word_1_328' title='bbox 976 3770 1020 3821; x_wconf 86' lang='lat' dir='ltr'>the</span> <span class='ocrx_word' id='word_1_329' title='bbox 1028 3770 1139 3832; x_wconf 77' lang='lat' dir='ltr'>Fatbers,</span> <span class='ocrx_word' id='word_1_330' title='bbox 1149 3771 1172 3822; x_wconf 91' lang='lat' dir='ltr'>is</span> <span class='ocrx_word' id='word_1_331' title='bbox 1183 3787 1252 3822; x_wconf 90' lang='lat' dir='ltr'>more</span> <span class='ocrx_word' id='word_1_332' title='bbox 1261 3787 1319 3823; x_wconf 88' lang='lat' dir='ltr'>com·</span> 
     </span>
     <span class='ocr_line' id='line_1_39' title="bbox 52 3852 1351 3927; baseline 0.002 -23"><span class='ocrx_word' id='word_1_333' title='bbox 52 3882 55 3887; x_wconf 91' lang='lat'><em>·</em></span> <span class='ocrx_word' id='word_1_334' title='bbox 125 3867 184 3904; x_wconf 87' lang='lat' dir='ltr'>mou</span> <span class='ocrx_word' id='word_1_335' title='bbox 196 3853 255 3906; x_wconf 85' lang='lat' dir='ltr'>than</span> <span class='ocrx_word' id='word_1_336' title='bbox 273 3852 316 3906; x_wconf 69' lang='lat' dir='ltr'>dre</span> <span class='ocrx_word' id='word_1_337' title='bbox 335 3857 401 3907; x_wconf 84' lang='lat' dir='ltr'>word</span> <span class='ocrx_word' id='word_1_338' title='bbox 411 3858 490 3918; x_wconf 90' lang='lat' dir='ltr'>table;</span> <span class='ocrx_word' id='word_1_339' title='bbox 507 3872 534 3907; x_wconf 91' lang='lat' dir='ltr'>so</span> <span class='ocrx_word' id='word_1_340' title='bbox 550 3857 603 3908; x_wconf 86' lang='lat' dir='ltr'>that</span> <span class='ocrx_word' id='word_1_341' title='bbox 620 3873 647 3906; x_wconf 90' lang='lat' dir='ltr'>as</span> <span class='ocrx_word' id='word_1_342' title='bbox 663 3856 705 3906; x_wconf 88' lang='lat' dir='ltr'>the</span> <span class='ocrx_word' id='word_1_343' title='bbox 721 3872 795 3907; x_wconf 87' lang='lat' dir='ltr'>name</span> <span class='ocrx_word' id='word_1_344' title='bbox 812 3858 916 3908; x_wconf 80' lang='lat' dir='ltr'>estable</span> <span class='ocrx_word' id='word_1_345' title='bbox 935 3874 992 3924; x_wconf 87' lang='lat' dir='ltr'>may</span> <span class='ocrx_word' id='word_1_346' title='bbox 1003 3856 1076 3924; x_wconf 87' lang='lat' dir='ltr'>plead</span> <span class='ocrx_word' id='word_1_347' title='bbox 1091 3857 1129 3908; x_wconf 77' lang='lat' dir='ltr'>sor</span> <span class='ocrx_word' id='word_1_348' title='bbox 1139 3857 1233 3920; x_wconf 75' lang='lat' dir='ltr'>sitting,</span> <span class='ocrx_word' id='word_1_349' title='bbox 1244 3873 1273 3907; x_wconf 90' lang='lat' dir='ltr'>so</span> <span class='ocrx_word' id='word_1_350' title='bbox 1283 3857 1351 3927; x_wconf 51' lang='lat' dir='ltr'>st&amp;</span> 
     </span>
     <span class='ocr_line' id='line_1_40' title="bbox 13 3941 1376 4023; baseline 0.006 -33"><span class='ocrx_word' id='word_1_351' title='bbox 13 3959 16 3969; x_wconf 90' lang='lat'>·</span> <span class='ocrx_word' id='word_1_352' title='bbox 88 3938 238 3991; x_wconf 79' lang='lat' dir='ltr'>nameus</span> <span class='ocrx_word' id='word_1_353' title='bbox 250 3941 310 3992; x_wconf 87' lang='lat' dir='ltr'>altar</span> <span class='ocrx_word' id='word_1_354' title='bbox 328 3943 452 3996; x_wconf 83' lang='lat' dir='ltr'>enlorceth</span> <span class='ocrx_word' id='word_1_355' title='bbox 463 3943 577 4010; x_wconf 81' lang='lat' dir='ltr'>worship,</span> <span class='ocrx_word' id='word_1_356' title='bbox 589 3943 638 3994; x_wconf 88' lang='lat' dir='ltr'>und</span> <span class='ocrx_word' id='word_1_357' title='bbox 652 3944 767 4005; x_wconf 85' lang='lat' dir='ltr'>sacrifice,</span> <span class='ocrx_word' id='word_1_358' title='bbox 778 3943 827 3994; x_wconf 90' lang='lat' dir='ltr'>and</span> <span class='ocrx_word' id='word_1_359' title='bbox 843 3943 896 3993; x_wconf 89' lang='lat' dir='ltr'>that</span> <span class='ocrx_word' id='word_1_360' title='bbox 915 3944 1015 4010; x_wconf 89' lang='lat' dir='ltr'>implied</span> <span class='ocrx_word' id='word_1_361' title='bbox 1032 3943 1157 3995; x_wconf 81' lang='lat' dir='ltr'>ademtion</span> <span class='ocrx_word' id='word_1_362' title='bbox 1177 3943 1225 3994; x_wconf 85' lang='lat' dir='ltr'>aud</span> <span class='ocrx_word' id='word_1_363' title='bbox 1243 3943 1376 4023; x_wconf 57' lang='lat' dir='ltr'>*mk</span> 
     </span>
     <span class='ocr_line' id='line_1_41' title="bbox 124 4024 1379 4116; baseline 0.001 -38"><span class='ocrx_word' id='word_1_364' title='bbox 124 4024 183 4090; x_wconf 87' lang='lat' dir='ltr'>iug’</span> <span class='ocrx_word' id='word_1_365' title='bbox 185 4025 355 4080; x_wconf 87' lang='lat' dir='ltr'>&#39;Disoourse</span> <span class='ocrx_word' id='word_1_366' title='bbox 362 4031 511 4094; x_wconf 84' lang='lat' dir='ltr'>concoming</span> <span class='ocrx_word' id='word_1_367' title='bbox 521 4029 637 4095; x_wconf 83' lang='lat' dir='ltr'>kueeling</span> <span class='ocrx_word' id='word_1_368' title='bbox 648 4037 673 4082; x_wconf 85' lang='lat' dir='ltr'>ut</span> <span class='ocrx_word' id='word_1_369' title='bbox 684 4029 725 4082; x_wconf 89' lang='lat' dir='ltr'>tbe</span> <span class='ocrx_word' id='word_1_370' title='bbox 736 4029 894 4082; x_wconf 85' lang='lat' dir='ltr'>communion</span> <span class='ocrx_word' id='word_1_371' title='bbox 895 4045 934 4097; x_wconf 93' lang='lat' dir='ltr'>p.</span> <span class='ocrx_word' id='word_1_372' title='bbox 945 4029 1003 4081; x_wconf 89' lang='grc'>229</span> <span class='ocrx_word' id='word_1_373' title='bbox 1014 4029 1079 4097; x_wconf 84' lang='lat' dir='ltr'>apud</span> <span class='ocrx_word' id='word_1_374' title='bbox 1089 4027 1253 4090; x_wconf 86' lang='lat' dir='ltr'>Oxoniousas,</span> <span class='ocrx_word' id='word_1_375' title='bbox 1264 4035 1379 4116; x_wconf 47' lang='lat' dir='ltr'>“mtto</span> 
     </span>
     <span class='ocr_line' id='line_1_42' title="bbox 120 4112 249 4177; baseline -0.008 -14"><span class='ocrx_word' id='word_1_376' title='bbox 120 4112 165 4163; x_wconf 75' lang='grc'>81.</span> <span class='ocrx_word' id='word_1_377' title='bbox 175 4127 199 4177; x_wconf 92' lang='lat' dir='ltr'>p</span> <span class='ocrx_word' id='word_1_378' title='bbox 208 4113 249 4162; x_wconf 86' lang='grc'>99</span> 
     </span>
     <span class='ocr_line' id='line_1_43' title="bbox 161 4196 362 4264; baseline -0.01 -18"><span class='ocrx_word' id='word_1_379' title='bbox 161 4198 203 4264; x_wconf 91' lang='grc'><strong>(2)</strong></span> <span class='ocrx_word' id='word_1_380' title='bbox 223 4196 315 4248; x_wconf 87' lang='lat' dir='ltr'>Heb.&#39;&#39;</span> <span class='ocrx_word' id='word_1_381' title='bbox 298 4212 325 4246; x_wconf 89' lang='lat' dir='ltr'>u.</span> <span class='ocrx_word' id='word_1_382' title='bbox 338 4198 362 4247; x_wconf 86' lang='grc'>6.</span> 
     </span>
     <span class='ocr_line' id='line_1_44' title="bbox 161 4281 362 4352; baseline 0 -18"><span class='ocrx_word' id='word_1_383' title='bbox 161 4285 204 4352; x_wconf 85' lang='grc'>(3)</span> <span class='ocrx_word' id='word_1_384' title='bbox 224 4281 326 4335; x_wconf 80' lang='lat' dir='ltr'>Phil.··11.</span> <span class='ocrx_word' id='word_1_385' title='bbox 338 4287 362 4334; x_wconf 90' lang='grc'>9.</span> 
     </span>
     <span class='ocr_line' id='line_1_45' title="bbox 160 4370 387 4440; baseline 0.009 -20"><span class='ocrx_word' id='word_1_386' title='bbox 160 4372 203 4440; x_wconf 84' lang='grc'>(4)</span> <span class='ocrx_word' id='word_1_387' title='bbox 224 4370 352 4423; x_wconf 81' lang='lat' dir='ltr'>Gatoobesi</span> <span class='ocrx_word' id='word_1_388' title='bbox 363 4387 387 4422; x_wconf 93' lang='lat' dir='ltr'>v.</span> 
     </span>
     <span class='ocr_line' id='line_1_46' title="bbox 160 4457 535 4525; baseline 0.013 -19"><span class='ocrx_word' id='word_1_389' title='bbox 160 4458 203 4525; x_wconf 79' lang='lat' dir='ltr'>(b)</span> <span class='ocrx_word' id='word_1_390' title='bbox 222 4457 252 4508; x_wconf 91' lang='lat' dir='ltr'>L.</span> <span class='ocrx_word' id='word_1_391' title='bbox 262 4459 298 4509; x_wconf 90' lang='lat' dir='ltr'>iii.</span> <span class='ocrx_word' id='word_1_392' title='bbox 310 4457 414 4525; x_wconf 73' lang='lat' dir='ltr'>despir.</span> <span class='ocrx_word' id='word_1_393' title='bbox 425 4459 450 4508; x_wconf 85' lang='lat' dir='ltr'>S.</span> <span class='ocrx_word' id='word_1_394' title='bbox 458 4475 481 4510; x_wconf 88' lang='lat' dir='ltr'>c.</span> <span class='ocrx_word' id='word_1_395' title='bbox 490 4460 535 4511; x_wconf 88' lang='lat' dir='ltr'>xii.</span> 
     </span>
     <span class='ocr_line' id='line_1_47' title="bbox 161 4542 384 4609; baseline 0.013 -18"><span class='ocrx_word' id='word_1_396' title='bbox 161 4543 204 4609; x_wconf 84' lang='lat' dir='ltr'>(o)</span> <span class='ocrx_word' id='word_1_397' title='bbox 223 4542 291 4594; x_wconf 82' lang='lat' dir='ltr'>Orat.</span> <span class='ocrx_word' id='word_1_398' title='bbox 302 4543 332 4594; x_wconf 85' lang='lat' dir='ltr'>de</span> <span class='ocrx_word' id='word_1_399' title='bbox 346 4544 384 4594; x_wconf 90' lang='lat' dir='ltr'>ob.</span> 
     </span>
     <span class='ocr_line' id='line_1_48' title="bbox 161 4628 487 4694; baseline 0.003 -16"><span class='ocrx_word' id='word_1_400' title='bbox 161 4631 201 4694; x_wconf 86' lang='grc'>(7)</span> <span class='ocrx_word' id='word_1_401' title='bbox 219 4628 306 4680; x_wconf 78' lang='grc' dir='ltr'><strong>Ειιιιι.</strong></span> <span class='ocrx_word' id='word_1_402' title='bbox 317 4629 394 4681; x_wconf 80' lang='lat' dir='ltr'>inl&#39;s.</span> <span class='ocrx_word' id='word_1_403' title='bbox 405 4628 487 4680; x_wconf 83' lang='lat' dir='ltr'>xcviii.</span> 
     </span>
    </p>
   </div>
   <div class='ocr_carea' id='block_1_8' title="bbox 0 0 1392 5056">
    <p class='ocr_par' dir='ltr' id='par_1_8' title="bbox 0 0 1392 5056">
     <span class='ocr_line' id='line_1_49' title="bbox 0 0 1392 5056; baseline 0 0"><span class='ocrx_word' id='word_1_404' title='bbox 0 0 1392 5056; x_wconf 95' lang='lat' dir='ltr'> </span> 
     </span>
    </p>
   </div>
  </div>
 </body>
</html>
