2774 5056
151 306 211 365 did
552 300 609 363 DE
630 300 937 364 comestorum

152 461 220 523 indo
233 472 278 522 ert
290 463 369 541 prior
388 461 513 537 quelibet
535 473 624 530 secu,
636 473 667 521 et
684 461 788 521 mento
808 472 973 521 maome
991 463 1064 522 inter
1082 464 1342 542 pmunnimuuu

151 560 187 620 rh
197 560 345 638 Apostolis
354 558 561 627 commentor,
575 572 605 618 et
616 578 634 618 a
647 557 838 636 Christoipso
851 559 986 636 proiecta.

189 654 343 716 Probatur
362 654 429 717 VII.
439 655 672 735 permutent

193 757 260 814 107.
282 752 398 828 Ubique
418 770 470 831 per
482 752 646 813 Ecclesiam
665 752 774 812 obtinet
792 751 948 811 confitendi
967 752 1015 811 lex
1035 765 1066 811 et
1083 754 1277 823 cousuetudo,
1290 772 1341 813 nee

151 862 258 919 anewr,
278 868 333 909 nec
355 863 468 927 tempus
490 849 622 927 originis,
643 860 710 927 port
722 849 921 927 Apostolieaor
941 861 1052 908 eutem
1073 849 1220 928 adsignari
1240 862 1340 929 potest.

151 947 231 1025 Ergo
242 946 278 1005 sd
286 946 452 1024 Apostolos,
463 957 492 1006 et
505 945 624 1024 proinde
637 945 673 1005 ed
684 946 833 1005 Christum
846 946 994 1005 reserenda
1005 960 1061 1005 est.
1081 947 1231 1021 Equidem
1245 964 1342 1008 resest

152 1043 225 1103 odeo
238 1061 290 1122 per
301 1061 335 1101 rs
346 1041 484 1110 difficilis,
496 1054 528 1101 ut
546 1059 704 1116 numquam
717 1042 841 1101 humant
855 1044 1019 1101 auctoritate
1033 1041 1131 1102 induci
1144 1043 1195 1102 lex
1208 1047 1339 1121 potuerit,

151 1141 196 1199 rel
209 1138 387 1200 cousuetudo
399 1138 538 1205 obtinere,
552 1157 617 1213 que
629 1148 724 1197 nmen
737 1132 839 1197 oudres
852 1138 952 1196 fideles
966 1137 1073 1211 absunt
1087 1137 1195 1216 gnon·
1208 1140 1257 1199 vel
1268 1139 1339 1201 ordi-

149 1238 196 1296 nis
220 1236 385 1296 discrimine
408 1246 485 1296 arcte
511 1236 588 1314 ligat.
629 1235 715 1313 Apud
742 1236 916 1313 duplicanos
941 1234 1036 1294 ridere
1059 1235 1129 1295 lieet
1149 1237 1257 1297 irmtru
1279 1257 1339 1299 esse

149 1351 265 1394 omnem
277 1333 432 1393 humanum
445 1346 579 1392 conatum
593 1332 629 1391 sd
642 1331 854 1392 consessionem
867 1331 1068 1401 inducendam,
1081 1331 1182 1393 divina
1195 1337 1338 1397 sanctione

149 1430 280 1500 sublatur
298 1431 356 1509 ipsi
369 1431 446 1490 enim
464 1449 528 1489 eam
549 1429 630 1488 raldo
651 1429 886 1490 commendarunt
898 1441 927 1488 et
946 1431 1053 1506 saepius
1066 1430 1173 1489 horrui
1186 1442 1257 1493 sunt
1274 1451 1338 1493 suos

149 1529 185 1589 ad
206 1548 271 1588 erm
292 1527 493 1607 peragendum,
517 1546 604 1601 quem
626 1539 720 1587 umen
742 1527 929 1587 vehementer
952 1546 1053 1587 omnes
1074 1528 1232 1606 refugiunt.
1273 1530 1338 1591 lude

149 1623 246 1684 videre
258 1638 305 1683 est
321 1642 479 1698 numquam
492 1625 657 1700 contingere
670 1624 800 1701 potuisse
813 1635 845 1681 ut
864 1623 1020 1684 confitendi
1033 1626 1216 1685 consuetudo
1230 1627 1338 1687 induce·

149 1737 236 1789 retur,
252 1720 297 1779 rel
310 1721 466 1779 necessitas
485 1731 695 1796 agnosceretur,
709 1719 767 1778 nisi
785 1720 820 1779 ab
832 1720 904 1797 ipsis
919 1719 1060 1779 Ecclesiae
1072 1719 1204 1781 exordiis
1218 1721 1337 1801 injuncto

149 1817 261 1887 luisset,
276 1815 332 1876 Dei
343 1816 436 1895 ipsius
449 1817 566 1877 nomine
578 1827 608 1876 et
620 1816 795 1876 auctoritate.

540 2030 741 2073 dmfflomfl
760 2031 944 2073 sotvunuuu.

190 2177 257 2232 loe.
281 2170 347 2253 obj.
366 2176 393 2231 l.
415 2170 616 2231 (lonleuionis
629 2190 703 2231 onus
725 2171 810 2230 nimis
825 2190 910 2251 graue
924 2182 969 2230 est
987 2191 1073 2247 quam
1095 2173 1176 2247 qnod
1197 2174 1287 2254 possit
1299 2195 1337 2234 rr·

149 2269 312 2331 tioeinando
325 2269 429 2330 deduci
442 2288 480 2329 ex
493 2279 631 2349 potestate
653 2269 814 2329 remittendi
835 2282 961 2348 peccota,
976 2271 1084 2345 absque
1098 2272 1222 2349 speciali
1235 2272 1336 2334 Christi

216 2367 251 2427 da
282 2411 290 2428 .

147 2379 281 2546 madiespdd
300 2467 370 2527 Non
384 2466 533 2528 ratiocinio
555 2464 754 2533 humano,sed
780 2463 889 2525 Christi
911 2465 1043 2526 mandato
1058 2467 1157 2528 nititur
1180 2468 1334 2537 confestim

149 2584 201 2624 nee
216 2566 286 2623 alias
302 2568 430 2642 potuitin
446 2567 577 2624 Ecclesia
592 2567 722 2622 universa
736 2565 770 2623 ab
785 2566 990 2638 antiquissimis
1013 2568 1190 2643 temporibus
1207 2571 1333 2628 obtinere.

150 2666 221 2731 Qua
234 2665 378 2723 mandavit
388 2667 450 2741 ipse
465 2667 572 2742 optime
588 2665 771 2723 innotescunt
791 2683 828 2722 ex
842 2662 1016 2741 Apostolicis
1032 2665 1180 2735 institutis,
1196 2667 1332 2744 Apostolis

149 2759 255 2835 quippe
266 2761 354 2836 jussit
367 2772 397 2817 ut
410 2760 543 2818 docerent
558 2762 652 2818 omnia
667 2780 853 2834 quaeeumque
877 2761 932 2817 illis
948 2761 1147 2819 maudaverat:
1171 2782 1235 2822 mos
1250 2777 1332 2822 autem

149 2857 303 2915 confitendi
317 2856 417 2916 meritd
432 2871 594 2917 recensetur
614 2858 686 2917 inter
700 2861 827 2917 instituta
842 2878 904 2932 quae
920 2861 1050 2937 Apostoli
1072 2880 1109 2919 ex
1133 2860 1246 2922 Christi
1266 2883 1331 2922 nran-

149 2955 215 3013 dato
232 2971 395 3014 sanxerunt.
439 2958 568 3015 Necesse
582 2977 639 3015 non
654 2968 741 3015 estut
755 2960 850 3016 omnia
865 2961 1018 3036 seripturis
1030 2961 1240 3032 contineantur,
1255 2981 1329 3038 quun

148 3053 243 3132 potius
258 3053 364 3126 liqueat
384 3053 612 3130 pradicationem
633 3064 662 3111 et
682 3054 886 3112 institutionem
908 3056 1061 3132 publicam,
1074 3059 1140 3116 viva
1155 3077 1237 3129 voce,
1254 3060 1328 3117 fuisse

148 3152 321 3231 praeeipuam
336 3152 473 3208 rationem
488 3172 504 3207 a
519 3150 635 3208 Christo
647 3162 789 3220 statutam,
804 3154 874 3209 etab
888 3154 1032 3229 Apostolis
1049 3152 1217 3224 adhibitam,
1232 3155 1265 3214 ad
1275 3174 1325 3232 pro·

149 3250 333 3327 mulgandum
348 3249 503 3309 doctrinam
515 3260 544 3308 et
558 3250 688 3308 mandata
703 3250 830 3318 chrisum
853 3270 905 3308 nec
920 3252 975 3309 nisi
991 3270 1027 3309 ex
1038 3255 1192 3313 occasione
1208 3276 1241 3314 ea
1253 3255 1324 3313 suisse

148 3350 254 3426 scripto
269 3352 442 3425 consignata.
485 3348 553 3406 Non
575 3350 659 3425 igitur
673 3349 865 3407 ratiocinando
885 3349 1076 3408 confessionis
1091 3370 1165 3410 onus
1181 3353 1322 3412 inducimus

149 3461 178 3505 et
189 3448 356 3515 statuimus,
378 3446 427 3504 sed
443 3446 678 3504 consuetudinem
701 3447 847 3522 pristinam
862 3439 890 3504 et
904 3445 1094 3506 universalem
1110 3451 1262 3509 confitendi
1276 3449 1321 3504 vin·
1371 3482 1373 3489 ·

150 3545 288 3612 dicamus,
314 3555 373 3602 turn
396 3544 569 3619 Apostolicae
594 3543 750 3601 traditionis
774 3544 932 3602 certissima
951 3545 1127 3613 auctoritate,
1149 3556 1208 3604 tum
1232 3542 1320 3604 Christi

150 3643 254 3708 verbis,
265 3660 301 3698 ex
311 3642 413 3715 quihus
421 3640 567 3719 judicandi
582 3653 717 3718 potestas,
729 3642 896 3715 quibusnam
910 3644 993 3699 venia
1004 3640 1096 3699 danda
1110 3645 1159 3712 sit,
1172 3646 1319 3719 quibusnam
1371 3688 1373 3699 .

150 3736 217 3795 verd
233 3737 407 3814 deneganda,
420 3736 568 3796 nranisestd
590 3739 732 3814 probatur.
774 3738 973 3796 consessionis
995 3741 1151 3798 necessitas
1167 3741 1232 3800 inde
1245 3737 1319 3814 sequi·

151 3844 205 3901 tur,
218 3833 292 3891 haud
307 3835 392 3911 longo
407 3846 435 3892 et
448 3835 555 3892 incerto
569 3835 726 3902 ratiocinio,
741 3834 791 3891 sed
812 3836 1013 3892 consecutione
1029 3835 1104 3894 sacili
1125 3846 1154 3894 et
1169 3838 1257 3906 obvia,
1271 3850 1318 3910 quae

151 3933 177 3989 si
192 3931 324 4005 cuiquam
336 3931 409 3990 haud
425 3933 542 3990 omnino
559 3930 706 3989 manifesta
721 3932 855 3999 videatur,
872 3930 1051 3990 traditionem
1064 3943 1092 3991 et
1106 3934 1319 3994 consuetudinem

152 4042 294 4107 receptam
310 4043 505 4106 argumentum
521 4030 645 4105 praebere
660 4031 849 4088 certissimum
862 4030 951 4088 divini
967 4031 1092 4088 mandati
1105 4033 1301 4093 contendimus.

194 4132 258 4186 109.
285 4126 351 4207 obj.
368 4133 396 4186 2.
413 4128 453 4185 Ut
470 4128 611 4204 judicium
634 4125 682 4184 fiat
704 4128 815 4185 cuinam
839 4128 922 4185 venia
944 4125 1036 4185 danda
1059 4130 1107 4196 sit,
1130 4133 1242 4190 cuinam
1256 4130 1321 4188 dene·

150 4226 252 4303 ganda,
268 4246 365 4303 parum
381 4225 496 4301 prodest
508 4225 621 4302 singula
634 4226 736 4284 referre
751 4245 813 4300 quae
825 4228 889 4299 quis
905 4228 1055 4304 patraverit
1069 4240 1196 4304 peccata,
1211 4226 1322 4288 sedeatis
1361 4274 1364 4281 .

150 4336 193 4380 est
207 4324 369 4399 poenitentis
384 4322 470 4380 animi
485 4323 587 4380 habere
603 4322 706 4380 indicia
722 4322 796 4380 haud
811 4322 905 4380 dubia.

188 4420 276 4500 Reop.
299 4422 485 4481 Peccatorum
507 4422 605 4479 notitia
619 4422 779 4494 requiritur,
798 4434 902 4495 utquae
918 4423 1066 4498 poenitenti
1089 4424 1263 4502 imponenda
1281 4424 1326 4482 sint

151 4532 237 4574 onera
250 4516 285 4574 ad
297 4514 452 4594 reparanda
465 4535 520 4589 que
534 4518 653 4593 patravit
663 4517 848 4583 innotescant,
858 4531 886 4575 et
897 4529 926 4575 ut
942 4519 1068 4577 remedia
1079 4539 1205 4599 congrua
1215 4520 1327 4600 prascri-

153 4610 260 4671 hantur.
313 4614 453 4674 Praeterea
474 4614 519 4672 sui
543 4615 633 4691 ipsius
659 4615 817 4674 humiliatio
839 4626 882 4674 est
904 4616 978 4675 inter
1000 4618 1148 4697 praecipua
1168 4620 1328 4700 poenitentie
1368 4626 1373 4771 p

1368 4774 1373 4885 l

90 4702 106 4766 l
