2774 5056
367 352 425 414 DE
446 350 718 414 nuonnmonu
739 349 1051 412 Eucfluulsrrm·
1247 356 1306 414 288

147 516 225 572 280.
249 512 282 571 S.
301 508 437 570 Jonunus
459 512 714 570 Cannensnouus:
737 509 929 571 “Considera
948 529 1063 585 quaes03
1086 530 1186 572 mensa
1205 512 1308 593 regalis

106 617 156 668 est
174 608 328 687 apposita:
351 608 446 686 angeli
461 627 567 667 menate
582 606 821 666 administrantes.
863 607 931 685 lpse
944 607 1008 667 Rex
1026 605 1125 678 adest;
1147 620 1175 668 et
1189 620 1219 669 tu
1233 619 1308 669 astat

109 705 265 766 oscinnst
306 705 396 782 Igitur
410 704 495 764 adora
508 716 538 763 et
550 702 776 763 communica.'’²

152 801 309 863 Probatur
322 801 383 862 III.
399 820 435 861 cu
449 803 541 863 totius
555 801 635 862 orbis
649 800 807 862 classiani
818 801 1027 862 cousuetudine
1040 802 1254 864 uetustissimo.

151 905 228 966 uel.
249 900 295 959 De
310 901 478 960 Graecorum
499 900 626 959 moribus
647 909 676 958 et
696 900 824 960 doctrina
843 900 952 959 illustre
973 900 1093 977 praebnit
1112 903 1309 963 testimouium

111 999 270 1062 concilium
285 996 582 1074 Hierosolymitannm
595 1015 669 1055 anuo
687 1000 782 1057 1672:
805 1004 825 1033 ‘⁸
837 994 992 1055 Credimus
1006 1015 1142 1074 supremo
1156 997 1309 1058 colendum
1343 986 1349 991 ’

111 1098 237 1166 honore,
247 1094 381 1168 cultuque
392 1093 480 1152 latriae
496 1092 571 1151 idem
579 1092 699 1153 Domini
713 1110 816 1171 corpus
831 1103 859 1151 et
869 1093 1037 1170 sanguinem
1050 1111 1114 1153 esse
1125 1091 1309 1154 adorandum.

112 1195 234 1272 Quippe
260 1191 455 1252 Sanctissimae
477 1190 637 1259 Trinitatis,
652 1198 681 1248 et
693 1190 820 1268 corporis
835 1189 1039 1264 sanguinisque
1053 1189 1172 1250 Domini
1191 1210 1249 1251 una
1267 1201 1312 1252 cst

113 1290 255 1353 morano.
297 1287 452 1347 Credimus
467 1297 531 1346 ante
545 1305 640 1353 usum,
655 1287 749 1346 statim
763 1307 781 1346 a
799 1286 1022 1357 consecratione,
1037 1305 1069 1345 ac
1090 1296 1158 1366 post
1176 1306 1260 1347 usum
1281 1286 1312 1348 id

114 1386 196 1465 qnod
216 1387 304 1446 sacris
324 1385 355 1444 in
375 1384 531 1463 pyxidibus
552 1384 746 1444 communioni
759 1383 1001 1443 moribundorum
1022 1394 1192 1455 asservatur,
1206 1404 1312 1464 eorpus

112 1464 183 1546 esse
197 1483 316 1545 Domini
329 1481 461 1542 verum.”
503 1482 548 1540 De
575 1482 679 1540 Russis
704 1491 821 1540 testatur
848 1480 979 1541 Olennius
993 1481 1174 1542 Lutheranus
1198 1502 1249 1544 eos
1263 1501 1312 1544 eu·

115 1581 283 1643 charistiam
295 1580 421 1640 adorare.
463 1578 509 1638 De
523 1580 668 1647 Armenis,
684 1578 778 1656 Syris,
793 1589 821 1636 et
830 1579 914 1637 sectis
928 1578 1062 1638 omuibus
1077 1579 1268 1641 Orientalibus
1282 1579 1313 1641 i‘d

113 1677 237 1739 omuino
251 1684 370 1744 constat,
386 1675 517 1750 quamvis
532 1694 590 1734 non
602 1675 689 1733 iidem
704 1675 761 1732 sint
774 1675 844 1733 ritus
860 1675 976 1748 ubique,
993 1677 1120 1755 supremi
1134 1676 1226 1738 cultus
1240 1678 1313 1738 indi·

72 1822 75 1829 .
115 1775 175 1835 cia.
216 1772 279 1852 Ipsi
291 1771 443 1851 Anglicaui
456 1790 531 1850 genu
545 1771 677 1832 flectendi
691 1772 776 1830 ritum
793 1771 861 1831 dum
875 1772 996 1831 sumitur
1010 1774 1179 1833 eucharistia
1191 1775 1313 1836 retinue-

113 1880 194 1941 runt,
222 1869 352 1944 quamvis
379 1869 495 1929 novitiis
509 1869 694 1947 opinionibus
721 1869 911 1941 obsequentes
939 1887 1005 1927 euru
1027 1869 1219 1931 adorationem
1236 1871 1314 1933 haud

113 1966 243 2031 iudicare
257 1965 378 2027 doceant
390 1965 530 2036 nonnulli,
541 1965 625 2041 juxta
636 1964 789 2023 Rubricam
804 1984 812 2033 3
834 1964 897 2023 aliis
912 1975 1009 2025 contra
1021 1967 1219 2027 sentientibus.
1341 1990 1346 2001 ·

612 2180 821 2223 oumcslomss.

156 2326 228 2383 282.
253 2317 321 2403 ooj.
337 2326 365 2413 1.
385 2320 518 2401 Apostoli
537 2340 594 2382 non
609 2322 829 2399 procubuemut,
841 2318 960 2380 Christo
976 2322 1018 2380 eis
1034 2323 1234 2384 eucharistiam
1248 2340 1314 2403 por·

115 2421 240 2501 rigente.

158 2516 248 2596 Βίῳ.
270 2516 301 2576 N
303 2535 340 2576 on
354 2534 479 2593 semper,
494 2533 548 2575 nec
562 2514 662 2574 eadem
676 2513 795 2580 radone,
810 2513 982 2573 adorationis
1004 2514 1108 2575 indicia
1130 2517 1312 2595 prestantur}

116 2630 174 2674 nec
187 2614 265 2674 euim
280 2612 413 2691 leguntur
426 2612 557 2688 Apostoli
571 2629 666 2670 coram
681 2609 800 2668 Christo
814 2612 1000 2688 procumbere
1011 2614 1205 2684 consuevisse,
1216 2633 1314 2690 qnam·

117 2711 164 2771 vis
178 2728 245 2770 eum
259 2709 419 2769 Dominum
433 2728 467 2768 ac
478 2708 573 2768 Deum
587 2725 672 2766 suum
687 2707 862 2785 agnoverint.

158 2809 229 2866 283.
255 2803 323 2886 Obj.
338 2810 368 2865 2.
389 2805 529 2879 Pleraque
548 2803 641 2862 cultus
655 2801 761 2862 indicia
775 2821 838 2877 quae
859 2803 1040 2864 eucharistiae
1059 2806 1315 2884 impresentiarum

118 2901 300 2972 exhibentur,
314 2903 432 2961 vetustis
453 2901 628 2978 temporibus
643 2901 739 2978 ignota
764 2899 887 2968 luerunt,
901 2918 938 2959 v:
960 2920 989 2978 g.
1010 2902 1218 2964 benedictionis
1232 2907 1314 2976 ritus,

121 3000 332 3077 processiones,
341 3000 406 3076 ipsa
419 2998 521 3057 hostie
536 2997 656 3058 elevatio
670 2998 701 3056 iu
716 2997 824 3056 Missa:
839 3015 961 3070 quorum
975 2998 1112 3077 pleraque
1125 3001 1200 3080 apud
1214 3003 1315 3067 Oricu-

124 3096 371 3158 talesadhucnou
387 3096 526 3155 obtinent.
557 3123 563 3135 ·

164 3192 250 3274 Κεφ.
272 3193 382 3253 Indicia
394 3193 486 3251 cultus
501 3193 577 3252 varia
587 3191 767 3260 exhibentur,
783 3211 834 3270 pro
849 3203 1009 3271 temporum
1024 3196 1170 3266 varietate,
1184 3199 1237 3258 sed
1250 3200 1316 3262 ado·

132 3288 193 3351 tatio
205 3290 315 3350 christi
329 3291 359 3349 in
373 3288 543 3349 eucharistia
553 3307 667 3366 semper
686 3289 784 3366 viguit,
796 3289 837 3346 uti
851 3288 942 3362 liquet
954 3306 991 3348 ex
999 3289 1119 3350 laudatis
1132 3294 1313 3359 testimoniis.

137 3382 284 3449 Occasione
299 3386 442 3446 hereseos
456 3387 575 3465 contigit
588 3395 619 3444 ut
632 3385 712 3464 plura
724 3384 858 3444 darentur
869 3385 937 3444 fidei
956 3385 992 3445 de
1011 3386 1067 3445 hoc
1081 3382 1219 3466 mysterio
1235 3412 1317 3472 argu·

140 3495 227 3556 mun.
248 3486 325 3544 sicut
346 3495 375 3543 et
398 3471 664 3542 divinitas'Christi
689 3483 780 3560 magis
814 3481 921 3550 claruit,
944 3481 1014 3541 Ario
1038 3500 1100 3542 earn
1120 3485 1315 3565 impugnante.

145 3574 319 3644 Orientalium
340 3581 418 3657 quod
438 3592 547 3660 spectat
566 3599 672 3648 mores,
694 3579 827 3638 anostris
848 3579 964 3653 quidem
978 3580 1131 3657 plurimum
1145 3582 1317 3666 discrepant,

69 3744 71 3751 ,
140 3680 255 3745 suavis
277 3689 307 3740 et
321 3679 352 3738 hi
366 3679 516 3738 nobiseum
538 3677 653 3737 credant
670 3695 776 3753 corpus
794 3687 823 3735 et
842 3676 1011 3755 sauguinem
1033 3677 1143 3739 Christi
1157 3682 1267 3756 adesse,
1288 3699 1318 3749 et

135 3780 162 3825 fl
175 3790 309 3857 supremo
323 3776 578 3849 colantobsequio,
594 3775 676 3852 cujus
690 3773 860 3833 documenta
884 3773 915 3833 in
938 3772 1060 3852 liturgiis
1085 3777 1207 3854 plurima
1227 3785 1319 3846 attuli·

127 3877 199 3933 illlis.

157 3966 232 4033 284.
262 3970 330 4051 Obj.
345 3975 374 4030 3.
390 3969 524 4030 Adoratio
539 3969 696 4029 Christoin
709 3968 880 4029 eucharistia
892 3969 1017 4047 praestita
1038 3969 1204 4036 adversatur
1216 3979 1317 4043 Sacra·
1348 3954 1376 4118 )

110 4067 420 4138 montismorentiaci,
435 4088 501 4128 nam
518 4067 647 4144 corporis
662 4077 691 4126 et
702 4067 850 4145 sanguinis
865 4066 997 4144 symbola
1009 4066 1087 4130 dedit
1101 4070 1244 4149 Christus,
1259 4099 1317 4144 unu

101 4152 169 4223 ’Μ’
183 4179 221 4228 et
232 4167 402 4228 divinitatis.

140 4249 251 4345 Resp.
272 4265 371 4334 Quum
386 4263 520 4323 Christus
535 4261 610 4322 dicat
624 4281 654 4321 se
670 4262 735 4321 dare
747 4281 850 4339 corpus
863 4272 892 4321 et
902 4264 1069 4341 sanguinem
1082 4286 1177 4337 suum,
1191 4275 1319 4346 sequitur

84 4348 284 4424 necessaria
300 4380 367 4420 eum
382 4370 471 4421 totum
486 4359 596 4427 adesse,
618 4378 684 4416 narn
709 4358 833 4416 humana
853 4360 915 4436 ejus
937 4371 1035 4421 natura
1052 4363 1154 4424 divinar
1168 4365 1319 4431 indissolu·
1358 4400 1364 4415 ν

520 4537 562 4603 (1)
581 4536 655 4587 Hom
664 4535 698 4586 rii.
709 4535 736 4586 iu
747 4550 786 4601 ep.
796 4534 835 4586 ad.
846 4535 914 4603 Eph.

699 4624 754 4680 18*
1025 4738 1028 4743 ι
1273 4732 1276 4737 ι
1316 4628 1354 4738 Ι
