2812 5062
434 344 713 408 sicennam}
731 342 959 407 ventum.
1235 350 1295 408 400

101 514 178 565 retur
190 505 287 566 unctio
299 514 441 576 extrema,
455 504 576 583 contigit
588 504 656 580 qaia
668 502 704 563 ad
727 503 904 582 propositum
918 503 1089 583 scriptorum
1101 523 1160 567 non
1172 506 1295 585 partina·

100 606 157 673 bat,
172 615 240 666 sunt
252 606 330 666 euim
344 605 514 684 plerumque
526 604 596 663 fidei
608 602 741 663 vindicio
754 612 852 663 contra
862 603 1069 673 Ethnicoa,vcl
1079 617 1296 665 contractiores

99 711 168 761 tuuc
178 714 361 780 grassmtes3
382 710 412 761 at
430 700 496 778 ipsa
514 718 579 775 quac
592 699 629 759 dc
643 698 827 759 sacramentis
840 711 937 777 agunt.
953 698 989 759 ad
1001 700 1222 762 catechumenos
1235 701 1295 762 sere

98 797 205 859 dnecta
224 810 301 868 eunt,
314 816 388 874 quos
401 798 550 876 oportebat
569 796 605 856 dc
624 797 661 855 iis
685 815 750 871 que
765 814 834 856 mox
853 796 1038 875 suscipienda
1056 810 1137 857 erant
1159 797 1293 859 edocere

100 896 245 971 Equidem
260 914 324 956 raro
348 894 502 955 admodum
524 892 561 955 de
581 904 710 955 extrema
729 894 863 954 unctione
886 895 1142 974 impresentiarum
1161 896 1193 959 in
1205 896 1295 957 sacris

99 992 290 1053 concionibus
302 992 405 1070 agitur,
420 991 553 1067 quamvis
575 990 703 1067 quotidie
723 992 909 1061 ministretur,
923 993 1031 1071 previa
1050 992 1235 1054 instructione
1248 994 1296 1055 his

100 1091 207 1165 quibus
221 1100 266 1149 est
277 1088 476 1150 ministranda.

141 1191 192 1246 32.
211 1185 279 1266 ooj.
296 1190 344 1245 13.
365 1186 412 1245 Ab
425 1182 647 1255 Heracleonitis,
662 1202 735 1260 quos
746 1193 885 1244 memorat
897 1182 1047 1254 irenaeus
1058 1185 1130 1245 ritus
1138 1184 1296 1265 inungendi

98 1281 285 1344 moribundos
309 1280 479 1359 desumptus
503 1278 633 1340 videtur:
655 1280 698 1340 illi
718 1280 795 1341 enim
809 1279 906 1341 oleum
920 1298 1001 1355 aquae
1021 1280 1186 1343 immixtum
1209 1283 1297 1362 capiti

99 1380 275 1459 injiciebant,
291 1377 520 1438 invocationibus
534 1376 664 1457 adjectis.

138 1478 231 1557 Resp.
252 1477 331 1536 Toto
344 1475 418 1535 coelo
431 1474 516 1535 dietat
528 1476 599 1535 ritus
612 1493 694 1537 sacer
707 1493 795 1551 quem
808 1474 950 1556 Apostolo
969 1475 1197 1555 obtemperantes
1215 1496 1297 1557 pera·

100 1578 207 1656 gimus‚
221 1594 239 1635 a
252 1574 379 1653 profanis
393 1573 659 1634 Heracleonitarum
679 1574 825 1635 moribus:
846 1572 988 1635 necenim
1009 1591 1113 1648 aquam
1133 1574 1199 1636 oleo
1219 1576 1298 1637 infir-

99 1692 214 1735 morum
233 1671 441 1741 immiscemus,
455 1687 550 1745 neque
569 1688 675 1741 vocas3
697 1670 862 1742 “Basema,
883 1670 1042 1741 emmone,
1053 1668 1201 1743 Baenora,
1215 1670 1293 1733 etc.”

99 1771 282 1850 proferimus,
296 1785 389 1845 neque
404 1776 533 1829 mortuos
546 1766 723 1846 inungimus.

134 1948 178 2015 (l)
195 1945 227 1998 1..
240 1948 262 1997 1.
273 1943 328 1998 adv.
338 1942 1295 2015 aar.cxvtinvaoaaanag.ttauar.cxvtaattpipmntnnuar.mvt

173 3428 249 3491 Vox..
264 3429 399 3491 tlt-eo
