2774 5056
447 325 501 388 DE
520 325 697 387 Joauuts
715 325 939 389 barrisno.

583 790 723 851 CAPUT
744 791 798 850 tv.

402 985 460 1037 Du
488 984 692 1038 ioannis
720 985 980 1038 BAP'I'ISMO.

115 1195 173 1250 ua.
194 1185 297 1249 Licet
321 1187 360 1247 de
383 1188 573 1247 sacramentis
598 1206 663 1263 quta
684 1186 817 1246 Christus
839 1187 982 1246 Dominus
1003 1187 1126 1246 instituit
1141 1185 1224 1246 nobis
1245 1186 1284 1246 sit

88 1287 291 1356 disserendum,
307 1285 348 1344 de
361 1285 504 1363 baptismo
519 1304 603 1360 quem
623 1285 751 1345 ioannes
771 1285 890 1344 contulit
903 1285 997 1359 aliqua
1017 1303 1092 1363 opus
1112 1297 1156 1344 est
1177 1283 1282 1354 dicere,

90 1383 149 1443 hauc
161 1385 286 1443 scilicet
308 1401 379 1441 cum
404 1380 514 1440 Christi
534 1382 676 1460 baptismo
696 1380 883 1440 confuderunt
903 1382 1008 1459 plures.
1050 1381 1163 1440 Secula
1183 1380 1283 1456 quinto

92 1481 249 1550 Petilianus,
266 1481 301 1540 in
313 1479 412 1538 Africa
424 1480 589 1556 episcopus,
606 1480 656 1553 qui
667 1479 825 1537 Donatistis
838 1481 1048 1548 accensebatur,
1062 1479 1184 1538 eundem
1196 1478 1283 1538 ritum

93 1576 195 1637 Christo
209 1588 243 1636 ct
256 1577 276 1636 J
280 1575 370 1636 oanni
384 1594 566 1634 communem
582 1579 703 1634 censuit.
736 1575 878 1633 Lutherus
893 1594 1028 1653 magnum
1043 1575 1117 1634 inter
1130 1586 1282 1649 utrumque

93 1678 193 1754 agnovit
206 1676 371 1735 discrimen
381 1679 403 1743 ;1
415 1672 467 1732 sed
482 1673 620 1755 Calvinus
636 1675 755 1743 nullum,
770 1685 970 1752 preterquam
985 1684 1005 1713 ‘⁸
1015 1673 1092 1749 quod
1106 1675 1136 1733 in
1151 1693 1218 1733 eum
1229 1675 1281 1749 qui

92 1784 215 1832 tenturus
230 1781 306 1841 erat,
319 1771 447 1831 ioannes
461 1772 638 1849 baptizabat:
665 1772 797 1849 Apostoli
817 1772 846 1830 in
860 1791 937 1840 eum,
953 1772 1002 1846 qui
1012 1773 1074 1850 jam
1088 1791 1121 1831 se
1140 1772 1283 1832 exhibue-

93 1870 168 1929 τιν’·
189 1881 210 1909 “
224 1871 296 1940 Quo
308 1870 426 1938 etism,”
442 1869 551 1930 dixerat
562 1890 659 1950 supra,
674 1870 896 1930 “carissimum
910 1872 954 1940 fit,
967 1869 1046 1931 idem
1059 1871 1148 1931 fuisse
1162 1890 1281 1950 prorsus

94 1965 201 2029 Ioannis
223 1967 428 2035 ministerium,
443 1966 519 2043 quod
542 1967 690 2044 Apostoiis
710 1977 810 2044 postea
829 1965 990 2046 delegatum
1010 1976 1064 2026 est.
1107 1967 1178 2027 Non
1199 1969 1278 2028 enim

94 2065 167 2127 dium
177 2066 358 2145 baptismum
365 2066 474 2125 iaciunt
486 2065 607 2125 diverse
615 2084 715 2124 manus
726 2066 829 2140 quibus
843 2065 1072 2136 administratur:
1087 2064 1140 2124 sed
1156 2065 1280 2127 eundem

96 2180 147 2221 asse
160 2163 265 2223 eadem
278 2162 407 2222 doctrina
420 2162 592 2222 ostendit”³
619 2161 769 2240 Baptistae
781 2162 912 2222 hodierni
925 2162 982 2222 hoc
994 2162 1123 2222 laborant
1135 2181 1240 2221 errore.

127 2266 191 2321 114.
214 2261 383 2322 Concilium
398 2261 598 2320 Tridentinum
613 2280 753 2321 canonem
773 2262 851 2321 hunc
871 2260 979 2320 edidit:
1002 2270 1023 2298 ⁴⁶
1036 2261 1071 2318 si
1091 2261 1156 2335 quis
1176 2260 1282 2345 dixerit

96 2357 256 2437 baptismum
267 2358 390 2420 ioannis
404 2358 539 2418 habuisse
549 2356 668 2416 eandem
683 2358 742 2415 vim
754 2377 820 2416 curn
833 2358 979 2435 baptismo
992 2356 1113 2426 Christi,
1131 2359 1282 2416 anathema

99 2456 167 2516 'itii‘

594 2632 779 2675 enorost‘no.

125 2773 304 2857 Baptismus
317 2773 446 2836 Joanuia
460 2791 522 2833 noa
534 2771 640 2833 habuit
654 2771 775 2833 eandem
787 2770 849 2832 vim
864 2788 901 2832 aa
916 2769 1031 2832 Christi
1041 2770 1219 2853 baptismus.

125 2870 276 2934 Probatur
289 2871 317 2932 Ι.
333 2891 370 2932 ea·
387 2870 559 2953 Scripturia.

128 2974 195 3030 tls.
216 2970 347 3030 Ioannes
365 2971 428 3049 ipsa
441 2969 606 3049 profitetur:
629 2968 728 3046 “Ego
742 2967 884 3046 baptizavi
898 2985 950 3026 ros
965 2987 1047 3043 aqua,
1063 2967 1112 3027 ilie
1132 2965 1199 3026 verb
1213 2967 1281 3047 bap·

98 3063 178 3126 tiabit
191 3086 245 3127 vos
260 3066 368 3146 Spiritu
384 3064 535 3124 Sancto.”⁶
574 3065 680 3139 Liquet
692 3062 759 3123 inde
773 3064 906 3143 baptismi
920 3065 1067 3139 utriusque
1081 3063 1245 3134 discrimen,
1263 3084 1280 3123 a

97 3161 184 3223 virute
198 3164 311 3224 scilicet
323 3173 352 3223 et
365 3163 467 3222 effectu
489 3163 629 3242 petitum:
651 3163 849 3247 nullamuenim
871 3163 930 3221 vim
949 3182 1009 3222 suae
1024 3163 1161 3223 ablutioni
1182 3163 1278 3222 inesse

46 3322 47 3331 ,
98 3263 197 3339 tutavit
208 3262 351 3341 Baptista,
365 3281 399 3321 ea
412 3272 494 3321 utens
508 3262 538 3320 in
558 3261 696 3321 indicium
710 3274 739 3320 et
757 3263 937 3322 occasionem
959 3260 1143 3340 pauitantia,
1158 3279 1214 3336 qua
1229 3278 1283 3319 cor

46 3417 48 3428 ,
98 3360 285 3419 mundaretur:
308 3358 360 3418 sed
383 3359 522 3438 Spiritum
545 3359 681 3418 Sanctum
696 3359 805 3418 Christi
823 3360 967 3439 baptismo
986 3356 1111 3417 dandum
1133 3356 1276 3436 predixit,

99 3458 188 3539 quippe
203 3478 272 3535 quo,
289 3457 407 3521 Christo
421 3459 485 3537 ipso
499 3458 628 3530 docente,
643 3479 681 3518 ex
695 3479 767 3535 aqua
780 3469 809 3518 et
823 3459 931 3538 Spiritu
946 3458 1051 3515 Sancto
1066 3456 1131 3531 quis
1146 3473 1276 3514 renasce-

46 3615 50 3626 ,
99 3563 166 3615 mitt.

126 3657 189 3714 tto.
208 3653 319 3730 Liquet
329 3654 415 3713 etism
427 3653 536 3713 Christi
544 3654 717 3733 baptismum
728 3655 766 3712 ab
774 3652 823 3711 illo
835 3670 920 3726 quem
932 3647 1137 3709 administravit
1147 3648 1275 3710 Joannes

47 3799 52 3835 ί
99 3744 225 3813 diversum
238 3769 316 3820 esse,
331 3759 360 3809 et
372 3751 416 3811 vis
429 3751 514 3828 longe
528 3752 654 3829 majoris,
670 3769 706 3811 ex
720 3748 846 3825 eoquod
861 3757 1000 3824 quotquot
1010 3747 1041 3806 in
1052 3747 1201 3808 Christum
1216 3767 1277 3813 cre·‚

50 3910 54 3920 ,
101 3842 207 3909 diderint
227 3848 365 3927 baptizati
384 3848 499 3918 suerint,
514 3849 590 3908 uuila
610 3849 705 3907 habita
726 3848 833 3907 ratione
854 3846 989 3926 baptismi
1010 3865 1095 3921 quem
1121 3847 1236 3925 plurimi
1259 3865 1276 3906 a

100 3940 193 4008 lunae
216 3956 397 4026 receperant,
437 3956 456 3985 “
466 3947 694 4025 Egrediebantur
707 3947 821 4007 adeum
836 3944 1050 4006 omnistudaae
1064 3946 1153 4024 regio,
1174 3954 1202 4002 et
1221 3944 1271 4004 Je-

100 4043 257 4123 ttsolymitae
281 4044 421 4113 universi,
446 4053 475 4101 et
500 4044 715 4122 baptizabantur
735 4045 769 4102 ab
790 4042 870 4102 eo.”⁸
909 4043 1042 4103 Attamen
1069 4040 1194 4120 singulis
1221 4040 1276 4117 qui

248 4220 293 4287 (l)
311 4217 384 4284 Βίῳ
393 4217 424 4268 dc
434 4217 507 4285 Bapt
518 4218 586 4282 legis,
596 4219 708 4282 ioannis,
719 4226 743 4270 et
754 4217 848 4270 mirati
859 4232 928 4270 abac
938 4217 1012 4267 1⁶20.

248 4305 292 4371 (2)
310 4304 371 4354 last,
382 4303 398 4354 1
409 4303 441 4354 ir.
452 4319 473 4354 c.
484 4319 524 4354 xv.
536 4320 562 4354 n.
575 4308 598 4354 7.

248 4391 292 4458 (3)
311 4389 413 4440 ibidem.

245 4478 258 4536 i
259 4478 289 4543 4)
309 4478 376 4527 Sem,
384 4476 426 4526 vii.
438 4475 568 4529 Oan'ide
579 4476 655 4542 napa

248 4563 292 4629 (5)
312 4561 412 4613 Marci.
423 4567 449 4615 8.

248 4649 293 4716 (d)
313 4646 406 4699 Ibidem
413 4651 439 4700 b.
