2774 5056
32 1766 38 1777 .
130 1712 284 1791 Eugenius
300 1713 443 1781 Pontifex,
466 1720 486 1748 ⁸⁴
501 1731 518 1768 a
531 1712 640 1770 caeteris
662 1711 855 1770 distinctivum
876 1720 905 1769 ct
924 1710 1087 1780 indelebile,

546 301 603 361 DE
616 298 922 366 ,CHARACTERE

533 807 537 823 ’
611 846 752 906 creua
772 846 857 907 vui.

519 1041 575 1092 us
612 1040 950 1118 ounnncrsas.

179 1232 244 1288 186.
267 1226 344 1285 Cum
358 1225 506 1303 illaquam
520 1225 556 1284 de
570 1225 712 1304 baptismo
727 1227 761 1283 ab
772 1225 918 1307 ¹hereticis
933 1223 1037 1283 collato
1051 1225 1244 1283 controversia
1259 1233 1336 1283 retu·

136 1326 235 1394 limus,
250 1343 381 1385 connexa
403 1325 521 1398 estalia
543 1324 578 1382 de
604 1325 764 1382 charactere
785 1323 936 1400 baptizatis
956 1323 1109 1401 impresso,
1130 1322 1196 1381 ideo
1225 1324 1335 1401 quippe

136 1421 279 1482 iterandus
293 1421 451 1499 baptismus
466 1439 524 1479 non
538 1431 597 1478 erat
611 1421 678 1494 quia
692 1421 786 1478 anima
800 1419 960 1478 charactere
975 1419 1097 1493 quodam
1112 1420 1250 1496 insignita
1264 1430 1334 1487 erat,

134 1519 185 1592 qui
199 1517 286 1576 deleri
300 1536 357 1576 non
371 1525 489 1594 poterat.
531 1516 627 1582 Quum
649 1516 743 1574 anima
769 1516 895 1592 partibus
909 1527 1011 1582 careat,
1033 1515 1194 1574 charactere
1217 1516 1252 1573 de
1275 1534 1335 1590 quo

96 1666 101 1675 .
134 1616 280 1690 loquimur
304 1624 323 1653 ‘⁶
336 1615 482 1692 spirituale
508 1613 651 1688 quoddam
673 1611 819 1691 signum‚''
842 1613 1058 1691 intelligendum
1079 1623 1134 1683 est,
1150 1624 1235 1691 prout
1249 1613 1335 1698 docet

1089 1710 1123 1746 ”¹
1144 1712 1255 1769 scilicet
1275 1731 1336 1785 quo

93 1828 96 1833 ·
132 1808 294 1886 baptizatus
309 1810 343 1867 ab
358 1828 393 1868 eo
408 1809 529 1882 quinon
544 1808 645 1884 recipit
665 1808 847 1883 baptismum,
869 1807 973 1884 reipsa,
995 1818 1024 1865 et
1036 1826 1131 1866 coram
1156 1808 1220 1867 Deo
1235 1807 1336 1867 distin·

133 1906 237 1985 guitur,
254 1905 387 1980 quodque
402 1916 524 1974 maneat,
540 1924 695 1978 numquam
716 1904 878 1977 delendum.
922 1904 1029 1962 Tribus
1051 1905 1245 1964 Sacramentis
1267 1906 1335 1963 cha·

60 2042 71 2077 ι,
132 2012 270 2063 meterem
284 2004 361 2062 hunc
375 2004 501 2081 imprimi
516 2002 599 2061 docet
612 2003 754 2070 Ecclesia,
768 2003 943 2061 anathemate
958 2003 989 2061 iu
1003 2002 1238 2062 contradicentes
1253 2002 1333 2061 lato:

29 2115 33 2123 ·
61 2150 64 2157 .
133 2102 279 2174 “Siquis
294 2101 398 2159 dixerit
410 2102 441 2158 in
455 2101 543 2158 tribus
558 2101 760 2169 sacramentis,
771 2101 913 2177 baptismo
928 2100 1048 2169 scilicet,
1063 2100 1290 2168 confirmatione,
1304 2113 1336 2160 et

133 2198 232 2259 ordine
256 2218 314 2257 non
338 2199 466 2275 imprimi
490 2198 680 2256 characterem
705 2199 736 2255 in
760 2198 864 2265 anima,
886 2197 942 2255 hoc
967 2208 1020 2267 est,
1042 2199 1156 2276 siguum
1183 2197 1341 2281 quoddam·
1367 2262 1370 2267 ,

130 2296 276 2375 spirituale
291 2304 320 2355 et
333 2295 493 2363 indelebile,
509 2295 583 2353 unde
598 2314 632 2352 ea
642 2295 736 2352 iterari
749 2313 808 2353 non
821 2304 951 2371 possunt,
965 2292 1115 2355 mediana
1129 2295 1209 2354 sit.'’²

174 2398 241 2454 187.
264 2394 418 2452 character
440 2394 583 2470 baptismo
607 2393 765 2469 impressus
787 2412 805 2449 a
826 2392 957 2450 Patribus
983 2392 1126 2452 Ecclesia
1147 2392 1330 2470 predicatur,

132 2494 229 2567 utique
247 2494 330 2569 juxta
344 2492 521 2551 traditionem
537 2492 571 2549 ab
586 2492 732 2569 Apostolis
748 2490 912 2549 derivatam.
956 2492 1084 2551 “Nemo
1100 2491 1160 2560 te,’'
1183 2493 1277 2565 inquit
1299 2493 1332 2552 S.

132 2590 281 2657 Basrnrus,
309 2599 469 2661 “quarum,
491 2599 660 2655 nostrarum,
676 2609 712 2645 an
733 2589 896 2656 adversarii,
919 2590 1040 2664 partium
1062 2590 1113 2658 sis,
1135 2592 1259 2658 noverit,
1274 2591 1333 2648 nisi

132 2688 265 2763 mysticis
280 2687 370 2763 signis
385 2687 602 2743 familiaritatem
617 2686 788 2761 praeteferas,
805 2687 861 2743 nisi
875 2684 1018 2763 signatum
1033 2688 1070 2745 sit
1084 2707 1171 2765 super
1185 2697 1212 2746 tc
1233 2689 1333 2747 lumen

131 2782 226 2841 vultus
241 2782 370 2840 Domini.
414 2782 481 2839 Nisi
496 2782 690 2840 characterem·
700 2783 730 2840 in
752 2793 779 2840 te
801 2795 936 2859 agnoscat
956 2784 1085 2862 angelus,
1100 2804 1227 2859 quonam
1242 2786 1333 2846 modo

131 2899 183 2957 pro
198 2891 225 2938 te
239 2880 385 2956 pugnabit,
401 2889 448 2937 aut
463 2881 497 2936 ab
512 2880 635 2937 inimicis
650 2880 804 2938 vindicabit
814 2881 860 2938 f”³
881 2883 913 2939 S.
930 2883 1124 2941 Accusamus
1139 2884 1249 2942 confert
1263 2885 1334 2961 bap-

131 2979 208 3036 tismi
223 2979 412 3036 characterem
428 2997 493 3035 cum
507 2989 575 3036 nota
595 2980 761 3054 corporibus
782 2980 906 3038 militum
927 2981 997 3039 olim
1020 2982 1133 3040 inusta:
1157 2992 1176 3018 ‘⁴
1189 2983 1236 3041 An
1256 2981 1334 3040 forte

130 3077 226 3134 minus
241 3076 349 3133 haerent
362 3085 536 3133 sacramenta
550 3075 703 3138 christiana
716 3096 802 3150 quam
817 3078 972 3154 corporalis
987 3078 1049 3136 haec
1063 3090 1140 3148 nota,
1152 3098 1218 3137 curn
1234 3079 1334 3138 videa·

130 3189 194 3230 mus
209 3190 264 3230 nec
278 3180 419 3247 apostatas
444 3190 538 3228 carere
560 3171 738 3247 baptismate,
755 3174 858 3246 quibus
873 3175 971 3248 utique
997 3194 1054 3252 per,
1069 3176 1266 3253 poenitentiam
1289 3197 1334 3236 re·

130 3268 281 3328 deuntibus
298 3289 354 3327 non
369 3269 533 3336 restituitur,
549 3280 577 3327 et
591 3269 656 3328 ideo
677 3271 767 3328 amitti
789 3291 846 3331 non
867 3291 952 3349 posse
970 3273 1170 3350 judicaturf’'⁴
1210 3275 1280 3332 Alio
1302 3277 1335 3335 in

128 3366 193 3425 loco
209 3366 292 3424 dicit:
316 3365 423 3422 “Satis
438 3365 528 3422 eluxit
549 3367 708 3440 pastoribus
724 3367 864 3426 Ecclesia
879 3370 1025 3427 catholicae
1042 3379 1100 3428 toto
1121 3372 1188 3429 orbe
1204 3371 1334 3440 diffusae,

129 3483 180 3541 per
194 3483 266 3537 quos
282 3475 391 3540 postea,
406 3462 526 3539 plenarii
541 3462 654 3519 concilii
670 3463 847 3531 authoritate,
864 3465 1009 3542 originalis
1025 3466 1202 3525 consuetudo
1218 3469 1336 3528 firmata

128 3573 182 3629 est,
204 3570 232 3619 et
252 3580 335 3619 ovem
358 3579 421 3633 quae
447 3559 515 3617 foris
539 3560 658 3627 errabat,
673 3568 701 3618 et
722 3560 908 3620 Dominicum
930 3563 1119 3621 characterem
1142 3584 1159 3620 a
1179 3563 1334 3625 fallacibus

128 3657 367 3734 depraedatoribus
394 3658 453 3714 suis
481 3658 550 3716 foris
579 3669 736 3735 acceperat,
765 3661 928 3719 venientem
956 3660 992 3718 ad
1018 3662 1181 3721 christianae
1209 3665 1336 3724 unitatis

129 3754 259 3821 salutern,
275 3756 309 3812 ab
323 3774 416 3813 errore
431 3757 544 3832 corrigi,
561 3777 577 3814 a
591 3759 751 3834 captivitate
766 3758 889 3828 liberari,
904 3780 921 3817 a
935 3761 1051 3819 vulnere
1065 3762 1168 3828 sanari,
1185 3761 1336 3823 characte-

128 3870 189 3909 rem
205 3861 299 3909 tamen
313 3851 499 3909 Dominicum
514 3854 544 3909 in
559 3871 592 3909 ea
604 3855 719 3929 agnosci
736 3856 927 3930 potiusquam
954 3858 1127 3933 improbari:
1149 3857 1337 3933 quandoqui-

129 3949 194 4008 dem
211 3953 307 4026 ipsnm
323 3949 512 4007 characterem
528 3951 609 4008 multi
624 3963 651 4009 et
664 3952 726 4029 lupi
740 3964 767 4011 et
782 3954 857 4030 lupis
872 3955 1040 4032 infigunt.”⁵

169 4052 235 4106 188.
260 4048 355 4124 Hujus
370 4048 539 4106 characteris
555 4050 667 4127 insigne
683 4062 880 4128 argumentum
896 4066 940 4112 est
954 4063 1091 4134 perpetua
1105 4054 1248 4116 Ecclesia
1267 4061 1337 4118 uni-

128 4145 244 4205 versalis
272 4144 458 4214 consuetudo,
487 4145 615 4222 pluribus
637 4149 823 4206 conciliorum
845 4148 966 4210 decretis
991 4153 1110 4222 firmata,
1128 4153 1214 4230 juxta
1241 4174 1336 4230 quarn

426 4303 466 4368 (1)
486 4303 588 4353 Decrcte
600 4305 630 4354 ad
642 4305 771 4356 Armenes.
