2774 5056
344 304 400 365 DE
422 304 947 371 TRnNsUBsrANTIATIONE.
1183 312 1242 369 2οῠ

55 460 120 529 date,
135 480 224 537 quam
238 463 267 522 in
281 483 413 523 arcanum
429 463 500 523 adeo
515 465 689 543 stupendum
703 476 793 535 auch,
809 468 854 527 vel
874 484 1040 545 preconem
1064 469 1241 546 exaggeratis

54 561 251 628 locutionibus,
267 563 311 621 vel
323 565 492 640 populorum
505 563 571 623 fide.
613 566 730 625 Sensim
744 567 806 625 sine
820 585 906 625 sensu
921 585 978 625 non
992 566 1085 644 potuit
1097 585 1172 626 nove
1180 583 1244 625 sen·

55 661 132 719 tentia
144 661 283 731 obtinere,
304 680 367 735 que
380 673 409 720 et
422 663 554 721 sensibus
569 663 701 723 humanis
715 674 744 722 et
756 664 858 722 rationi
881 662 1027 722 videbatur
1037 676 1134 740 aperte
1146 662 1244 722 edver-

55 757 122 815 sari:
144 776 211 817 nam
225 758 304 817 nulla
327 768 371 816 est
394 759 538 817 societatis
563 760 693 819 humane
717 759 853 827 conditio,
888 761 965 819 nulla
990 759 1148 837 ignorantia
1172 759 1243 818 adeo

51 867 198 922 crassa3'nt
208 872 266 915 non
278 856 415 914 sentiatur
428 866 566 930 quantum
580 858 749 934 mysterium
763 857 940 916 eucharistie
962 858 1100 916 rationem
1115 868 1241 934 superet,

50 968 245 1026 sensuumque
259 953 388 1012 relationi
402 960 550 1031 repugnet.
593 954 756 1014 Maximum
767 953 839 1013 toret
852 954 881 1012 in
895 953 994 1013 ordine
1009 954 1108 1013 morali
1124 954 1244 1012 miracu·

45 1047 122 1117 lm,
145 1058 244 1108 contra
266 1069 368 1110 omues
395 1051 474 1128 leges
502 1051 605 1125 quibus
631 1060 767 1129 reguntur
789 1059 913 1119 mentes,
934 1052 960 1109 si
986 1051 1111 1109 universi
1139 1051 1244 1123 ubique

44 1145 189 1208 Ecclesiae
204 1148 338 1218 ministri,
361 1150 452 1222 etqui
467 1149 502 1207 ab
517 1149 649 1208 Ecclesia
671 1150 775 1208 divulsi
788 1160 856 1208 sunt
869 1150 904 1207 eb
918 1149 1043 1223 antiquis
1057 1148 1170 1206 seculis
1184 1166 1245 1206 sec·

43 1256 140 1305 tsrum
154 1266 301 1324 precones
316 1267 367 1325 per
378 1247 504 1306 Orientis
518 1248 660 1325 regiones,
676 1246 763 1308 assde
777 1247 813 1306 de
827 1246 968 1324 symbolis
980 1257 1008 1305 et
1021 1247 1111 1325 signis
1126 1246 1160 1304 ad
1174 1247 1246 1304 veri·

50 1351 138 1401 tatem
150 1344 308 1420 presentie
323 1343 433 1402 Christi
446 1345 574 1421 corporis
589 1342 756 1412 docendam,
773 1345 880 1402 senaim
895 1344 957 1402 sine
969 1362 1057 1401 sensu
1072 1343 1244 1409 transierint,

51 1444 93 1493 et
107 1436 199 1497 lideles
214 1449 243 1497 et
257 1439 370 1498 sectarii
384 1458 433 1497 eos
454 1442 544 1498 secuti
558 1440 616 1497 sint
636 1439 723 1498 duces
749 1440 778 1498 in
798 1458 901 1497 ercano
921 1438 1052 1506 colendo,
1067 1439 1137 1511 quin
1157 1447 1246 1497 muta·

61 1531 141 1592 ‚donis
151 1522 298 1595 ‘doctrine
313 1545 342 1593 et
354 1536 446 1595 cultus
461 1536 549 1595 ullum
571 1546 735 1613 superesset
756 1536 917 1613 vestigium,
940 1536 1011 1594 adeo
1031 1535 1126 1608 utqui
1141 1534 1246 1593 seculo

67 1629 204 1691 annino
215 1633 425 1710 impugnaverit
437 1634 542 1693 realem
557 1633 667 1691 Christi
682 1634 872 1710 presentiam,
888 1633 973 1690 veluti
987 1643 1107 1691 novator
1116 1638 1146 1690 et
1159 1633 1248 1691 heare·

19 1772 25 1781 .
73 1725 136 1797 irus,
148 1731 182 1789 ab
192 1731 268 1789 evita
281 1729 338 1789 lide
348 1729 522 1799 desciscens,
537 1750 554 1788 e
568 1740 627 1788 toto
636 1732 704 1789 orbe
717 1729 871 1788 christiano
886 1729 997 1788 habitus
1011 1730 1058 1787 sit.

106 1830 161 1887 lstt.
185 1826 254 1908 obj.
268 1833 318 1887 28.
341 1828 628 1896 Transubstantiatio,
644 1839 740 1904 utpote
762 1846 857 1904 perse
876 1826 994 1885 absurda
1008 1836 1037 1885 et
1050 1826 1248 1904 impossibilis,

82 1926 175 1985 omnino
188 1924 344 2003 rejicienda
357 1937 412 1995 est,
425 1944 480 1985 nec
494 1925 570 1984 enim
593 1920 722 1983 divinuin
737 1923 841 2000 dogma
861 1941 925 1981 esse
948 1932 1042 2000 potest
1055 1921 1132 1995 quod
1146 1924 1248 1983 rationi
1351 1918 1360 1931 “

83 2032 154 2096 epm
166 2022 340 2083 adversatur.

106 2114 179 2196 dep.
203 2119 328 2187 ¹Quando
350 2119 387 2177 de
401 2119 545 2197 dogmatis¹
557 2118 729 2177 revelatione
750 2116 910 2195 perspicuis
930 2126 1041 2176 constat
1060 2116 1250 2187 documentis,

81 2212 172 2290 inpium
184 2226 230 2275 est
242 2218 380 2276 rationem
393 2218 535 2294 appellare
544 2206 697 2294 judicem:
710 2208 820 2274 constat
833 2226 927 2273 autem
941 2215 1058 2273 omnino
1072 2214 1108 2274 de
1122 2216 1250 2274 transub-

82 2312 234 2373 tundatione
256 2331 295 2373 ex
316 2315 429 2391 publice
449 2315 534 2373 totius
555 2313 697 2372 Ecclesiae
716 2311 854 2378 doctrina,
876 2311 1095 2369 assentientibus
1116 2312 1249 2369 omnibus

81 2406 180 2471 Orientis
187 2412 275 2472 sectis
287 2412 372 2471 etiam
384 2411 601 2486 antiquissimis,
613 2421 642 2468 et
653 2409 871 2487 suffragantibus
881 2408 1010 2485 plurimis
1024 2419 1053 2466 et
1062 2408 1249 2468 lucidissimis

81 2504 206 2587 Scripturas
218 2512 400 2580 testimoniis,
416 2522 446 2569 et
458 2509 649 2569 monumentis
660 2504 802 2586 preclaris
815 2507 971 2565 traditionis
985 2506 1099 2565 divine.
1127 2507 1251 2567 Nullum

81 2604 180 2678 putero
203 2607 373 2685 mysterium
396 2607 550 2684 majoribus
564 2605 697 2682 splendet
710 2604 891 2663 revelationis
912 2604 1035 2661 indiciis.
1055 2666 1058 2670 Δ
1077 2604 1161 2671 Quod
1176 2605 1201 2662 si
1214 2602 1251 2663 de

81 2699 126 2777 ens
142 2704 325 2781 possibilitate
340 2704 480 2782 agendum
497 2704 544 2769 sit,
556 2712 585 2761 et
593 2703 678 2779 juxta
698 2701 815 2761 muniris
834 2699 998 2768 dictamina,
1018 2713 1101 2777 prout
1114 2719 1149 2757 ea
1162 2701 1246 2759 nobis

81 2796 244 2872 defuerint,
256 2801 444 2880 judicandum
456 2801 491 2859 de
506 2801 656 2878 mysterio,
670 2811 765 2859 actum
779 2798 866 2857 estde
881 2799 1062 2857 revelatione.
1103 2799 1254 2876 Sapienter

80 2892 143 2971 lehn
153 2898 223 2960 hanc
233 2899 422 2977 objectionem
433 2898 620 2957 deseruerunt
629 2896 824 2965 Osonienses,
836 2904 902 2973 post
911 2894 1052 2973 dogmatis
1062 2897 1253 2955 novissimum

80 2988 244 3056 diurnium
258 2996 427 3073 insignem.²
466 2995 609 3071 Mysteria
624 2992 767 3053 adoranda
780 2991 941 3061 sunt,haud
955 2993 1063 3051 ratione
1080 2992 1253 3071 vestiganda,
1305 3060 1308 3067 Ι

27 3140 31 3145 .
81 3092 138 3162 qaod
148 3093 247 3155 latetur
258 3095 397 3162 Oosinns,
413 3093 508 3171 placiti
523 3094 568 3152 sui
582 3092 617 3151 de
629 3093 698 3151 reali
713 3091 895 3171 perceptione
917 3090 1025 3150 Christi
1041 3092 1069 3149 in
1084 3091 1254 3151 eucharistia
1273 3092 1302 3165 j

83 3186 211 3250 eteius·

103 3344 138 3417 (Ι)
152 3348 225 3401 Juvat
234 3349 263 3400 ln
274 3365 326 3399 rem
335 3354 443 3399 nosham
454 3346 532 3413 ipsius
542 3346 641 3396 recitare
652 3346 738 3395 verba:
749 3350 765 3376 “
772 3343 828 3393 The
834 3343 941 3394 doctrine
950 3343 979 3393 os
986 3344 1249 3405 Trmsubstentistion,

79 3428 271 3487 herbescentis
281 3435 311 3486 nl
325 3434 367 3484 the
378 3432 484 3497 Trinity‚
494 3433 516 3483 is
533 3448 547 3482 a
558 3430 678 3496 question,
688 3437 732 3480 not
740 3429 769 3478 of
782 3430 886 3478 abstract
895 3428 1032 3491 reasoning,
1043 3430 1086 3477 but
1097 3428 1125 3477 ol
1133 3444 1193 3493 pure
1203 3428 1252 3479 evi·

79 3514 143 3571 lnte
173 3520 224 3571 We
233 3521 327 3571 believe
337 3519 380 3570 the
391 3518 522 3568 revelation
533 3518 562 3566 of
568 3515 624 3566 God
636 3524 661 3566 to
671 3514 822 3565 beessemid
833 3513 880 3564 end
892 3512 1008 3576 nnening
1018 3512 1092 3563 trutb.
1124 3513 1178 3564 Onr
1188 3515 1254 3565 busi-

79 3602 245 3667 thurinis,
255 3612 321 3655 most
334 3604 428 3670 plainly
439 3603 468 3664 is,
479 3612 523 3653 not
539 3609 565 3652 ιο
576 3601 670 3650 dicem
680 3599 722 3649 the
738 3600 842 3648 ebstrsct
860 3596 993 3662 absurdity,
1003 3598 1051 3647 end
1067 3597 1109 3647 the
1130 3598 1253 3661 imagined

10 3718 11 3725 ο
78 3689 281 3743 mess
296 3690 326 3741 ol
340 3687 603 3747 Transnbstentieticn,
618 3687 663 3736 bnt
681 3692 706 3735 ιο
722 3683 818 3748 inquire
840 3682 970 3746 according
990 3689 1015 3733 ιο
1033 3683 1076 3733 the
1097 3685 1149 3735 best
1169 3700 1256 3737 means
1277 3690 1287 3707 ⁹

79 3772 296 3843 'l‘trhrrspessess
312 3776 421 3827 whether
431 3777 481 3827 itbe
492 3774 605 3826 indeede
621 3771 729 3823 doctrine
747 3771 776 3821 of
783 3769 851 3835 Holy
864 3770 995 3835 Scriptnre.
1029 3770 1055 3821 tr
1067 3772 1189 3823 sufficient
1199 3775 1255 3825 evis

10 3893 16 3906 ·
79 3856 138 3915 bes
149 3864 209 3917 shall
220 3865 353 3917 dommine
370 3863 432 3915 such
452 3871 477 3914 to
493 3864 524 3913 be
544 3861 585 3912 the
595 3877 658 3920 cess,
670 3876 707 3911 vve
718 3874 776 3923 may
792 3859 823 3909 be
834 3873 890 3908 sure
900 3857 1002 3907 thatthe
1012 3858 1119 3911 doctme
1130 3860 1152 3910 is
1163 3861 1257 3913 ndthsr

81 3948 151 4001 hrd
158 3968 203 4003 nor
212 3951 389 4016 contradictory
399 3968 406 3999 τ
424 3950 447 4000 is
453 3950 495 4000 the
505 3948 621 3998 evidence
630 3948 661 3998 be
677 3945 833 4007 insufficient,
844 3961 883 3995 we
899 3943 993 4009 require
1003 3952 1048 3995 not
1056 3944 1098 3995 the
1108 3945 1148 3995 eid
1158 3947 1187 3997 os
1202 3948 1258 3999 irre·

81 4032 145 4087 ht
152 4037 253 4089 ahsbact
262 4036 401 4100 rsesoning,
412 4035 448 4085 for
459 4051 497 4086 vve
508 4034 566 4084 then
577 4034 651 4100 reject
670 4032 713 4082 the
729 4029 838 4082 doctrine
854 4031 957 4080 became
968 4045 1006 4080 vve
1020 4029 1083 4079 beve
1094 4046 1127 4080 no
1137 4032 1259 4083 sufficient

84 4116 178 4173 “ihtes
187 4123 216 4172 ol
230 4122 263 4173 its
278 4122 353 4173 truth.
387 4120 520 4182 Receiving
530 4119 572 4170 the
583 4118 706 4185 Scriptnre
722 4134 750 4168 as
760 4116 802 4185 the
819 4115 935 4166 inlellibls
951 4114 1018 4165 vvord
1029 4115 1058 4165 ol
1065 4115 1128 4177 (iod,
1140 4117 1187 4167 end
1206 4134 1259 4182 pre·

84 4204 140 4265 Μ
147 4206 204 4259 viu
214 4208 292 4258 entire
301 4206 446 4272 prostration
458 4206 487 4257 cf
493 4205 562 4255 mind
574 4213 599 4255 ιο
610 4204 687 4254 admit
695 4203 735 4253 his
746 4201 912 4261 declaratione,
925 4198 938 4250 1
950 4199 1012 4251 shall
1023 4217 1079 4251 erer
1090 4202 1195 4251 contend
1206 4202 1260 4252 thet

87 4282 221 4343 &berne
230 4294 260 4341 οἰ
271 4291 535 4351 Trsnsnbstantietion,
546 4290 595 4340 like
605 4289 647 4339 the
658 4287 766 4339 doctrine
777 4285 806 4337 ol'
812 4285 854 4336 the
865 4284 971 4351 Trinity,
982 4285 1003 4336 is
1015 4302 1030 4336 s
1040 4287 1152 4350 question
1163 4288 1191 4336 ol
1198 4302 1259 4352 pure

89 4370 200 4427 Μ”
231 4376 318 4437 Faber,
330 4376 477 4427 Difficulties
488 4375 517 4425 ol
525 4374 676 4434 Romenisnt,
687 4389 709 4423 c.
720 4372 752 4422 iv.

117 4459 149 4525 Φ)
162 4460 230 4515 “uit
238 4480 318 4517 seems
326 4464 465 4529 impossible
476 4464 528 4513 thet
544 4463 585 4512 the
595 4461 657 4511 flesh
674 4460 702 4509 ol
715 4458 821 4509 Gesner
833 4457 921 4509 should
931 4456 1045 4516 descend,
1053 4456 1101 4507 end
1111 4473 1181 4507 come
1192 4468 1217 4507 to
1229 4461 1259 4508 bs

94 4542 328 4613 Wffilhmghec
338 4559 405 4613 green
415 4549 565 4608 sdistencer
582 4563 618 4597 vve
630 4554 696 4597 must
709 4545 846 4607 remember
860 4543 918 4595 horr
934 4542 1010 4595 much
1026 4541 1068 4592 the
1083 4558 1164 4607 porvsr
1175 4545 1203 4592 ol
1218 4546 1261 4596 tlte

164 4650 226 4714 Vos.
237 4656 370 4716 tlt-ts
