2774 5056
464 199 481 231 0

94 312 154 368 ‘m
413 306 471 415 Du
491 304 714 366 sscsslrlcll
734 304 962 381 VERITATE.

59 477 63 485 “
134 470 185 527 60.
208 465 275 545 Obj.
292 469 321 524 9.
337 466 455 526 Petrum
476 464 552 524 dicta
569 464 703 523 sacrificii
726 466 818 523 crucis
834 463 1126 542 representationem,
1142 480 1207 537 quae
1220 462 1303 522 utili-

95 573 167 623 tates
181 582 281 623 omncs
296 563 364 621 novi
377 562 511 620 sacrificii
524 562 607 621 uobis
621 560 729 630 afferet,
744 572 853 620 tantum
867 560 1030 619 ostendunt.

133 660 223 740 Resp.
245 661 469 738 Repraeseutatio
478 678 563 734 quam
578 668 704 718 statuunt
717 670 811 736 patres
820 670 865 718 est
878 659 927 718 illa
935 677 1000 732 quas
1012 659 1045 716 fit
1055 676 1176 736 corpore
1188 668 1217 716 ot
1232 676 1301 719 ssu·

97 761 183 839 guise
195 759 314 827 Christi,
327 758 381 816 sub
391 758 542 835 speciebus
553 758 813 826 sacramentalibus,
826 756 890 816 Deo
902 756 980 814 Patri
988 755 1100 815 oblatis.
1142 756 1199 815 Est
1208 756 1301 834 igitur

97 874 195 916 verum
209 865 238 914 et
249 856 395 934 proprium
404 855 585 923 sacrificium,
596 856 663 928 quia
673 854 774 913 eadem
786 853 904 913 offertur
912 854 1029 913 victima
1037 872 1071 912 so
1082 853 1113 912 in
1123 872 1219 921 cruce,
1233 853 1300 912 sola

95 934 234 1013 offerendi
248 954 356 1012 ratione
371 952 494 1011 diversa.
516 951 602 1019 Quod
616 953 641 1010 si
651 971 729 1010 mera
743 952 815 1010 foret
829 952 1051 1028 repraesentatio,
1064 951 1210 1009 tolleretur
1221 951 1298 1010 ratio

96 1053 156 1111 veri
169 1052 310 1120 sacrificii,
323 1070 408 1124 quam
423 1061 520 1109 tamen
529 1050 646 1128 plurimi
660 1050 813 1127 Anglicani
824 1049 987 1126 praedicant.
1014 1050 1047 1108 Si
1063 1059 1158 1108 autem
1167 1048 1254 1126 penis
1270 1058 1301 1107 et

94 1151 192 1211 dnum
206 1149 366 1209 dicerentur
378 1149 550 1207 sacrificium
564 1147 746 1216 constituere,
760 1147 818 1205 duo
831 1147 924 1206 forent
934 1148 1083 1215 sacrificis,
1095 1146 1207 1205 scilicet
1221 1146 1297 1206 illud

93 1249 197 1316 crucis,
212 1256 242 1306 ct
255 1247 372 1305 alterum
385 1245 615 1314 eucharisticum,
628 1245 725 1304 abillo
738 1245 823 1320 plane
834 1245 989 1313 diversum,
1002 1244 1110 1321 quippe
1122 1261 1183 1302 uon
1193 1242 1299 1303 eadem

94 1345 167 1404 foret
190 1345 312 1404 victima.
357 1345 499 1403 Praeterea
521 1345 709 1402 tribuerentur
730 1343 797 1419 paui
820 1354 849 1400 et
875 1343 951 1410 vino,
975 1352 1123 1414 tamquam
1147 1341 1298 1417 symbolis

94 1442 223 1520 corporis
239 1454 268 1500 et
281 1441 428 1518 sauguinis
444 1439 564 1508 Christi,
580 1459 613 1498 ea
627 1458 692 1513 quc
706 1439 822 1498 nonnisi
836 1439 892 1516 ipsi
907 1439 1022 1517 corpori
1043 1457 1096 1516 pro
1116 1438 1200 1496 uobis
1217 1437 1299 1508 dato,

93 1541 150 1618 ipsi
165 1541 297 1617 sanguini
312 1559 364 1618 pro
376 1539 458 1597 nobis
473 1539 548 1606 suso,
564 1539 686 1596 tribuere
700 1538 743 1597 fas
757 1547 811 1596 est.

130 1643 181 1698 61.
207 1636 275 1716 obj.
292 1642 338 1695 10.
361 1638 393 1695 S.
419 1636 547 1695 Joannes
570 1635 799 1713 chrysostomus
821 1637 876 1694 nit:
900 1633 1006 1704 “Quid
1030 1632 1097 1694 verb
1122 1653 1220 1694 nonne
1241 1654 1299 1695 nos

93 1734 219 1809 quotidie
234 1735 402 1793 offenmust
417 1734 565 1793 offerimus
579 1732 707 1808 quidem,
722 1733 774 1792 sed
788 1735 851 1811 ejus
866 1745 987 1793 mortem
1002 1751 1170 1792 revocamus
1184 1733 1217 1792 in
1236 1751 1298 1793 me·

93 1831 232 1892 moriam:
255 1830 358 1888 ethaec
372 1831 477 1889 oblatio
490 1849 548 1888 una
561 1840 614 1899 est,
630 1848 687 1889 non
703 1830 809 1897 multas,
824 1830 960 1903 quonism
975 1829 1065 1888 semel
1077 1837 1123 1886 est
1136 1829 1299 1889 oblatus.”²

132 1927 222 2006 Resp.
245 1928 338 1987 Diluit
352 1928 603 2004 prestantissimus
618 1927 666 1986 ille
687 1927 771 1986 Pauli
785 1927 924 2004 interpres
945 1925 1143 1985 difficultatem
1157 1925 1193 1985 de
1207 1928 1297 1987 unica

95 2025 247 2094 oblatione,
273 2027 380 2083 docens
403 2024 596 2098 quotidianam
621 2024 795 2083 oblationem
820 2042 885 2083 esse
901 2025 1001 2100 ipsam
1024 2021 1115 2081 semel
1137 2022 1242 2083 factam
1263 2025 1296 2082 in

94 2141 191 2190 cruce,
206 2140 269 2196 quae
286 2123 312 2179 in
328 2121 495 2181 memoriam
511 2130 668 2188 revocatur,
683 2130 712 2177 et
725 2120 890 2178 celebratur.
926 2120 1056 2179 Mentem
1071 2137 1154 2177 suam
1168 2118 1295 2179 dilucide

94 2219 236 2297 explicat:
260 2218 433 2291 “siquidem
448 2217 570 2276 eundem
585 2235 700 2295 semper
713 2216 877 2285 offarimos3
900 2217 956 2276 hoc
969 2226 1023 2286 est,
1039 2235 1098 2276 non
1119 2217 1190 2275 alias
1203 2234 1293 2278 ovem

94 2316 219 2384 alteram,
235 2317 303 2374 alias
318 2316 413 2383 aliem,
429 2315 479 2373 sod
491 2315 622 2373 eamdem
637 2325 790 2392 perpetuo:
807 2315 902 2388 itaque
915 2315 1031 2373 unicum
1046 2325 1091 2373 est
1105 2314 1295 2375 sacrificium.

94 2413 238 2481 Quoniam
253 2413 351 2472 multis
367 2413 396 2470 in
410 2412 484 2471 locis
497 2411 624 2480 offertur,
639 2410 760 2469 multine
781 2421 848 2469 sunt
861 2411 994 2470 Christil
1016 2428 1218 2485 nequaquam:
1242 2412 1295 2471 sed

94 2529 168 2568 unus
183 2511 288 2584 ubique
305 2510 450 2569 Christus.
493 2508 646 2576 Quomodo
659 2527 727 2586 crgo
749 2508 845 2566 multis
860 2509 890 2566 in
911 2508 983 2566 locis
1004 2507 1126 2574 oblatus,
1144 2526 1236 2567 unum
1251 2519 1297 2568 est

93 2626 207 2683 corpus,
221 2625 279 2663 non
303 2607 390 2663 multa
410 2624 546 2681 corpora;
569 2606 607 2662 ita
626 2606 702 2662 enim
724 2623 814 2662 unum
837 2615 880 2661 est
903 2604 1106 2663 sacrificium.‘'
1148 2605 1295 2664 Memoria

94 2703 226 2759 recolitur
245 2702 398 2776 passionis,
414 2719 481 2757 vero
496 2711 590 2757 tamen
606 2700 699 2757 oblato
720 2700 871 2768 sacrificio,
894 2719 951 2773 quo
973 2701 1087 2759 victima
1100 2700 1201 2760 eadem
1224 2721 1296 2779 prae·

94 2817 160 2856 sens
176 2798 294 2863 sistitur,
304 2809 333 2854 et
348 2797 412 2854 Deo
427 2797 554 2854 offertur.
578 2797 626 2855 Sic
641 2796 709 2854 alias
725 2796 812 2855 dicit:
836 2808 855 2834 ‘⁶
868 2799 972 2856 Mensa
983 2800 1107 2875 mystica
1120 2810 1218 2875 parata
1233 2811 1293 2868 est;

93 2907 122 2954 et
135 2898 235 2971 Agnus
252 2895 306 2952 Dei
321 2913 372 2970 pro
388 2904 414 2951 te
430 2894 602 2951 immolatur.
630 2893 769 2951 Sacerdos
782 2914 834 2972 pro
850 2907 876 2952 te
889 2896 1009 2972 angitur,
1026 2897 1100 2972 ignis
1116 2897 1255 2972 spiritalis
1277 2915 1293 2954 e

98 3012 177 3052 sacra
192 3012 291 3051 mensa
311 2993 445 3067 erumpit,
469 2992 627 3050 Cherubim
650 2992 770 3061 adstant,
787 2995 939 3070 Seraphim
961 2994 1105 3062 advolant,
1121 2997 1291 3073 et·Spiritus

93 3109 145 3148 sex
159 3091 217 3147 alas
238 3089 373 3146 habentes
396 3088 498 3145 faciem
520 3099 635 3164 tegunt3
662 3108 763 3146 omnes
778 3091 953 3167 incorporeae
969 3091 1086 3148 virtutes
1109 3102 1204 3167 prote
1227 3111 1291 3150 cum

92 3185 238 3245 sacerdote
260 3185 452 3252 intercedunt3
474 3186 548 3262 ignis
563 3186 698 3263 spiritalis
713 3205 728 3244 e
743 3187 817 3246 coelo
838 3187 1003 3256 descendit;
1025 3207 1151 3246 seucum
1167 3209 1201 3247 nu
1223 3209 1292 3248 onn-

92 3304 170 3344 usus
186 3303 218 3343 1n
233 3302 315 3342 sunu
330 3302 586 3341 rummcnuiousiu
601 3302 641 3341 nx
655 3303 848 3342 runacuunuo
863 3304 979 3343 cassim
995 3305 1125 3344 nsausus
1139 3287 1246 3346 'susm’'⁹

132 3387 180 3440 6⁴2.
207 3380 272 3458 Otj.
292 3385 337 3438 ll.
360 3381 539 3456 Augustinus
560 3381 646 3437 dicit:
671 3381 770 3438 “Hoc
788 3393 831 3438 est
852 3382 1022 3440 sacrificium
1046 3383 1293 3453 Christianorum,

92 3480 172 3537 multi
187 3498 273 3536 uuum
291 3497 390 3535 sumus
405 3478 434 3534 in
457 3475 592 3535 Christo:
616 3476 702 3543 Quod
723 3478 807 3535 etism
830 3479 1013 3536 Sacramento
1035 3478 1130 3536 altaris
1157 3479 1300 3539 fidelibus

91 3589 159 3635 noto
174 3577 332 3649 frequentat
346 3575 488 3642 Ecclesia,
503 3576 552 3632 ubi
567 3576 593 3632 ei
608 3575 827 3643 demonstratur,
844 3576 920 3648 quod
935 3577 965 3633 in
986 3595 1021 3633 ea
1034 3577 1179 3636 oblatione
1202 3599 1293 3652 quam

92 3673 176 3732 offert
188 3674 251 3748 ipsa
265 3672 441 3730 offeratur.'’³
470 3673 599 3749 Mystica
612 3673 698 3749 igitur
711 3674 816 3731 oblatio
830 3674 999 3731 eucharistia
1010 3686 1063 3742 est,
1077 3675 1107 3732 iu
1121 3694 1180 3748 qua
1191 3677 1309 3737 fideles

92 3788 192 3829 omnes
208 3770 325 3827 Christo
341 3789 372 3827 se
388 3772 483 3828 animo
498 3772 684 3847 conjungunt,
700 3784 732 3828 ut
746 3772 809 3831 Deo
825 3771 892 3828 dent
907 3771 1055 3829 honorem.

129 3866 218 3945 Resp.
242 3869 358 3944 Optime
374 3869 465 3927 haeca
485 3869 620 3945 praeclaro
636 3870 750 3927 doctore
766 3870 907 3937 dicuntur,
925 3879 957 3926 ut
970 3869 1073 3927 doceat
1087 3883 1222 3947 oportere
1240 3893 1309 3933 nos

92 3965 220 4024 victimas
235 3966 298 4023 Deo
314 3965 425 4034 offerre,
441 3984 506 4023 cunr
522 3966 613 4042 capite
628 3977 735 4034 nostro,
752 3967 798 4023 cui
819 3965 1031 4042 conjungimur,
1047 3967 1321 4046 divinojruentes

90 4063 231 4123 convivio.
275 4064 419 4129 Quantum
443 4064 528 4122 lateat
552 4083 685 4121 arcanum
711 4064 816 4122 indicat
841 4065 1018 4142 Augustinus
1046 4072 1065 4101 ‘⁶
1080 4065 1307 4129 Sncnsusuw

89 4179 214 4220 suusms
229 4179 385 4228 iussimus
400 4161 508 4228 uouo‚'’
522 4179 575 4220 nec
596 4161 673 4220 enim
689 4171 779 4219 totum
802 4181 885 4226 suum
907 4181 1023 4220 sensum
1046 4163 1081 4220 de
1096 4181 1132 4221 eo
1154 4183 1312 4242 promen>v

89 4257 187 4318 voluit.
233 4258 376 4316 Caeterum
404 4259 470 4317 licet
497 4259 630 4318 Ecclesia
651 4259 715 4317 Deo
736 4259 838 4318 offerat
860 4278 892 4317 se
925 4279 990 4318 cum
1012 4261 1105 4337 capite
1127 4280 1194 4333 suo,
1224 4265 1312 4341 ipse

392 4455 434 4520 (l)
453 4454 529 4506 Hom.
537 4455 596 4506 xvii.
607 4456 633 4506 in
644 4471 682 4522 ep.
694 4454 724 4506 cd
736 4455 811 4506 Hebr.

391 4537 433 4603 (2)
452 4537 528 4587 Hom.
535 4537 569 4587 ix.
579 4538 609 4587 de
620 4538 776 4588 Pteniteutia.

389 4623 432 4688 (3)
452 4621 482 4672 L.
494 4639 518 4673 x.
526 4622 556 4672 ds
565 4622 611 4674 civ.
622 4623 678 4674 Dei.
690 4640 711 4674 c.
724 4623 760 4672 vi.
