2774 5056
138 321 199 378 200
390 314 446 375 DE
467 312 689 374 arcumen
709 314 1086 375 PROPRIETATIBUS.

178 480 228 535 78.
253 474 320 554 obj.
335 479 364 532 2.
386 473 593 550 Blasphemum
608 482 654 533 est
666 474 837 531 sacrificium
852 473 1074 532 eucharisticum
1089 472 1206 534 Christi
1218 477 1251 535 in
1262 496 1351 537 cruce

140 571 281 631 sacrificio
290 570 449 644 adaequare,
458 568 535 644 quod
543 579 638 628 tamen
646 569 679 627 fit
687 568 755 629 dum
762 580 913 643 utrumque
924 569 1152 646 propitiatorium
1162 573 1349 649 praedicatur.

175 669 265 748 Resp.
287 668 360 728 Illud
374 670 447 728 inter
459 678 610 740 utrumque
625 667 772 726 intercedit
785 667 950 736 discrimen,
963 666 1040 741 quod
1056 670 1183 744 pretium
1199 673 1232 730 iu
1255 691 1346 732 cruce

136 767 261 828 solutum
273 766 320 834 sit,
335 764 412 840 quod
433 765 515 824 nobis
529 764 561 823 in
575 764 747 823 eucharistia
766 765 934 841 applicatur.
977 764 1070 841 igitur
1094 765 1170 825 nihil
1185 767 1345 847 derogatur

137 862 232 920 virtuti
245 862 321 921 illius
341 861 492 928 sacrificii3
513 878 578 934 quae
591 879 607 918 e
622 872 718 919 contra
733 859 901 937 predicatur
920 861 1033 934 quoties
1055 861 1220 922 celebratur
1235 866 1345 926 eucha-

137 959 226 1028 ristia,
240 968 271 1017 ut
285 959 392 1017 tructus
408 958 492 1016 nobis
506 956 573 1015 inde
589 957 768 1034 proveniant

175 1058 226 1113 79.
250 1052 318 1133 obj.
331 1059 359 1112 3.
381 1053 445 1113 Prae
459 1052 544 1111 unica
556 1052 699 1111 oblatione
712 1053 805 1111 crucis
820 1052 993 1126 quotidianae
1006 1062 1036 1111 et
1060 1056 1224 1115 innumerae
1241 1057 1348 1117 hostiae

135 1152 344 1230 propitiationis
358 1151 507 1218 habentur,
521 1149 693 1208 eucharistia
706 1151 903 1226 propitiatorio
917 1152 1059 1241 sacrificio
1073 1153 1185 1231 agnita.

174 1249 265 1329 Resp.
287 1250 381 1309 Unica
393 1259 438 1307 est
457 1247 667 1325 propitiationis
684 1247 811 1316 victima,
826 1249 919 1308 semel
931 1250 1088 1321 immolata,
1106 1253 1260 1330 sanguinis
1276 1253 1350 1312 effu-

136 1350 230 1418 sione,
244 1348 297 1407 sed
312 1349 341 1406 in
356 1348 494 1424 mysterio
508 1346 670 1423 sepissime
685 1347 788 1405 oblata.

178 1452 227 1506 80.
253 1445 320 1525 obj.
336 1453 365 1503 4.
389 1447 463 1512 Quae
477 1444 512 1502 ed
527 1443 727 1503 adstruendam
748 1445 973 1521 propitiatoriam
993 1447 1051 1505 vim
1072 1447 1257 1508 eucharistia
1272 1450 1341 1509 alle·

134 1553 245 1622 gantur,
259 1541 443 1619 intelligenda
454 1549 522 1600 sunt
534 1539 570 1598 de
583 1541 832 1618 representatione
847 1542 980 1600 sacrificii
994 1545 1098 1613 crucis,
1111 1555 1141 1603 et
1154 1544 1191 1603 de
1204 1549 1342 1606 oratioue

135 1661 199 1717 quae
213 1641 331 1700 offertur
345 1641 408 1716 ejus
423 1638 586 1697 occasione.

171 1738 261 1817 Resp.
283 1735 464 1794 Testimonia
485 1746 544 1793 tum
567 1734 731 1810 Scriptura,
754 1744 814 1794 tum
836 1746 958 1813 patrum,
973 1749 1034 1797 tum
1056 1739 1255 1818 Liturgiarum
1281 1742 1341 1801 vim

133 1836 229 1897 Deum
244 1833 375 1912 placandi
388 1833 577 1892 eucharistico
590 1832 732 1891 sacrificio
746 1833 841 1892 inesse
857 1835 992 1911 probant:
1018 1836 1147 1914 placatur
1167 1848 1266 1898 autem
1282 1858 1343 1898 nou

133 1952 208 2013 pane
222 1943 251 1992 et
263 1933 340 2000 vino,
356 1940 500 2004 tamquam
513 1929 666 2008 symbolis,
680 1928 733 1988 sed
747 1949 866 2008 corpore
880 1943 908 1990 et
922 1935 1063 2010 sanguine
1078 1934 1148 1993 Filii
1163 1937 1222 1994 sui.
1271 1936 1340 2006 llis,

133 2049 192 2090 non
206 2029 336 2096 orationi,
351 2026 498 2086 tribuenda
511 2036 555 2085 est
569 2026 611 2084 ris
626 2025 767 2103 purgandi
780 2027 892 2097 delicta,
908 2030 1043 2103 quamvis
1057 2031 1149 2090 oratio
1164 2050 1234 2092 curn
1254 2033 1342 2092 sacri-

135 2127 204 2187 ficio
217 2127 369 2204 conjuncta
383 2142 515 2201 magnam
529 2122 632 2181 habeat
646 2121 714 2180 rim.

171 2468 221 2523 81.
243 2460 430 2522 Ostendimus
452 2458 673 2519 eucharisticum
697 2458 870 2517 sacrificium
896 2477 962 2517 esse
985 2460 1250 2539 propitiatoriam,
1266 2463 1341 2538 quod

132 2573 227 2620 tamen
252 2582 309 2620 non
331 2561 369 2617 ita
389 2571 432 2617 est
446 2557 644 2633 accipiendum
666 2557 744 2614 acsi
766 2557 828 2633 ejus
850 2557 993 2616 oblatione
1014 2560 1181 2619 tollerentur
1204 2571 1334 2638 peccata.

131 2660 229 2726 Quum
245 2658 378 2715 Christus
392 2656 526 2731 baptismi
541 2666 570 2712 et
590 2655 763 2730 poenitentiae
785 2670 961 2714 sacramenta
975 2658 1005 2714 in
1027 2668 1214 2732 peccatorum
1238 2660 1339 2717 remis·

133 2757 245 2814 sionem
260 2756 421 2820 instituerit,
437 2754 472 2809 iis
487 2762 579 2810 utatur
592 2771 711 2810 necesse
725 2761 770 2809 est
784 2755 831 2825 qui
847 2754 920 2813 hanc
935 2756 1015 2832 cupit
1036 2759 1188 2830 consequi.
1234 2759 1335 2815 Missa

133 2854 239 2913 oblatio
254 2852 370 2929 prodest
383 2851 526 2926 baptizato
549 2850 658 2907 homiui
672 2859 704 2907 ut
717 2851 812 2926 gratiae
835 2864 1026 2926 consequatur
1046 2855 1164 2922 auxilia,
1181 2857 1288 2928 quibus
1305 2854 1337 2913 ad

133 2951 186 3009 rite
201 2948 415 3024 suscipiendum
431 2946 603 3023 poenitentiae
619 2947 834 3005 Sacramentum
849 2948 1027 3025 disponatur.
1064 2951 1234 3012 Venialium
1248 2953 1338 3030 culpa·

133 3065 197 3104 rum
212 3044 345 3102 remissio
355 3046 440 3100 etiarn
456 3061 490 3098 ea
503 3041 655 3109 obtinetur,
671 3043 745 3100 sicut
764 3055 793 3100 et
813 3044 925 3120 plenior
945 3047 1130 3106 remissorum
1153 3061 1334 3126 peccatorum

133 3140 319 3219 indulgentia.

109 3305 111 3310 y
171 3247 219 3300 82.
243 3240 320 3297 Toto
335 3238 407 3296 coelo
422 3238 550 3294 aberrant
564 3237 715 3313 Anglicani
729 3239 859 3297 nonnulli
875 3241 924 3313 qui
939 3242 1140 3302 eucharistiam
1157 3246 1328 3304 sacrificiunt

131 3339 360 3420 propitiatorium
375 3347 572 3413 agnoscentes,
596 3338 727 3411 precibus
749 3356 811 3410 qua
834 3340 896 3414 ejus
918 3339 1071 3398 offerendae
1094 3344 1250 3402 occasione
1270 3345 1328 3401 fun·

131 3438 237 3497 duntur
251 3434 423 3514 propitiandi
437 3435 494 3491 vim
510 3434 635 3490 tribuunt
645 3438 667 3490 :1
682 3454 746 3492 nam
768 3454 805 3492 ex
821 3436 883 3511 ipsa
898 3437 1108 3514 propitiationis
1118 3439 1230 3513 hostia,
1248 3442 1288 3500 uti
1302 3457 1335 3499 ex

133 3535 247 3612 Oyrillo
262 3534 424 3599 didicimus,
440 3549 557 3608 precum
572 3530 685 3588 illarum
700 3532 743 3588 vis
759 3531 909 3591 derivatur.

170 3636 218 3689 83.
242 3632 294 3687 Vis
309 3628 503 3707 propitiatoria
517 3627 651 3685 sacrificii
665 3628 844 3687 eucharistici
860 3648 897 3687 ex
913 3632 1044 3706 precibus
1060 3652 1123 3706 quae
1147 3654 1200 3712 pro
1217 3634 1327 3694 deiunc-

131 3728 167 3787 tis
181 3747 215 3785 ea
228 3729 378 3786 occasione
399 3724 555 3783 tunduntur
577 3724 685 3801 optime
707 3724 859 3801 colligitur.
902 3725 961 3783 Res
976 3738 1020 3785 est
1045 3728 1122 3805 apud
1145 3729 1327 3789 Osonieuses

129 3886 211 3938 rificed
225 3885 310 3948 aguin;
328 3885 364 3934 for
375 3901 390 3933 a
401 3882 515 3932 Sacrifica
526 3881 600 3943 being
611 3897 644 3931 an
661 3881 742 3932 action
754 3882 818 3931 done
827 3881 853 3932 in
865 3883 1043 3934 successiones
1056 3887 1115 3936 time
1127 3895 1221 3938 cannot
1232 3891 1262 3939 be
1273 3887 1333 3940 douc

129 3973 172 4023 the
180 3970 270 4021 second
282 3971 347 4028 time,
357 3969 432 4031 being
443 3983 504 4017 once
513 3966 584 4024 done,
591 3967 695 4016 because
706 3967 765 4017 then
777 3968 796 4016 it
807 3967 895 4017 should
908 3976 952 4017 not
963 3969 1025 4020 have
1037 3973 1099 4022 been
1111 3972 1176 4022 done
1187 3975 1282 4025 before:
1298 3975 1335 4022 but
1351 3973 1378 4017 :l

130 4059 234 4109 because
244 4056 285 4106 the
293 4054 407 4103 Sacrifica
419 4053 447 4102 of
461 4052 544 4102 Christ
556 4051 577 4100 is
584 4052 744 4116 represented,
756 4055 960 4104 commemorated
971 4056 1020 4105 and
1032 4058 1137 4122 applied,
1149 4060 1182 4122 by
1194 4059 1332 4120 celebrating
1351 4070 1378 4113 2

131 4143 181 4197 end
192 4142 315 4204 receiving
326 4141 367 4189 the
379 4132 521 4190 Sacrament
533 4138 615 4187 which
632 4139 653 4187 is
665 4139 717 4188 that
729 4138 867 4205 Sacrifico.’'
902 4141 917 4190 J
919 4149 959 4192 ust
968 4144 1082 4206 Weights
1091 4146 1141 4195 and
1152 4145 1286 4207 Measuros,
1295 4159 1330 4210 pp·
1345 4172 1378 4188 ι

134 4233 201 4281 95-6.
210 4228 275 4294 apud
283 4227 445 4283 Oxonienses,
456 4231 517 4275 tract
529 4225 570 4274 at.
582 4240 606 4288 p.
620 4226 676 4273 179.

167 4317 210 4384 (1)
229 4314 314 4363 “This
326 4312 373 4362 seli
381 4327 448 4361 same
458 4326 546 4375 prayer
557 4311 584 4359 in
593 4309 683 4368 which,
691 4309 798 4372 through
810 4309 851 4360 the
862 4309 934 4376 Body
947 4312 995 4361 and
1007 4312 1087 4363 Blood
1099 4315 1128 4364 os
1142 4315 1250 4383 Cantas
1263 4329 1378 4382 repre-

131 4403 217 4454 sented
228 4418 261 4452 on
272 4400 314 4450 the
325 4400 392 4458 altar,
403 4394 459 4446 Gon
472 4397 493 4446 is
505 4397 627 4447 entreated
639 4405 664 4446 to
681 4398 711 4445 be
729 4396 863 4461 propitious
881 4404 906 4446 to
919 4415 955 4457 us,
968 4399 1017 4447 and
1034 4401 1127 4450 bestow
1146 4419 1216 4467 upon
1232 4419 1287 4454 men
1302 4396 1378 4450 uL

133 4492 196 4554 good
208 4490 299 4551 things,
310 4487 332 4536 is
343 4485 396 4536 that
407 4490 413 4513 ‘
424 4483 583 4549 propitiatory
595 4482 726 4543 Sacrifice,'
744 4500 771 4533 or
788 4484 929 4548 ‘unbloody
941 4486 1102 4538 immaoltion’
1115 4489 1165 4540 and
1182 4491 1378 4556 propitiatooe

132 4576 254 4636 Sacrifico,
264 4575 291 4624 of
304 4575 416 4629 Caussa,
428 4571 457 4620 of
466 4570 547 4623 which
559 4587 616 4635 very
630 4571 742 4634 frequent
753 4571 864 4620 mention
876 4587 962 4621 occurs
973 4572 1000 4622 in
1011 4572 1053 4622 the
1065 4573 1178 4639 writings
1190 4577 1219 4626 of
1226 4577 1265 4627 the
1276 4573 1378 4635 holfl

132 4660 266 4712 Fsthers.''
301 4659 381 4709 Grabe
393 4657 448 4711 Mu
459 4656 603 4709 aduersario
615 4658 681 4722 apud
690 4658 853 4717 Oxonienses,
865 4674 888 4724 p.
901 4661 960 4707 377.
