2812 5062
158 308 195 366 14
591 310 918 374 PROLEGOMENA.

156 478 291 528 mentum
306 471 381 548 regis
395 469 565 529 abscondere
583 473 691 532 bonum
713 471 802 541 est,'’¹
815 484 842 532 et
856 473 931 551 apud
950 472 1088 534 Paulum:
1111 483 1130 511 ‘⁶
1141 472 1279 552 Magnum
1293 479 1341 530 est

154 566 266 642 pietatis
281 567 540 627 Sacramentum.’'¹
573 569 693 647 Signum
708 569 853 643 quodlibet
866 589 976 629 sacrum
997 572 1082 630 etism
1104 573 1255 650 significat,
1268 589 1340 644 quaa

155 672 271 738 propter
292 664 384 721 crucis
408 664 522 740 signum
545 665 591 748 ita·
605 665 761 742 appellatur
784 666 818 723 ab
839 667 1022 743 Augustino.⁸
1062 666 1107 725 De
1121 668 1222 726 veteris
1237 667 1341 724 Testa·

155 760 245 818 menti
257 761 357 819 ritibus
371 779 406 820 eo
420 762 479 820 fere
498 780 584 821 seusu
607 762 762 832 adhibetur,
784 765 890 841 quippe
910 766 959 839 qui
980 766 1042 843 typi
1061 766 1173 824 suerunt
1191 777 1221 824 et
1239 765 1340 842 figurae

153 856 356 934 redemptionis
370 859 470 918 future
484 877 536 936 per
556 859 664 918 Christi
685 873 815 919 mortam.
857 862 914 920 Sed
935 881 1020 922 sensu
1034 864 1166 921 strictiori
1179 881 1338 921 sacramen·

152 963 213 1013 tum
228 966 272 1013 est
284 956 353 1014 ritus
368 957 485 1033 gratiam
499 957 600 1017 suimoe
614 958 779 1034 impertiens
791 963 814 1015 :⁴
836 958 931 1017 Greci
944 958 1072 1030 μυστήριον
1086 970 1195 1018 vocant.

193 1056 222 1111 t.
244 1053 384 1112 Extitisse
396 1055 430 1112 ab
444 1055 516 1132 ipsis
530 1057 642 1132 generis
652 1056 770 1114 humani
782 1057 941 1134 primordiis
952 1058 1035 1116 ritum
1046 1058 1168 1132 aliquem
1180 1076 1237 1132 quo
1250 1057 1338 1115 veluti

152 1151 341 1208 instrumento
356 1169 426 1208 usus
440 1161 483 1208 est
505 1150 585 1209 Deus
596 1149 636 1209 ad
659 1149 862 1228 indulgentiam
887 1153 996 1229 pcccati
1018 1153 1135 1231 originis
1160 1150 1337 1212 tribuendam

153 1247 271 1324 conjicit
283 1248 472 1324 Augustinus,
487 1265 522 1307 eo
544 1248 620 1321 quod
634 1248 714 1306 Deus
728 1248 788 1307 suis
808 1250 836 1307 in
852 1268 880 1306 re
895 1248 966 1307 adeo
987 1249 1145 1308 necessaria
1164 1249 1264 1308 deesse
1278 1266 1338 1305 non

152 1344 190 1400 sit
204 1342 374 1401 censendus.
415 1345 534 1402 Abrahae
544 1345 657 1422 jussum
673 1354 717 1402 est
738 1355 767 1402 ut
780 1345 994 1403 circumcideret
1005 1365 1037 1403 se
1057 1364 1192 1419 suosque,
1207 1346 1237 1403 in
1250 1343 1339 1403 scede-

151 1440 190 1497 ris
205 1458 270 1498 cnm
285 1439 348 1497 Deo
370 1441 432 1498 iuiti
446 1441 657 1500 testimonium:
680 1459 764 1514 quem
789 1441 873 1500 ritum
899 1450 963 1518 post
989 1442 1179 1519 Augustinum
1205 1440 1337 1518 plerique

151 1539 315 1598 existimant
328 1539 446 1597 remedii
457 1539 590 1598 habuisse
604 1543 752 1607 rationem,
767 1559 823 1613 quo
846 1540 954 1598 scilicet
967 1551 1113 1617 peccatum
1128 1541 1244 1618 originis
1259 1540 1340 1598 tolle·

150 1644 239 1695 retur.
281 1635 423 1694 Ceterum
449 1635 593 1710 quomodo
624 1637 752 1695 laemellis
777 1638 971 1695 subveniretur
993 1656 1049 1697 non
1076 1637 1175 1711 liquet,
1199 1656 1253 1695 nec
1277 1656 1338 1710 quo

152 1742 235 1810 pacto
249 1732 373 1790 maribus
388 1732 492 1808 pariter
504 1752 537 1790 ac
550 1733 675 1792 soeminis
689 1744 753 1791 ante
766 1734 1011 1794 circumcisionem
1038 1735 1242 1811 praescriptam,
1256 1744 1289 1792 ut
1302 1734 1340 1792 de

150 1831 179 1886 vi
190 1829 278 1887 hacsi
288 1830 393 1902 absque
405 1839 481 1887 ccrto
492 1829 587 1902 aliquo
596 1829 766 1888 documento
777 1831 879 1888 tributa
887 1831 1031 1888 sileamus.
1054 1841 1073 1866 ‘⁶
1084 1831 1148 1889 Nec
1159 1830 1338 1898 ideotamen,

151 1925 323 1986 credendum
337 1927 412 1995 est,”
426 1928 518 2001 inquit
527 1929 714 2004 Augustinus,
731 1939 826 1986 “ante
845 1929 938 1987 datam
952 1930 1199 1988 circumcisionem
1213 1928 1339 1987 famulos

151 2023 208 2082 Dei
230 2022 472 2100 (quandoquidem
494 2023 550 2081 illis
573 2023 663 2082 inerat
689 2024 857 2083 Mediatoris
871 2024 942 2082 fides
962 2025 991 2082 in
1013 2045 1095 2084 came
1118 2024 1237 2104 venturi)
1259 2026 1340 2085 nullo

151 2121 335 2178 Sacramento
350 2122 412 2197 ejus
426 2120 578 2197 opitulatos
592 2121 679 2179 luisse
694 2114 817 2197 parvulis
841 2121 913 2188 suis,
928 2123 1056 2194 quamvis
1072 2123 1139 2196 quid
1154 2134 1230 2181 esset
1245 2121 1341 2196 aliqua

62 2210 67 2217 ’
150 2217 312 2275 necessaria
326 2235 413 2274 causa
426 2217 571 2293 Scriptura
586 2217 671 2275 Sacra
685 2218 770 2275 latere
784 2217 913 2275 voluerit.
955 2219 985 2276 N
987 2237 1032 2277 am
1046 2230 1075 2276 et
1087 2219 1226 2277 sacrificia
1239 2237 1339 2277 eorum

150 2314 284 2392 legimus,
300 2315 404 2388 quibus
423 2314 520 2389 utique
534 2317 650 2392 sanguis
665 2315 712 2374 ille
732 2315 913 2393 figurabatur,
928 2317 978 2390 qui
997 2316 1075 2376 solus
1097 2317 1169 2376 tollit
1188 2329 1338 2394 peccatum

147 2410 295 2471 mundi.”⁵

189 2514 217 2566 5.
240 2507 432 2567 circumcisio
452 2509 537 2585 igitur
550 2510 659 2585 primus
680 2510 806 2567 noscitur
825 2510 894 2566 ritus
909 2528 925 2567 a
946 2509 1009 2567 Deo
1023 2510 1165 2568 institutus
1180 2512 1209 2569 in
1223 2510 1339 2570 foederis

149 2623 216 2664 cum
230 2605 361 2672 Abrshae,
377 2615 405 2661 et
418 2606 481 2681 ejus
495 2606 616 2681 posteris
639 2606 762 2680 signum,
778 2624 835 2678 quo
849 2605 960 2664 scilicet
978 2615 1094 2664 testatus
1109 2618 1152 2664 est
1165 2627 1195 2666 se
1210 2627 1260 2667 eos
1283 2610 1339 2668 sibi

149 2700 179 2759 in
201 2699 340 2776 populum
361 2699 533 2776 peculiarem
561 2697 728 2768 adsciscere,
750 2710 778 2758 et
797 2701 1020 2776 promissionum
1041 2701 1132 2760 lacere
1154 2699 1290 2773 heredes,
1306 2725 1341 2764 ea

151 2807 247 2856 tamen
262 2797 424 2857 conditione
438 2806 469 2854 ut
479 2815 544 2856 sum
557 2806 652 2856 sancte
667 2796 801 2857 colerent.

190 2898 218 2952 6.
241 2894 356 2971 Moysis
370 2893 528 2952 ministerio
539 2913 608 2952 usus
622 2908 665 2953 est
676 2895 755 2953 Deus
770 2906 801 2953 ut
813 2896 883 2953 ritus
898 2896 1036 2972 plurimos
1057 2897 1191 2956 Israelitis
1206 2900 1337 2977 injunge·

150 3003 202 3062 ret,
217 3011 338 3066 quorum
352 2993 480 3071 plerique
494 2991 589 3051 diviua
611 2993 750 3052 beneficia
771 2995 1039 3060 commemorabant,
1060 2997 1105 3053 vel
1125 3015 1208 3072 spem
1229 2995 1337 3057 indica-

151 3091 219 3149 bant
232 3088 445 3167 redemptionis.
487 3090 562 3168 Agni
576 3087 723 3148 Paschslis
745 3090 902 3149 immolatio
916 3091 1049 3149 divinitus
1063 3103 1188 3151 servatos
1202 3093 1343 3152 Israelita·

152 3205 215 3245 rum
229 3188 443 3264 primogenitos,
458 3187 495 3244 ob
506 3186 571 3264 agni
583 3188 751 3264 sauguinem
775 3186 1038 3264 superliminaribus
1052 3186 1152 3247 illitum
1167 3204 1343 3250 commemo·

99 3292 106 3359 ᾗ
152 3282 242 3352 rabat,
257 3286 325 3344 dum
349 3295 500 3342 venturum
520 3280 751 3361 Redemptorem,
776 3303 879 3361 agnum
902 3302 1000 3342 verum
1022 3285 1072 3358 qui
1094 3285 1203 3344 tolleret
1224 3299 1342 3363 peecata

153 3385 264 3453 mundi,
280 3376 452 3460 significaret
465 3381 501 3439 iis
515 3399 635 3454 quorum
650 3400 731 3439 mens
744 3381 796 3438 aevi
810 3381 895 3438 futuri
909 3400 1009 3439 arcana
1021 3380 1196 3454 aliquatenus
1209 3383 1342 3459 explora·

152 3487 210 3545 bat.
251 3478 411 3540 De'ritibus
436 3478 568 3537 omnibus
592 3476 661 3536 dicit
681 3474 874 3555 Augustinus:
898 3477 1108 3536 “Sacramenta
1131 3498 1194 3553 quas
1209 3481 1341 3539 observa-

153 3584 255 3641 bantur
268 3589 296 3637 et
309 3576 520 3636 celebrabantur
533 3574 654 3652 exlege,
670 3575 884 3652 prenuntiatira
897 3584 975 3632 erant
996 3574 1105 3633 Christi
1126 3577 1253 3635 venturi:
1275 3597 1341 3651 quae

154 3695 220 3737 cum
232 3692 285 3732 suo
300 3671 418 3730 adventu
435 3671 569 3730 Christus
583 3672 771 3748 implevisset,
784 3671 873 3729 ablata
886 3681 970 3732 sunt:
992 3680 1020 3728 et
1028 3669 1092 3729 ideo
1105 3673 1194 3730 ablata
1208 3675 1274 3747 quia
1288 3676 1341 3733 im-

49 3837 52 3841 ,
154 3774 230 3851 pleta
233 3809 394 3829 ......
417 3767 457 3825 Et
471 3767 524 3825 alia
535 3777 601 3825 sunt
615 3760 740 3837 instituta
754 3769 857 3825 virtute
873 3766 990 3843 majora,
1005 3767 1122 3824 utilitate
1134 3769 1261 3837 meliora,
1276 3784 1339 3830 actu

153 3848 290 3932 faciliora,
306 3882 424 3922 numero
438 3863 615 3940 pauciora.''⁰

189 4028 228 4092 (l)
246 4023 309 4073 Tob.
320 4022 363 4072 xii.
375 4025 390 4070 7
482 4037 485 4045 ’

189 4112 229 4173 (2)
247 4109 266 4159 1.
277 4107 343 4156 Tim.
352 4106 385 4155 iii.
396 4107 435 4157 16.

188 4199 230 4263 (3)
250 4197 279 4246 ln
291 4194 333 4243 Ps.
343 4192 399 4242 cxli.

189 4285 231 4350 (4)
250 4283 292 4333 Ex
303 4279 383 4332 latiori
393 4278 459 4329 vocis
470 4293 517 4330 usu
537 4277 698 4339 argumentari
714 4277 792 4330 solent
808 4277 971 4330 Protestsntes
990 4287 1019 4329 ut
1028 4278 1179 4344 probationes
1190 4295 1221 4330 ex
1232 4281 1342 4346 patribus

150 4373 290 4436 desumptus
302 4369 426 4419 infirment
437 4383 444 4426 ;
461 4366 502 4416 sed
511 4381 570 4416 voce
581 4367 633 4416 sela
644 4365 764 4417 Catholici
775 4383 826 4418 non
837 4366 982 4428 innituntur,
987 4382 1041 4431 que
1051 4366 1118 4417 euim
1129 4382 1183 4417 scm
1194 4368 1341 4418 comitantur

148 4461 202 4526 ejus
214 4458 272 4516 vim,
284 4454 381 4520 quando
389 4454 469 4504 stricte
480 4453 592 4514 sumitur,
599 4453 772 4505 demonstrant.

184 4545 221 4606 (5)
232 4540 263 4592 L.
274 4558 296 4588 v.
308 4547 392 4591 contra
402 4539 492 4589 Julism
504 4555 525 4588 c.
533 4538 566 4589 xi.

184 4630 226 4696 (6)
245 4627 274 4679 L.
286 4628 337 4678 xix.
348 4636 432 4678 contra
439 4626 566 4688 Faustum,
577 4642 598 4678 c.
608 4626 660 4678 xiii.
