2812 5062
394 337 450 399 DE
472 337 642 399 HAERESI
664 337 919 407 Novtrltrvn.
1197 343 1254 399 327

97 503 148 557 51.
170 497 264 557 Aliam
280 496 476 557 difficultatem
488 496 662 571 ex'Joannis
676 497 798 575 epistole
813 516 830 555 a
843 497 1013 557 Novatianis
1027 497 1167 575 objectam
1188 498 1257 557 Arn-

18 642 21 647 -
59 597 176 657 brosius
187 598 291 674 pariter
303 588 405 655 diluit:
428 595 525 655 “Neo
537 596 587 655 illa
606 595 726 670 quaestio
747 605 840 654 vestra
860 596 1014 670 quicquam
1034 606 1130 672 potest
1150 595 1259 656 adferre

60 693 210 773 ponderis,
234 713 322 768 quam
349 693 462 752 sumitis
483 692 519 752 de
539 693 659 771 epistola
672 692 794 752 Joannis
815 693 954 753 dicentis:
978 694 1054 761 ‘Qui
1074 694 1130 753 scit
1142 693 1257 753 fratrem

59 810 146 851 sunm
161 809 280 869 peecare
294 801 442 869 peccatum
460 809 519 850 non
544 790 579 850 ad
604 801 734 856 mortem,
753 800 840 868 petat,
854 801 883 850 et
896 790 973 850 dabit
993 791 1035 850 illi
1055 792 1141 850 vitam
1161 790 1256 861 Deus,

57 888 129 962 quia
142 905 203 946 non
215 900 315 965 peccat
337 887 373 947 ad
387 897 518 946 mortem.
559 887 616 946 Est
635 896 785 965 peceatum
806 886 841 946 ad
856 898 986 956 mortem,
1001 906 1061 947 non
1081 887 1116 946 de
1131 888 1180 946 illo
1195 886 1260 948 dico

55 995 89 1046 ut
103 985 186 1046 oret!
231 986 301 1045 Non
315 986 392 1045 enim
406 984 442 1044 ad
457 985 583 1062 Moysen
598 993 626 1044 et
648 984 826 1044 Hieremiam
838 984 1026 1059 loquebatur:
1047 985 1100 1044 sed
1119 985 1154 1044 ad
1170 1004 1260 1063 popu·

55 1081 130 1150 lum,
142 1081 193 1156 qui
218 1100 335 1141 suorum
349 1090 529 1160 peccatorum
544 1080 630 1140 alium
645 1089 820 1158 precatorem
835 1080 950 1140 deberet
963 1080 1110 1150 exhibere,
1125 1082 1172 1140 cui
1186 1083 1257 1141 satis

58 1189 106 1239 est
120 1179 146 1238 si
160 1197 213 1255 pro
227 1177 380 1238 levioribus
395 1177 505 1237 delictis
525 1177 622 1237 Deum
642 1187 782 1255 precetur,
797 1177 958 1254 graviorum
982 1179 1097 1237 veniam
1114 1179 1259 1255 justorum

60 1276 239 1337 orationibus
252 1274 452 1334 reservandam
463 1285 551 1354 putet.
594 1274 623 1334 N
626 1293 672 1333 am
686 1274 830 1348 quomodo
844 1273 972 1334 Joanncs
987 1275 1093 1335 diceret
1107 1294 1165 1334 non
1179 1295 1260 1334 oran·

58 1373 129 1433 dum
142 1391 195 1451 pro
208 1371 311 1432 delicto
325 1372 464 1450 graviore,
485 1371 536 1446 qui
548 1371 666 1445 legisset
680 1372 807 1448 Moysen
820 1390 947 1448 rogasse,
961 1380 991 1429 et
1011 1371 1189 1449 impetrasse,
1205 1372 1253 1430 ubi

58 1467 341 1546 eratspraevaricatio
365 1467 540 1526 voluntarias
574 1467 625 1541 qui
652 1468 738 1525 sciret
764 1467 849 1526 etiam
877 1466 1056 1526 Hieremiam
1084 1485 1199 1544 rogasse
1212 1467 1261 1523 l”¹

63 1564 267 1642 Hieronymus
287 1563 448 1642 simplicius
468 1562 556 1622 dicit:
579 1572 599 1600 “
614 1562 729 1632 Cernis,
741 1563 817 1637 quod
839 1564 864 1622 si
886 1582 937 1642 pro
958 1566 1082 1640 peccatis
1104 1564 1261 1623 minoribus

62 1663 263 1741 deprecemur,
290 1663 476 1740 impetremus
502 1660 635 1731 veniamr
657 1661 682 1719 si
696 1678 749 1738 pro
770 1661 934 1740 majoribus,
950 1660 1075 1720 difficilis
1090 1663 1261 1746 impetratio

59 1758 150 1819 sit.”¹

108 1861 159 1916 bt.
180 1855 254 1916 lllud
269 1855 401 1934 Apostoli
415 1855 450 1915 ad
465 1855 604 1915 Hebroeos
621 1856 814 1914 testimonium
824 1855 859 1914 de
871 1857 1062 1915 renovationis
1074 1868 1140 1934 post
1149 1857 1263 1935 lapsum

61 1953 294 2033 impossibilitate
307 1954 350 2012 sic
363 1953 506 2031 explicat:
526 1961 547 1990 ‘⁶
557 1952 765 2011 Authoritatem
774 1953 1033 2031 aiuntApostolicae
1045 1954 1100 2012 sibi
1113 1954 1263 2033 suffragari

61 2052 223 2121 sententis,
237 2052 391 2128 allegantes
403 2052 539 2129 seriptum
555 2050 590 2110 ad
604 2050 764 2110 Hebraeos:
785 2051 988 2128 ‘Impossibile
999 2061 1044 2109 est
1055 2052 1131 2110 enim
1146 2053 1199 2111 hos
1209 2055 1259 2128 qui

61 2147 155 2207 semel
168 2147 318 2207 illuminati
332 2160 409 2216 sunt,
424 2156 453 2205 et
466 2155 649 2224 gustaverunt
658 2147 766 2206 donum
777 2147 900 2216 caeleste,
911 2155 940 2205 et
952 2147 1106 2225 participes
1118 2148 1184 2208 lacti
1196 2161 1263 2209 sunt

60 2244 189 2323 Spiritus
219 2244 330 2314 Sancti,
361 2253 391 2303 et
411 2244 519 2304 bonum
547 2254 732 2322 gustaverunt
755 2243 812 2303 Dei
838 2245 966 2314 verbum,
980 2245 1154 2320 virtutesque
1177 2247 1263 2306 futuri

62 2341 182 2410 saecum
203 2341 300 2420 lapsos
314 2341 415 2401 iterum
432 2343 560 2400 renovari
574 2343 604 2400 in
620 2341 826 2419 poenitentiam,
842 2360 940 2399 rursus
959 2342 1157 2420 crucifigentes
1171 2344 1262 2404 filium

62 2438 131 2508 Dei,
153 2450 183 2498 et
208 2440 397 2498 ostentatione
418 2439 646 2516 triumphantes?
689 2438 840 2513 Numquid
861 2438 968 2498 Paulus
1001 2439 1137 2499 adversus
1157 2441 1262 2502 lactum

63 2555 148 2597 suum
163 2536 315 2614 praedicare
330 2537 444 2615 potuitl
485 2536 612 2597 Donavit
633 2536 785 2596 Corinthio
807 2547 954 2614 peccatum
970 2556 1020 2614 per
1040 2540 1256 2615 poeniteutiamr

65 2633 210 2709 quomodo
224 2635 271 2693 hic
285 2635 378 2713 potuit
391 2636 561 2694 sententiam
575 2655 656 2694 suam
671 2637 734 2713 ipse
748 2635 956 2712 reprehendere
968 2636 980 2692 l
1021 2636 1101 2715 Ergo
1116 2638 1184 2710 quia
1200 2656 1261 2697 non

64 2730 1262 2811 potuitquodvadificavsratdestruere,noncontrariumdixisseeumseddiversum

65 2828 251 2889 advertimus.
293 2828 378 2896 Quod
392 2829 470 2887 euim
484 2830 656 2888 contrarium
670 2842 723 2896 est,
738 2830 866 2906 seipsum
888 2830 1058 2908 impugnat:
1080 2830 1157 2904 quod
1171 2831 1263 2889 diver·

65 2945 128 2985 sum
142 2937 197 2994 est,
212 2925 374 2985 distinctam
388 2926 461 2985 solet
474 2925 578 2985 habere
592 2927 741 2986 munirem.
782 2926 825 2984 lta
839 2935 932 2984 autem
958 2927 1129 2986 contrarium
1149 2946 1207 2986 non
1219 2937 1265 2985 est

64 3035 93 3081 ut
106 3023 226 3081 alterum
240 3022 409 3100 suffragetur
423 3021 512 3080 alteri.
545 3023 661 3082 Etenim
677 3024 743 3096 qnia
758 3023 793 3081 de
809 3022 977 3082 remittenda
996 3023 1159 3102 predicavit
1173 3025 1263 3102 poeni·

64 3120 162 3189 tentia,
177 3119 275 3179 debuit
298 3130 328 3179 et
347 3119 383 3178 de
402 3121 438 3179 iis
463 3121 513 3194 qui
533 3121 692 3181 iterandum
718 3132 816 3199 putant
836 3123 1008 3199 baptismum
1029 3141 1087 3182 nou
1102 3124 1207 3182 sileret
1229 3134 1260 3182 et

65 3216 145 3293 prius
168 3215 379 3275 solicitudinem
400 3216 482 3275 nobis
507 3216 608 3275 auferri
634 3218 759 3294 oportuit
769 3228 799 3275 ut
813 3218 951 3276 sciremus
973 3219 1059 3278 etiam
1080 3228 1146 3295 post
1159 3219 1263 3295 baptis-

64 3332 144 3373 mum
158 3314 185 3372 si
208 3315 259 3388 qui
272 3326 422 3391 peccarent
435 3313 534 3373 donari
547 3315 590 3372 eis
611 3333 697 3391 posse
713 3326 871 3391 peccatum,
887 3334 923 3374 ne
943 3333 995 3392 spe
1010 3316 1100 3374 veniae
1112 3315 1263 3376 destitutos

64 3409 186 3469 iterandi
199 3411 375 3487 baptismatis
390 3410 489 3488 opinio
500 3429 572 3469 vana
585 3419 765 3488 perverteret.
807 3408 920 3469 Deinde
946 3410 1105 3469 iterandum
1126 3429 1184 3470 non
1198 3431 1264 3470 esse

65 3506 216 3583 baptisma,
238 3506 396 3565 rationabili
421 3506 611 3584 disputatione
633 3505 809 3565 suadendum
824 3505 885 3564 luis
927 3504 973 3564 De
985 3505 1155 3582 baptismate
1169 3517 1263 3565 autem

66 3601 174 3661 dictum
194 3604 281 3661 verba
304 3603 369 3680 ipsa
389 3601 539 3671 declarant,
560 3604 664 3676 quibus
685 3602 857 3680 significavit
876 3602 1056 3680 impossibile
1083 3620 1147 3661 esse
1168 3603 1265 3680 lapsos

66 3699 198 3759 renovari
211 3700 459 3778 inpoenitentium.
501 3700 558 3759 Per
571 3700 714 3759 lavacrum
728 3699 805 3758 cuim
818 3718 998 3769 renovamur,
1011 3717 1062 3779 per
1076 3699 1153 3774 quod
1170 3719 1266 3760 renas·

66 3800 169 3867 eimur,
183 3799 334 3876 sicutipse
349 3799 455 3859 Paulus
469 3799 538 3858 dicit
539 3836 672 3858 .....
695 3798 772 3868 Quid
783 3799 860 3874 quod
882 3812 910 3859 et
923 3818 1011 3877 supra
1027 3798 1184 3859 doctrinam
1199 3801 1267 3878 bap·

66 3897 218 3955 tismorum
248 3897 408 3972 praemisiti
449 3898 489 3956 Et
509 3898 575 3971 quia
600 3897 688 3956 multa
708 3906 788 3956 erunt
814 3897 983 3975 baptismata
1010 3898 1041 3956 in
1066 3896 1141 3976 lege,
1163 3897 1266 3957 meritd

65 3993 253 4073 reprehendit
278 3995 353 4064 illos,
381 3996 431 4071 qui
458 3995 583 4073 perlecta
608 3993 759 4064 dimittant,
784 4004 813 4054 ct
839 3996 980 4074 principia
1003 3997 1082 4056 verbi
1109 3997 1265 4071 requirant.

70 4092 227 4152 Docetnos
242 4093 315 4151 scire
330 4103 460 4170 oportere
474 4091 615 4153 destructa
635 4112 700 4152 esse
725 4094 858 4153 universa
881 4094 953 4172 legis
968 4094 1155 4172 baptismata;
1177 4111 1266 4152 unum

70 4192 213 4268 baptisma
225 4210 289 4251 esse
304 4193 333 4251 iu
348 4190 512 4251 Ecclesia.'’
529 4233 538 4252 .
561 4231 570 4251 .
592 4232 601 4250 .
623 4192 745 4252 Possem
755 4193 870 4266 quidem
885 4195 970 4252 etiam
985 4191 1057 4253 illud
1067 4192 1162 4252 dicere
1176 4194 1203 4252 ei
1218 4191 1269 4266 qui

71 4290 128 4349 hoc
141 4288 177 4347 de
189 4291 354 4367 penitentia
365 4289 472 4348 dictum
489 4299 575 4367 putat,
590 4290 657 4363 quia
670 4309 733 4365 quae
748 4291 939 4367 impossibilia
953 4303 1020 4351 sunt
1039 4291 1160 4359 homini,
1176 4290 1269 4368 possi·
1344 4284 1352 4295 “

373 4499 416 4568 (l)
436 4498 467 4550 L.
478 4500 495 4550 i.
506 4500 536 4550 de
547 4498 634 4550 Poenit.
643 4515 664 4549 c.
676 4499 709 4549 ix.

373 4586 413 4652 (ἓ)
433 4584 463 4636 L.
475 4585 499 4636 ii.
509 4593 592 4635 contre
603 4584 727 4635 loviuian.
