2774 5056
415 1063 850 1148 TRACTATUS
898 1069 992 1148 XI.

269 1431 394 1551 nn
453 1433 1164 1558 Eununnrsurn.

561 1817 846 1831 ..---..

557 2079 832 2132 PROOEMlUM.

264 2253 278 2306 i
351 2305 357 2318 .
546 2308 552 2320 .
826 2306 854 2318 ..

161 2305 183 2358 l.
201 2303 254 2362 Pte
265 2313 374 2364 caeteris
386 2319 569 2366 sacramentis
583 2308 792 2366 Euouanrsrrn
805 2305 953 2382 diligenter
965 2307 1106 2365 tractanda
1117 2316 1170 2376 est,
1183 2319 1242 2366 tum
1253 2310 1290 2368 ob

122 2418 242 2461 summam
256 2405 317 2482 ejus
331 2404 508 2483 dignitatem,
524 2417 583 2464 tum
598 2407 635 2465 ob
650 2404 876 2465 vehementiores
890 2404 1016 2462 hostium
1030 2405 1061 2463 iu
1074 2423 1137 2463 eam
1154 2406 1289 2482 impetus.

121 2501 234 2565 ὴκαριςια
245 2519 301 2558 vox
316 2501 418 2560 Graeca
431 2513 484 2572 est,
500 2521 563 2576 quae
584 2500 757 2580 gratiarum
771 2499 848 2559 actio
869 2499 948 2558 reddi
968 2509 1070 2576 potest,
1086 2500 1162 2573 quod
1183 2520 1290 2562 nomen

121 2583 202 2649 datum
213 2606 252 2654 est
264 2597 449 2658 Sacramento
458 2600 534 2673 quod
546 2598 680 2658 Christus
693 2597 894 2675 postultimatn
905 2615 1015 2656 coenam
1026 2597 1157 2667 instituit,
1167 2617 1203 2657 eo
1212 2598 1290 2671 quod

121 2687 206 2760 gratias
225 2711 275 2754 suo
299 2697 377 2756 Patri
402 2699 891 2776 egisse-toxcpnqnm,-anteqnam
905 2696 1118 2755 Sacramentum
1140 2698 1288 2775 Apostolis

119 2779 285 2861 distribueret,
299 2793 418 2871 legatur.
458 2795 595 2874 Eulogio
614 2794 765 2863 interdum,
781 2793 936 2870 praesertim
958 2813 975 2850 a
990 2793 1110 2860 (inscia,
1126 2806 1252 2863 vocatur,
1271 2815 1289 2853 a

120 2875 291 2947 benedictione
311 2907 363 2948 seu
385 2893 608 2960 consecratione,
630 2910 687 2965 qua
700 2889 858 2957 conficitur,
878 2900 1050 2966 quapropter
1064 2909 1080 2948 a
1095 2889 1186 2949 Paulo
1209 2890 1289 2950 calix

118 2972 374 3050 tentationis-ea
391 2988 560 3062 κοτήρωντῆς
577 2987 685 3061 toop'cs
698 2989 883 3047 nominatur.²
926 2986 1015 3046 Coeno
1037 2986 1198 3047 Dominicn
1218 3008 1288 3048 nou·

119 3090 249 3150 numquam
269 3083 445 3151 dictumest,
466 3084 534 3156 quia
553 3087 704 3167 occasione
718 3087 824 3145 ultimae
839 3104 936 3152 caenae,
953 3104 1038 3158 quam
1059 3105 1125 3144 curn
1139 3086 1286 3162 Apostolis

116 3171 245 3237 celebravit
264 3180 409 3248 Christus,
425 3180 583 3239 institutum
598 3194 651 3249 est,
664 3183 794 3255 quamvis
806 3181 920 3240 nonnisi
933 3190 998 3256 post
1011 3200 1131 3248 coenam,
1148 3184 1187 3239 nti
1202 3184 1287 3241 refert

115 3266 202 3330 anas.
240 3275 305 3335 Hoc
318 3295 425 3335 nomen
440 3275 584 3352 plerisque
598 3278 778 3336 novatoribus
792 3278 862 3334 mire
878 3275 991 3352 placuit.
1034 3275 1106 3332 Aliis
1122 3276 1285 3335 nominibus

114 3365 243 3440 aliqnando
253 3372 433 3452 designatum
445 3383 498 3440 est,
513 3392 577 3446 quae
592 3375 702 3450 singula
715 3375 859 3452 explicare
873 3371 947 3431 haud
962 3372 1083 3448 pretium
1098 3391 1192 3447 operae
1207 3373 1285 3432 vide·

113 3473 159 3522 tur·
197 3469 309 3548 Duplici
324 3471 433 3529 ratione
446 3472 567 3547 spectari
583 3482 676 3548 potest
686 3472 866 3537 eucharistia,
876 3485 1020 3542 tamquam
1033 3468 1211 3527 Sacrificium
1226 3488 1285 3542 quo
1305 3488 1307 3492 “

110 3559 178 3620 Dens
190 3565 296 3635 colitur,
312 3577 341 3625 et
355 3579 499 3640 tamquam
522 3566 747 3635 Sacramentum,
763 3585 820 3640 quo
840 3565 1004 3624 reficiuntur
1024 3561 1134 3631 fideles,
1151 3565 1284 3625 sacrificii

46 3682 51 3739 ;
107 3657 164 3716 facti
176 3663 332 3740 participes.
364 3663 463 3722 Placet
477 3663 618 3740 imprimis
633 3663 668 3722 dc
683 3682 716 3721 ea
730 3673 874 3735 tamquam
889 3662 1074 3718 Sacramento
1089 3680 1181 3738 agere,
1195 3681 1284 3735 quum

46 3750 53 3793 ⁵
105 3752 135 3813 de
156 3759 261 3816 veritate
286 3759 444 3835 praesentiae
470 3759 579 3817 Christi
605 3759 724 3818 Domini
747 3759 870 3818 maxima
895 3759 932 3816 sit
952 3757 1153 3826 controversia,
1169 3777 1205 3818 ex
1227 3778 1284 3835 qua

103 3853 198 3930 pendet
210 3865 266 3914 tota
280 3857 420 3915 Sacrificii
435 3858 570 3916 tractatio.

126 4069 167 4136 (l)
186 4068 338 4122 Oxonianses
350 4071 456 4122 latentur
466 4072 654 4122 consecrationis
665 4072 738 4122 ritum
747 4071 794 4120 hac
804 4069 935 4133 significari
943 4084 1009 4118 vocs.
1028 4068 1121 4121 Oxt'ord
1130 4069 1225 4133 Tracta,
1234 4073 1281 4123 vol.

93 4157 112 4204 1.
123 4152 174 4204 No.
185 4154 227 4203 34.
251 4155 379 4206 Praiverat
396 4155 531 4207 Calvinus:
547 4155 718 4208 “Benedicerc
737 4170 795 4218 ergo
814 4151 914 4210 ωΙιῖιεηι
934 4153 1057 4216 siguificat
1075 4155 1102 4205 in
1120 4154 1189 4206 hunc
1207 4173 1280 4208 usum

87 4255 231 4294 consecrare
241 4240 303 4292 etc.”
337 4241 369 4294 In
382 4240 471 4294 locum
