2774 5056
320 275 376 337 DE
398 275 708 337 INSTl‘l'UTlONE
729 274 1044 335 EUCHARISTIAE.
1227 277 1283 332 149

91 443 178 495 natura
192 433 362 504 declaratur,
376 435 512 508 nullaque
526 434 677 494 adhibetur
689 435 790 513 figura,
805 454 869 509 quae
883 435 992 493 nonsit
1004 432 1153 493 manifesta
1167 450 1205 491 ex
1215 450 1283 491 con·

89 528 243 599 suetudine,
258 531 304 590 vel
318 550 376 591 non
390 535 574 608 exponatur.¹

89 660 94 677 ι
121 629 168 685 65.
192 624 263 706 obj.
275 633 305 685 2.
328 626 375 686 “J
378 647 422 686 am
437 636 466 684 et
476 627 624 685 honestis
638 627 734 685 tritum
749 645 813 685 esse
828 625 921 694 debet,
933 627 975 684 rei
996 626 1113 703 signatae
1127 641 1233 685 nomen
1248 623 1284 682 ad

90 723 194 801 siguum
208 725 364 783 transferri.
407 725 502 792 Quare
517 742 602 783 nemo
613 725 644 782 in
659 723 806 801 Scriptura
820 723 1000 782 mediocriter
1014 733 1141 782 versatus
1156 721 1281 799 negabit,

90 821 149 893 quin
175 821 391 880 sacramentalis
418 821 550 894 loquutio
576 822 772 898 metonymice
801 819 943 879 sumenda
969 820 1038 879 sit.’‘
1081 819 1187 878 lterum
1215 816 1283 876 cat-

91 918 175 1001 vinus.

121 1015 208 1094 Reap.
231 1016 352 1083 Quoties
362 1014 398 1074 de
409 1016 493 1093 signo
507 1024 628 1084 constat,
637 1016 677 1075 nil
692 1024 767 1074 vetat
778 1024 809 1075 ut
820 1016 861 1074 rei
870 1017 988 1094 signatas
1000 1015 1035 1074 ad
1046 1015 1160 1092 signum
1174 1031 1281 1073 nomen

92 1112 281 1171 transferatur:
305 1113 335 1170 in
355 1111 530 1171 instituendo
545 1121 640 1171 autern
661 1114 745 1190 siguo
759 1131 878 1171 necesse
894 1122 939 1170 est
952 1122 983 1170 ut
994 1111 1152 1170 declaretur
1166 1111 1228 1187 ejus
1244 1109 1280 1168 ad

92 1227 142 1269 rem
163 1210 287 1279 relatio;
309 1228 393 1269 secus
408 1209 485 1268 haud
505 1209 700 1288 intelligenda.
742 1210 792 1269 Sic
813 1230 894 1269 arcus
914 1211 945 1269 in
966 1210 1089 1269 nubibus
1111 1207 1192 1266 datos
1206 1217 1281 1265 esta

93 1304 145 1365 Deo
171 1307 288 1384 signum
316 1307 446 1384 benignae
472 1325 558 1380 quam
581 1307 648 1365 fecit
670 1307 881 1384 promissionis,
906 1325 938 1364 sa
962 1319 1117 1380 numquam
1142 1303 1281 1363 mundum

95 1403 162 1475 aquis
176 1403 363 1462 obruturum:
386 1401 531 1477 quodnisi
544 1401 724 1472 declarasset,
740 1422 798 1462 nou
812 1404 904 1481 potuit
917 1403 1047 1480 intelligi.
1090 1401 1281 1460 circumcisio

95 1499 165 1558 etiam
187 1498 252 1559 data
276 1509 321 1558 est
334 1500 364 1558 in
378 1499 493 1558 soederis
510 1519 577 1559 cum
593 1500 708 1558 Abraha
721 1500 785 1558 initi
799 1501 925 1578 signum,
939 1510 968 1558 et
990 1499 1128 1558 declarata
1152 1511 1198 1557 est
1217 1499 1281 1575 ejus

97 1593 262 1672 significatio.
304 1594 350 1653 De
374 1613 447 1673 pane
471 1606 565 1654 autem
589 1580 655 1655 non
676 1597 823 1656 constabat
844 1615 909 1655 enm
936 1597 1051 1674 signum
1072 1613 1137 1653 esse
1151 1596 1281 1672 corporis

99 1690 202 1763 Christi,
214 1713 269 1754 uec
282 1693 312 1752 id
326 1693 478 1753 declararit
492 1692 627 1753 Christus
637 1695 712 1772 ipse,
722 1695 774 1753 sed
788 1696 872 1773 plane
889 1695 981 1754 dixit:
1006 1704 1025 1730 ‘⁴
1039 1693 1106 1753 Hoc
1120 1704 1165 1753 est
1177 1713 1281 1772 corpus

101 1791 213 1850 neum.’'
256 1791 447 1868 Metonymiae
462 1791 571 1850 nullum
586 1792 727 1868 praebetur
752 1791 900 1860 indicium,
915 1811 969 1850 nec
983 1790 1060 1850 aliud
1074 1792 1143 1851 sinit
1162 1801 1194 1850 ut
1218 1811 1282 1866 quae

102 1885 123 1945 io
139 1889 203 1949 nori
224 1888 405 1948 Testamenti
420 1889 610 1948 Sacramentis
628 1888 808 1947 instituendis
829 1889 937 1967 prolata
951 1898 1028 1958 sunt,
1044 1888 1079 1947 ad
1092 1890 1198 1967 figuras
1212 1889 1258 1948 ref
1272 1924 1283 1936 ·

103 1999 190 2047 untur.
607 2044 611 2051 .

130 2088 172 2144 66.
196 2084 263 2164 obj.
276 2089 305 2144 3.
327 2084 424 2143 Verba
438 2083 548 2142 Christi
569 2085 730 2144 necessarii
752 2085 901 2145 includunt
920 2084 1052 2163 figuram,
1074 2102 1127 2161 per
1147 2102 1179 2142 se
1205 2085 1283 2142 enim

105 2193 221 2259 repugnat
233 2191 266 2240 ut
280 2183 361 2259 panis
382 2182 420 2240 sit
435 2181 498 2259 ejus
512 2200 628 2259 corpus.

50 2344 52 2355 Ι
131 2278 209 2360 Reap.
235 2281 390 2358 Repugnat
403 2278 519 2353 quidem
534 2288 566 2338 ut
579 2281 661 2357 panis
676 2270 714 2339 sit
727 2299 831 2359 corpus
852 2280 974 2348 Christi,
989 2278 1041 2337 sed
1054 2296 1114 2338 non
1126 2288 1158 2339 ut
1171 2279 1284 2337 desinat

50 2406 52 2413 ·
107 2376 239 2438 achantia
259 2378 353 2456 panis,
376 2387 405 2435 et
425 2377 535 2435 Christi
556 2378 684 2454 corporis
705 2378 863 2436 substantia
886 2394 1013 2453 presens
1034 2375 1093 2434 fiat.
1136 2374 1284 2436 Oaeterum

107 2471 199 2546 plenum
228 2474 347 2554 periculi
375 2484 420 2532 est
439 2474 537 2533 divina
557 2476 694 2552 mysteria
718 2485 747 2533 et
767 2493 854 2552 opera
875 2473 1001 2532 humano
1029 2473 1124 2531 metiri
1154 2473 1282 2532 modulo.

108 2567 191 2632 llirum
211 2570 422 2652 prosecutores
435 2572 581 2649 ipsissima
596 2572 681 2630 verba
695 2592 710 2628 a
727 2581 847 2645 quatuor
868 2569 1054 2647 scriptoribus
1068 2569 1158 2627 sacris
1172 2569 1281 2637 referri,

109 2670 165 2731 nolo
177 2673 272 2751 figurae
290 2671 354 2730 dato
369 2669 486 2738 indicio,
502 2689 601 2744 quom,
625 2670 665 2728 uti
681 2671 801 2729 latentur
823 2669 1017 2736 Oxonienses,
1032 2667 1109 2726 illius
1124 2668 1284 2728 concordiae

109 2765 185 2830 inlota
196 2790 276 2830 sacra
288 2769 435 2846 Scriptura
449 2768 559 2827 nullum
574 2767 652 2826 aliud
665 2770 702 2827 sit
716 2768 907 2846 ‘exemplum'

136 2869 174 2927 67.
196 2866 262 2946 obj.
278 2871 307 2924 4.
330 2864 377 2924 Ea
389 2874 434 2923 est
446 2865 597 2925 verborum
614 2864 725 2924 Christi
737 2867 805 2924 satis
819 2866 902 2925 obvia
913 2863 1086 2942 explicatio:
1109 2873 1128 2901 ‘⁶
1142 2865 1286 2933 Quemad-

109 2965 200 3026 modum
213 2967 291 3025 hunc
306 2981 409 3042 panem
423 2963 543 3022 fractum
558 2965 639 3025 vobis
661 2964 804 3024 edendum
830 2955 973 3023 exhibeo:
996 2964 1040 3022 sic
1057 2982 1163 3040 corpus
1187 2983 1285 3022 meum

108 3076 158 3120 uox
174 3060 370 3140 frangendum,
385 3058 569 3137 affligendum
590 3071 618 3118 et
638 3061 867 3121 interficiendum
882 3080 934 3138 pro
948 3060 1030 3119 vobis
1059 3060 1200 3119 tradam.”
1242 3061 1286 3120 lta

111 3155 314 3220 Rosenmiiller.⁸
1097 3212 1099 3216 .

134 3256 210 3338 Rcap.
232 3254 323 3316 Nulla
334 3252 500 3329 hujusmodi
517 3255 692 3332 comparatio
706 3255 737 3314 in
751 3274 832 3314 sacro
853 3263 932 3313 textu
947 3253 1099 3312 invenitur.
1141 3252 1286 3329 Simplici-

108 3361 138 3410 ter
147 3352 208 3413 dicit
222 3352 360 3411 Christus
375 3347 445 3407 illud
460 3366 524 3408 esse
538 3370 642 3428 corpus
657 3365 686 3410 ct
707 3353 876 3429 sanguinem
891 3368 987 3417 suum,
1004 3349 1099 3425 ipsum
1113 3365 1217 3424 corpus
1233 3367 1287 3424 pro

107 3450 170 3510 nohis
182 3446 399 3515 immolandum,
415 3446 512 3523 ipsum
526 3450 695 3526 sauguinem
716 3469 768 3527 pro
782 3447 908 3526 peccatis
930 3445 1081 3523 expiandis
1095 3442 1283 3503 tundendum.

107 3546 140 3607 ab
150 3550 205 3629 eius
220 3547 314 3607 verbis
328 3563 388 3629 nou
401 3542 592 3605 recedendum
606 3557 661 3616 est,
670 3558 702 3606 ut
715 3547 811 3605 divina
825 3544 962 3622 mysteria
976 3551 1073 3602 nostro
1088 3540 1286 3600 accommode·
1336 3548 1343 3579 '-
1376 3554 1385 3577 ¹

107 3661 157 3705 uus
167 3643 331 3715 intellectui.
1233 3718 1237 3723 .

137 3745 177 3803 68.
198 3741 265 3822 obj.
281 3745 311 3798 5.
334 3746 354 3775 ‘⁶
367 3737 504 3798 Formula
517 3742 675 3801 estsimilis
689 3741 727 3810 ei,
742 3759 798 3815 qua
813 3756 881 3798 usus
896 3747 941 3796 est
954 3737 1056 3825 Moses
1068 3735 1165 3797 Exod.
1181 3737 1233 3796 xii.
1253 3737 1285 3798 ii.

111 3848 202 3915 etqua
233 3840 369 3902 israelitae
405 3837 522 3913 epulum
549 3838 682 3918 paschale
720 3837 894 3897 celebrantes
922 3835 962 3895 uti
989 3833 1138 3902 debebant,
1167 3852 1194 3892 v.
1235 3840 1286 3904 27,

108 3920 441 4025 nutarit-tuone*

137 4094 168 4159 (¹)
182 4097 312 4152 (temnit
334 4098 415 4151 Exod.
426 4096 472 4149 xii.
494 4095 566 4147 Matt.
576 4092 622 4144 ult.
1285 4082 1350 4331 Ὗ

138 4182 171 4250 (l)
184 4191 199 4218 “
206 4187 353 4240 Weshould
362 4189 425 4238 sarm
435 4184 497 4248 high
508 4179 667 4246 conception·
673 4177 703 4228 ol
709 4175 751 4228 tha
762 4175 844 4227 divine
854 4173 973 4241 promissa
981 4172 1031 4224 and
1041 4171 1203 4240 expensione,
1215 4169 1286 4227 auch,

111 4264 247 4337 immae,
257 4292 286 4326 aa
295 4275 362 4327 ‘this
373 4275 395 4325 ia
406 4288 449 4339 my
458 4271 538 4336 body?
551 4267 604 4332 (the
614 4267 673 4332 only
685 4264 835 4331 expression,
847 4261 861 4311 1
871 4261 972 4322 bebere,
983 4261 1010 4312 in
1026 4259 1069 4312 the
1080 4259 1159 4311 whole
1170 4257 1199 4307 ol
1206 4257 1287 4320 Scrip-

112 4359 162 4414 Μ,
169 4361 221 4411 used
236 4378 269 4413 on
280 4378 328 4413 one
338 4360 418 4424 single
435 4357 556 4416 occmiou,
567 4353 650 4418 which
660 4352 707 4404 has
727 4351 790 4401 beon
805 4347 920 4400 recorded
930 4347 986 4400 lonr
996 4346 1094 4400 distinct
1113 4345 1185 4397 times
1195 4341 1222 4393 in
1232 4356 1287 4408 pre-
1331 4334 1351 4485 J

113 4436 426 4508 *haemorroissam
443 4433 832 4501 Vol.iv.'l'ract.No.80.p.iii.
1059 4424 1065 4437 '

147 4523 180 4590 (θ)
194 4527 353 4584 ammona
364 4532 391 4583 a
399 4529 461 4581 rans
472 4526 540 4579 mr.
549 4526 591 4576 aa.

148 4609 178 4673 lb
190 4610 277 4671 Ibidem.

642 4678 699 4739 ra·
737 4746 742 4757 ,
1309 4706 1324 4751 ,
