2774 5056
498 328 556 388 DE
578 327 884 390 CONFESSlONE.
1232 332 1291 392 85³

85 498 206 556 tamque
226 491 422 564 usurpantur.¹
461 487 565 546 Narrat
585 488 717 546 Socrates
731 486 883 547 diaconum
899 485 1007 547 idcirco
1020 489 1056 546 ab
1070 487 1204 548 Ec'elesia
1218 490 1292 567 ejec-

88 591 162 650 tum,
176 592 207 641 et
220 584 316 642 turbas
331 603 449 661 magnas
477 585 624 651 excitatas,
638 595 668 643 et
681 584 845 662 abrogatum
858 584 1062 660 poenitentiarii
1080 603 1184 645 munus
1198 605 1206 644 r
1228 604 1293 660 que

87 681 188 741 omnia
202 683 312 759 optime
326 682 480 750 eohaerent,
494 683 520 755 pi
541 683 669 741 mulieris
689 682 796 741 indicio
820 681 896 759 apud
916 681 1143 741 ecclesiasticum
1160 682 1291 761 judicem

87 794 136 836 res
150 787 234 855 gesta
252 777 417 837 innotuerit.
459 778 603 837 Ceterum
619 786 676 837 tota
696 779 785 837 series
806 779 941 838 orationis
960 780 1054 839 obstat
1067 797 1104 838 ne
1125 778 1161 838 de
1176 780 1292 856 publiea

87 874 273 939 melarione
297 876 481 954 intelligatur,
495 894 584 951 quum
609 877 791 936 Sosomenus
816 875 892 936 dieat
915 896 1001 955 grase
1026 896 1060 935 ao
1085 877 1239 939 molestum
1256 881 1293 939 ab,

86 972 173 1032 initio
185 973 280 1034 risum
305 993 370 1034 esse
384 976 414 1034 in
433 983 507 1034 coetu
530 975 658 1034 fidelium
679 974 818 1034 confiteri.
858 974 928 1034 ldeo
948 987 1042 1036 autem
1063 975 1227 1054 abrogatum
1245 987 1291 1037 est

85 1087 204 1138 munus,
219 1070 297 1144 quod
311 1089 348 1130 ex
368 1071 541 1149 paenitentiae
562 1071 704 1149 impositu
717 1091 734 1130 a
754 1071 966 1148 paenitentiario
979 1073 1131 1132 occasione
1146 1082 1290 1151 patratum

87 1165 127 1225 sit
138 1165 263 1225 lacinus.
304 1167 420 1241 Cuique
435 1167 657 1244 deinceps-facta
668 1178 712 1227 est
725 1167 843 1226 manitas
856 1167 912 1226 sibi
937 1167 1115 1238 consulendi,
1126 1169 1211 1247 juxta
1221 1182 1290 1229 ceu·

86 1265 216 1325 scientiar
237 1264 388 1337 dictamen,
401 1267 471 1340 quin
491 1265 708 1334 penitentem,
729 1267 815 1325 etiam
829 1265 865 1326 de
885 1267 1062 1345 gravioribus
1076 1266 1198 1336 delictis,
1213 1269 1289 1328 sicut

89 1372 184 1431 autea
198 1362 331 1423 eundum
345 1364 417 1423 foret
426 1363 546 1440 judicio.
589 1361 720 1421 Profecti)
730 1363 866 1440 privatam
882 1363 1094 1423 confessionem
1108 1362 1186 1422 hand
1199 1364 1292 1424 fuisse
1347 1419 1349 1423 .

85 1558 168 1617 omni
181 1569 263 1619 aetate
275 1560 306 1618 in
320 1552 452 1618 Ecclesia
465 1557 793 1636 Constantinopolitana,
807 1560 881 1618 siout
894 1571 924 1618 et
935 1559 1051 1634 ubique,
1066 1558 1152 1620 fldem
1167 1558 1291 1630 iaciunt,

88 1666 119 1714 et
129 1672 171 1715 ss
183 1655 390 1716 consuetudine
403 1673 560 1730 numquam
574 1656 739 1732 interrupta,
751 1673 817 1730 quae
831 1656 924 1716 adlmc
937 1657 977 1716 ibi
996 1667 1134 1716 serratum

129 1757 197 1813 115.
222 1752 290 1832 obj.
311 1758 343 1815 8.
364 1751 468 1812 Omnis
483 1753 674 1812 consessionis
689 1752 758 1811 ritus
780 1754 930 1831 abrogatus
954 1763 999 1812 eet
1012 1753 1042 1813 in
1056 1753 1189 1813 lloelesia
1205 1753 1287 1814 Gon·

84 1849 353 1927 amnunopolitana:
376 1858 397 1886 ‘⁴
408 1848 493 1908 Hane
506 1859 599 1907 autem
614 1849 827 1926 abrogationem
843 1860 883 1908 tot
896 1849 967 1909 locis
980 1849 1127 1909 evidenter
1137 1850 1288 1928 Chryses·

84 1960 182 2008 tensus
206 1957 333 2018 testatur,
353 1946 675 2023 Genetantinopolitanoe
700 1956 729 2004 et
748 1946 812 2024 ipse
836 1947 976 2007 Ecclesiae
997 1947 1111 2026 presul,
1125 1957 1158 2007 ut
1180 1949 1285 2008 mirum

83 2047 124 2105 sit
143 2046 214 2104 istos
239 2043 438 2124 (Oatlrelieos)
459 2043 565 2102 audere
583 2054 682 2103 contra
702 2043 836 2103 mutire.”
878 2044 920 2105 lta
944 2044 1095 2115 Calvinus,
1115 2046 1165 2121 qui
1186 2047 1281 2124 pergit

88 2142 172 2221 plura
186 2141 391 2220 Chrysostomi
405 2142 510 2202 referre
523 2141 695 2201 testimonia.

127 2238 215 2318 Resp.
237 2239 467 2318 chrysostomus
480 2239 586 2317 sepius
608 2239 639 2298 in
658 2238 719 2297 suis
734 2240 921 2299 concionibus
934 2239 969 2300 aal
989 2241 1117 2300 muneris
1138 2241 1289 2301 Pennan-

84 2338 159 2398 tiarii
172 2339 383 2417 abrogationem
404 2336 528 2396 alludere
542 2336 662 2406 videtur,
677 2348 706 2395 et
726 2336 793 2397 inde
813 2356 928 2398 sumere
947 2339 1132 2399 occasionem
1150 2338 1282 2398 hortandi

83 2436 186 2496 fideles
199 2436 234 2495 sd
248 2437 460 2496 consessionem
474 2435 540 2495 Deo
551 2435 719 2495 faciendam.
762 2437 859 2505 Quum
873 2447 967 2497 autem
981 2437 1107 2496 maxime
1127 2435 1235 2496 laboret
1248 2438 1279 2496 is

83 2552 175 2613 prese
187 2532 306 2612 pudore,
319 2553 377 2608 quo
390 2535 425 2592 ab
439 2535 492 2592 hec
506 2533 698 2592 retinebantur
712 2534 851 2603 nonnulli,
867 2533 1047 2612 depellendo,
1060 2533 1152 2608 liquet
1164 2551 1230 2592 eam
1239 2534 1293 2594 iu?

82 2633 174 2711 telligi
188 2651 251 2707 qnae
264 2632 404 2691 sacerdoti
426 2631 481 2691 Dei
496 2632 572 2691 vices
587 2631 705 2690 obeunti
717 2634 759 2692 lit.
800 2633 853 2692 Sic
864 2633 895 2693 in
914 2632 990 2700 loco,
1009 2650 1095 2706 quem
1110 2633 1189 2690 inter·
1198 2633 1280 2709 plura

83 2731 184 2810 objicit
194 2729 344 2798 Calvinus,
359 2729 446 2788 dicit:
469 2738 489 2768 ‘⁴
501 2729 534 2789 Si
547 2729 604 2789 huc
624 2748 720 2804 usqne
738 2732 875 2790 fuerimus
898 2730 1086 2808 negligentes,
1101 2729 1281 2804 iniquitatem

82 2829 202 2906 inopus
217 2844 394 2904 progressam
411 2843 479 2884 mos
499 2825 664 2885 oocidamus
680 2845 732 2904 per
751 2827 972 2895 confessionem,
989 2844 1040 2904 per
1059 2825 1212 2903 lacrymas,
1228 2845 1283 2904 per

81 2927 263 3006 propriorum
278 2926 498 2985 commissomm
511 2926 733 2986 accusationem.
764 2926 851 2986 Nihil
863 2927 940 2986 enim
955 2936 1013 2986 tem
1028 2925 1143 2985 exitiale
1155 2916 1286 3004 peccalo,

83 3041 170 3099 quarn
190 3023 298 3101 peceati
322 3021 468 3080 accusatio
489 3021 758 3097 condemnatioque,
788 3041 853 3083 cum
882 3021 1064 3102 paenitudine
1086 3022 1285 3100 lacrymisque

81 3119 243 3197 conjuncta.
272 3116 479 3177 condemnasti
489 3129 636 3194 ροοιιιιιιιιιι
649 3119 753 3177 tuuml
772 3117 930 3196 deposuisti
941 3118 1093 3177 sarcinam.
1129 3118 1202 3186 Quis
1218 3118 1284 3176 liare

69 3216 174 3278 cient
196 3217 260 3294 ipse
279 3214 370 3293 judex
384 3214 476 3274 Deus.
519 3214 574 3273 Dic
589 3226 617 3272 tu
639 3226 758 3291 peccata
771 3223 820 3274 tua
840 3217 923 3293 prior
932 3225 963 3273 ut
983 3215 1173 3293 justificerisi
1215 3215 1282 3276 Gur

81 3316 219 3395 igitur,te
239 3332 348 3387 quaeso,
368 3312 504 3390 pudescis
523 3323 553 3372 et
572 3313 717 3371 erubescis
740 3312 839 3372 diaere-
857 3323 972 3391 peccata
992 3314 1060 3371 tual
1101 3311 1181 3371 Cave
1203 3314 1281 3375 enlm

80 3414 195 3475 bomini
214 3412 331 3480 dixeris,
345 3431 384 3470 ne
397 3412 447 3470 tibi
460 3412 627 3490 opprobret,
666 3411 776 3486 Neque
785 3412 866 3471 eninr
881 3429 1020 3471 conservo
1033 3410 1193 3480 confiteris,
1205 3420 1237 3469 ut
1250 3413 1280 3471 is

80 3512 229 3592 pablioum
244 3512 376 3589 proferat,
391 3510 441 3569 sed
453 3511 482 3569 ei
495 3511 545 3584 qui
565 3509 708 3570 Dominus
722 3519 776 3579 est,
795 3509 887 3584 siqui
911 3509 955 3568 tui
966 3527 1065 3569 curam
1083 3508 1167 3587 gerit,
1181 3508 1208 3567 si
1228 3510 1279 3583 qui

80 3611 226 3672 bemanus
239 3621 293 3676 est,
307 3611 336 3669 ei
349 3610 398 3684 qui
412 3608 541 3668 medicus
555 3618 609 3682 est,
622 3607 751 3668 ostendis
763 3607 928 3668 vnlnera.”’

124 3710 192 3768 llo.
217 3705 284 3785 obj.
298 3710 328 3765 9.
349 3705 528 3765 Venerabilis
542 3703 622 3764 Beda
635 3703 720 3764 dicit:
744 3714 764 3743 ‘⁶
777 3705 916 3779 Quisquis
928 3704 974 3764 rel
986 3703 1120 3763 heretice
1129 3704 1277 3781 pravitate,

81 3807 129 3868 rel
141 3805 343 3884 superstitione
358 3804 466 3882 gentili,
481 3803 527 3862 vel
540 3802 660 3862 Judsioe
674 3801 804 3880 perfidia,
818 3803 864 3862 rel
877 3803 964 3862 etiam
976 3800 1130 3861 schismate
1144 3801 1277 3874 iratemo,

81 3904 166 3981 quasi
179 3904 260 3963 rasio
268 3903 364 3963 colore
378 3921 429 3981 per
442 3901 561 3961 Domisi
582 3901 700 3980 gmtiam
714 3901 844 3971 caruerit,
865 3919 988 3961 neeesse
1007 3909 1052 3959 est
1065 3898 1102 3959 erl
1114 3900 1276 3961 Ecclesiam

112 4120 152 4180 (l)
169 4115 263 4169 (lenset
273 4118 379 4168 Persona
390 4116 474 4167 iterato
484 4131 539 4167 eam
547 4116 683 4169 conium
693 4132 747 4168 essa
757 4115 822 4183 apud
829 4114 1043 4183 paenitentiarlum,
1050 4113 1156 4181 quoiam
1166 4114 1276 4166 mrum

79 4204 176 4257 Vslssli
184 4204 318 4269 colligiturr
335 4212 418 4256 textas
428 4211 488 4256 vero
501 4202 629 4257 innume
639 4204 718 4269 magis
729 4204 838 4264 clauom,
848 4202 898 4254 sisi
908 4201 976 4268 quoe
984 4201 1094 4268 suipsius
1102 4200 1196 4252 dicatur
1205 4200 1277 4252 dalis·

77 4301 135 4345 acm
156 4292 223 4359 quod
244 4292 337 4343 dotauit.
372 4290 480 4342 rasurus
490 4291 626 4356 explicetur
644 4290 765 4357 quomode
780 4306 819 4341 res
834 4288 959 4353 divulgata
974 4288 1007 4339 sit
1016 4304 1074 4339 cnm
1085 4294 1153 4338 tanto
1169 4303 1277 4341 munstar

77 4378 256 4433 Ponitentisrii
263 4379 327 4440 obe,
336 4377 478 4428 siffioamus
486 4393 543 4429 sem
551 4377 666 4429 ‹letuliu
674 4385 794 4442 stuprum,
803 4376 884 4426 lernau
895 4374 927 4426 ad
937 4373 1237 4441 ipsum'Pmnitentisrium
1248 4373 1276 4424 ίιι

76 4467 132 4517 loro
138 4472 222 4516 umen
233 4472 341 4516 externo.
376 4461 501 4513 Craterum
507 4461 618 4528 plurimis
628 4461 682 4513 aliis
689 4461 821 4513 rationibus
831 4477 873 4511 res
880 4459 960 4527 potuit
970 4459 1128 4511 income

116 4552 158 4620 (Β)
175 4550 215 4603 Da
225 4551 320 4603 Lasaro
329 4548 439 4600 Concio
433 4564 464 4599 rr.
473 4556 490 4599 ι.
503 4548 528 4600 ii.
537 4564 562 4615 p
571 4550 630 4599 548.
662 4548 727 4600 Vide
734 4548 800 4614 spurl
809 4547 928 4599 iacobum
936 4545 1058 4599 Boilssu
1050 4561 1078 4598 ιιι
1088 4542 1197 4597 Historia
1208 4542 1276 4596 Oou·

77 4631 914 4701 ffimusuricutsrisaxiistxiutocaulqmtonsmmm
1245 4614 1308 4770 ¹

658 4743 715 4800 ³0*
