2774 5056
412 311 469 373 DE
489 311 768 374 SAORAMENTI
788 311 987 373 RATIONE.
1236 318 1297 376 278

90 470 278 544 relinqueret,
293 470 393 529 salutis
408 470 568 531 discrimini
582 471 736 531 obnoxios.
764 471 981 533 Absolutionem
992 473 1228 532 sacramentalem
1238 491 1297 548 qna

94 568 269 646 prenitentes
285 567 349 626 Deo
369 568 623 627 reconciliabantur
643 587 660 626 a
680 567 839 636 (laconica,
854 586 912 642 qus
924 569 1066 628 Ecclesia
1080 570 1298 630 resumebantnr

94 665 316 739 Communium,
324 676 353 769 pt
363 665 490 725 fidelium
500 666 624 743 juribus,
635 677 731 742 aperto
740 665 889 743 distinguit
899 667 1081 726 Sozornenus
1090 666 1298 727 Poenitentiarii

95 782 201 822 munus
216 762 402 821 describens:
426 761 501 820 “Ad
516 779 600 836 quern
616 762 785 821 accedentes
806 763 827 822 ii
847 763 897 837 qui
917 761 1104 837 deliquerant,
1126 776 1207 828 actus
1227 782 1297 825 suus

95 860 325 928 confitebantur3
346 859 396 918 ille
410 857 477 917 verd
492 877 544 936 pso
558 859 698 937 cujusque
712 858 818 918 delicto
841 858 910 933 quid
930 868 979 918 aut
992 859 1085 918 facere
1095 859 1235 938 singulos,
1250 871 1299 919 aut

95 957 175 1017 luere
189 965 343 1035 oporteret,
357 974 451 1033 poeuae
464 955 529 1016 loco
542 955 683 1024 indicens,
696 955 858 1015 absolvebat
871 957 1039 1016 coufitentes
1049 976 1068 1015 a
1080 958 1185 1034 seipsis
1198 975 1298 1034 poeuas

96 1055 252 1115 cuminum
283 1053 482 1115 exacturos.”²
533 1055 580 1114 En
615 1054 825 1114 absolutionem
856 1056 1092 1115 sacramentalem
1119 1067 1183 1115 ante
1207 1058 1299 1134 poeui-

95 1155 214 1213 tentiam
234 1165 387 1230 peractam.
430 1153 475 1212 De
495 1153 672 1212 absolutione
687 1153 825 1211 canonica
848 1153 1033 1231 intelligenda
1052 1163 1120 1213 sunt
1139 1172 1203 1228 quse
1218 1155 1296 1214 dein·

96 1270 168 1329 ceps
189 1251 276 1310 refert
297 1251 332 1310 de
355 1251 474 1310 aliarum
499 1251 697 1310 Ecclesiarum
719 1251 857 1310 moribus.
907 1257 928 1288 ‘⁶
945 1251 1013 1310 Ubi·
1028 1268 1098 1310 vem
1124 1252 1298 1329 praestitutus

49 1352 52 1361 '
98 1347 161 1407 dies
173 1348 308 1417 advenit3
324 1359 468 1421 tamquam
482 1345 577 1405 debito
591 1346 714 1421 quodam
729 1346 885 1424 persoluto,
897 1366 914 1404 a
924 1365 1010 1424 piena
1022 1348 1172 1407 commissi
1182 1349 1298 1407 sceleris

98 1447 245 1515 liberatur,
260 1456 288 1505 et
302 1446 413 1520 reliquo
424 1446 565 1505 Ecclesiae
579 1444 687 1523 populo
701 1447 835 1505 sociatur.
876 1444 949 1503 Haeo
960 1445 1091 1523 episcopi
1101 1445 1187 1505 Urbis
1198 1447 1299 1506 Romae

96 1543 133 1602 ab
146 1543 247 1602 ultima
261 1552 399 1601 vetustate
416 1541 451 1602 ad
467 1552 594 1602 nostram
612 1561 704 1616 usque
725 1550 837 1600 aetatem
858 1541 1053 1602 custodiunt.”
1094 1543 1201 1617 Liquet
1213 1544 1300 1621 igitur

97 1658 154 1700 nec
179 1640 271 1718 ipsam
296 1642 424 1717 priorum
446 1639 616 1698 saeculorum
641 1638 821 1717 disciplinam
835 1639 871 1697 iis
892 1638 1041 1717 suffragari
1062 1641 1111 1713 qui
1124 1641 1300 1717 contendunt

97 1739 298 1817 penitentiam
312 1737 475 1796 necessarii
488 1735 688 1815 peragendam,
702 1748 852 1808 antequam
863 1739 928 1809 quis
941 1738 1024 1797 venia
1036 1739 1066 1797 iu
1075 1757 1155 1797 sacro
1167 1739 1299 1798 tribunali

96 1837 231 1898 donetur.
274 1836 358 1894 Mitis
371 1833 474 1913 agendi
488 1836 570 1903 ratio,
586 1854 641 1908 qua
655 1853 722 1893 vere
737 1836 885 1910 poenitenti
898 1836 993 1894 statim
1009 1835 1177 1912 ignoscitur,
1190 1837 1301 1897 Christi

95 1934 196 1994 nititur
219 1931 399 1991 documentis
426 1945 455 1991 et
481 1931 590 2008 gestis3
621 1931 779 2008 paralytico
803 1930 913 1989 scilicet
937 1931 1032 1990 statim
1053 1932 1181 1999 indulsit,
1210 1952 1300 2008 seque

96 2030 219 2110 pastori,
234 2030 409 2089 aberrantem
425 2046 510 2088 ovem
524 2030 619 2086 statim
634 2029 666 2087 in
680 2029 755 2087 ovile
778 2029 920 2096 referenti,
935 2040 964 2088 et
978 2029 1056 2088 Patri
1070 2031 1099 2089 iu
1114 2031 1245 2091 osculum
1259 2049 1302 2090 re·

99 2128 239 2187 vertentis
254 2126 368 2206 prodigi
394 2127 490 2186 ruenti
516 2125 705 2185 assimilavitr
736 2134 755 2163 “
768 2125 837 2184 Cito
857 2125 981 2202 proferte
1002 2125 1104 2185 stolam
1133 2126 1303 2203 primam.”⁸

99 2225 133 2284 Β.
146 2224 380 2301 chrysostomus
393 2224 423 2282 iu
437 2222 557 2283 homilia
570 2224 698 2297 quinque
710 2221 811 2281 diebus
825 2234 890 2282 ante
902 2223 1005 2281 festum
1016 2222 1125 2281 Christi
1135 2223 1300 2285 Natiuitatis

96 2322 198 2382 habita
211 2321 300 2380 dicit:
324 2321 462 2393 “Neque
480 2320 551 2379 mihi
573 2322 725 2393 quisquam
747 2320 871 2388 dixerit3
895 2333 1025 2388 ‘vescon
1047 2320 1138 2379 habeo
1152 2323 1301 2382 couscien-

98 2418 168 2478 tiam
184 2417 310 2494 peccatis
324 2417 480 2494 oppletam,
495 2418 636 2476 sarcinam
651 2417 820 2476 circumfero
833 2417 1054 2492 gravissimam.’
1095 2417 1208 2477 Sufficit
1221 2420 1300 2490 enim

98 2517 205 2576 lterum
220 2515 347 2590 quinque
361 2515 472 2574 dierum
487 2525 611 2592 tempus,
627 2515 653 2572 si
671 2515 783 2573 sobrina
798 2515 895 2582 fueris,
910 2514 937 2573 si
951 2524 1083 2582 attentus,
1098 2517 1124 2574 si
1138 2517 1301 2594 vigilaveris

99 2621 133 2671 ut
154 2611 366 2670 multitudinem
387 2621 569 2687 peccatorum
589 2609 692 2670 reddas
713 2612 941 2670 contractiorem.
985 2613 1050 2670 Nec
1070 2611 1139 2671 illud
1155 2614 1299 2689 perpende

99 2709 179 2784 quod
190 2710 276 2767 breve
290 2719 335 2767 est
347 2718 462 2785 tempus
476 2728 487 2780 ς
507 2709 560 2767 sed
574 2708 643 2767 iilud
656 2707 816 2778 considera,
832 2708 908 2782 quod
924 2708 1065 2787 benignus
1079 2720 1123 2768 est
1138 2710 1299 2771 Dominusr

99 2804 335 2881 quandoquidem
348 2817 379 2863 et
393 2805 531 2865 Ninivitoe
546 2805 631 2864 tridui
645 2806 738 2882 spatio
751 2814 857 2865 tautam
879 2806 950 2864 isam
964 2805 1020 2864 Dei
1043 2825 1106 2865 ase
1120 2807 1299 2884 depulerunt.

105 2899 172 2962 Nec
186 2902 295 2961 obstitit
317 2901 375 2960 iliis
400 2905 538 2979 temporis
563 2903 714 2980 angustia3
735 2902 787 2960 sed
808 2903 896 2961 animi
918 2903 1112 2981 promptitudo
1125 2905 1301 2981 amplectens

98 3000 220 3060 Domini
237 2999 440 3076 benignitatem
462 3009 552 3058 totum
575 3018 711 3077 peragere
737 2999 835 3059 valuit.
878 3001 918 3060 Et
931 3001 1067 3061 meretrix
1080 3002 1129 3061 illa
1142 3003 1220 3063 brevi
1233 3014 1302 3063 tem·

96 3098 177 3176 poris
192 3108 350 3164 momento,
371 3114 438 3154 curn
463 3095 499 3154 ad
525 3094 676 3155 Christum
706 3099 896 3165 accessissets
925 3099 1023 3158 omnia
1051 3099 1154 3176 probra
1174 3099 1303 3158 diluit.”³

103 3194 214 3254 Merito
228 3193 314 3270 igitur
334 3192 480 3252 damnavit
496 3194 598 3252 Sixtus
614 3192 669 3252 lv.
689 3194 765 3252 hanc
785 3194 864 3254 Petri
889 3193 925 3253 de
949 3194 1040 3255 Osma
1064 3198 1300 3273 propositionem.

97 3301 122 3338 -“
137 3291 208 3351 Non
232 3303 301 3350 sunt
320 3289 488 3349 absolvendi
508 3291 690 3368 prenitentes,
712 3292 768 3349 nisi
790 3301 904 3368 peracta
923 3293 1003 3369 prius
1023 3294 1190 3369 penitentia
1202 3295 1244 3353 eis
1259 3294 1301 3353 iu·

97 3385 250 3467 juncta.”⁴
355 3464 358 3469 .

142 3490 211 3548 lor.
227 3484 315 3544 Fides
326 3484 624 3547 docetsacsrdotalem
638 3498 806 3564 potestatem
817 3487 922 3562 requiri
931 3488 961 3549 iu
973 3489 1145 3566 penitentie
1158 3490 1299 3558 ministro.

98 3584 177 3660 quod
199 3584 340 3660 scriptura
359 3591 388 3641 et
409 3594 551 3661 perpetua.
567 3585 717 3644 traditione
738 3586 800 3644 uixi
819 3584 991 3647 definierunt
1011 3586 1174 3647 Tridentini
1195 3600 1299 3664 patres.

99 3681 166 3740 “Si
190 3681 256 3754 quis
282 3679 415 3740 dixerit.
439 3722 447 3740 .
470 3722 479 3740 .
501 3700 558 3742 uon
584 3683 663 3741 solos
684 3683 845 3742 sacerdotes
867 3702 932 3743 esse
954 3684 1098 3744 ministros
1113 3685 1299 3747 absolutionis

99 3821 108 3838 .
131 3820 140 3837 .
163 3819 172 3836 .
194 3777 348 3837 anathema
361 3777 444 3837 εἰῑ.”ὅ
484 3779 572 3838 “Jus
586 3780 674 3848 hdc‚”
690 3778 784 3854 inquit
798 3782 978 3850 Ambrosius.
1001 3783 1104 3841 “solis
1126 3785 1299 3860 permissum

97 3874 297 3937 mcerdoubus
311 3875 403 3935 est.”⁰
442 3886 463 3914 ‘⁶
476 3877 527 3936 Sic
539 3877 646 3937 divine
655 3879 788 3938 bonitatis
804 3879 944 3956 praesidiis
958 3878 1116 3940 ordinatis’'
1131 3882 1224 3956 iuquit
1237 3883 1300 3943 Leo

98 3976 146 4036 M.
171 3983 191 4012 ‘⁴
204 3987 235 4033 ut
257 3974 434 4053 indulgentia
456 3975 512 4035 Dei
534 3977 592 4036 uisi
611 3978 870 4057 supplicationibus
890 3978 1070 4039 sacerdotum
1090 3991 1213 4055 nequeat
1229 3982 1301 4042 obti-

136 4134 181 4199 (1)
202 4131 269 4183 nisu
280 4128 349 4184 Eccl.
360 4133 377 4183 1.
388 4133 431 4183 vii.
444 4149 464 4185 c
476 4130 526 4186 xvi.

139 4219 185 4286 (2)
205 4215 267 4269 Luc.
276 4235 318 4269 xv.
328 4223 370 4270 22.

133 4305 178 4370 (3)
198 4300 275 4354 lieni.
286 4302 317 4354 de
328 4304 356 4354 S.
370 4303 532 4367 Philogouio.

137 4391 181 4456 (4)
201 4386 317 4439 Eundem
328 4404 431 4439 errorem
443 4390 567 4441 damnavit
579 4391 651 4441 Alex.
663 4387 732 4441 vui.
743 4406 783 4441 su.
793 4393 865 4454 luto,
875 4409 944 4459 prop.
954 4395 1044 4449 le.·r·t.
1053 4405 1077 4447 et
1090 4398 1303 4461 lascurrensem,

99 4483 126 4528 et
137 4474 258 4526 Chorene
268 4474 314 4526 XI.
326 4476 354 4524 in
363 4475 438 4527 Bulla
453 4475 603 4544 vulgaritas
613 4492 681 4544 prop.
694 4481 734 4527 st.
745 4481 788 4528 88.

138 4560 184 4628 (d)
206 4560 272 4611 Sess.
284 4560 334 4610 xiv.
345 4576 400 4626 cap.
410 4577 436 4611 x.

137 4651 179 4712 (6)
195 4647 536 4714 namneticum.

184 4735 261 4796 Vua.
278 4733 416 4797 lli—aa
