2774 5056
371 319 438 380 ,DE
461 318 598 380 SEXTO
619 319 796 380 JOANNIS
817 319 983 381 ChPlTE.
1223 322 1279 380 129

107 484 129 531 et
139 477 269 554 cogitatio,
280 479 321 539 nil
335 479 450 557 prodest
463 481 493 538 in
502 480 569 538 fidei
583 481 728 557 mysteriis
742 480 909 538 scrutandis.
939 479 1010 547 Qua
1022 480 1184 556 protulerat,
1197 478 1280 556 spiri·

106 581 380 646 tun-nosopa-esse
389 590 417 637 et
432 579 518 636 vitam
529 577 611 647 dixit,
627 578 783 655 spiritualia
797 578 954 645 etvivifica,
965 597 981 634 a
992 576 1089 636 divino
1098 578 1205 655 Spiritu
1218 595 1281 655 pro·

104 666 168 738 lecta,
178 682 206 730 et
215 675 349 732 veritates
358 675 468 734 divinas
481 677 647 751 spectantia,
658 694 777 748 quarum
786 674 858 733 fides
868 676 998 751 spiritum
1010 684 1038 733 et
1048 675 1134 733 vitam
1144 675 1280 733 afferret.²

103 767 276 831 edessem
290 773 406 847 illisqui
423 775 520 832 animo
534 793 592 832 non
607 774 739 833 fovebant
750 773 845 842 fidem,
862 775 942 832 norit
951 774 1025 850 ipse,
1040 774 1168 832 cordium
1188 792 1277 847 quum

101 877 160 923 esset
171 879 319 927 scrutator.
349 870 431 928 Fidei
446 871 532 947 igitur
543 872 741 928 necessitatem
758 870 802 927 his
814 870 908 928 verbis
920 869 1081 938 inculcavit,
1091 889 1157 928 nam
1172 871 1278 943 absque

99 979 124 1019 es
135 974 236 1024 tantum
251 986 384 1026 arcanum
411 987 497 1026 nemo
517 968 608 1043 potuit
629 968 771 1045 amplecti,
787 987 871 1040 quam
887 967 944 1026 Dei
957 968 1064 1026 donum
1079 986 1153 1036 esse,
1169 967 1279 1044 magnis

98 1062 212 1135 precibus
225 1064 431 1141 expetendum,
447 1064 558 1142 magnis
573 1064 722 1123 desideriis
737 1064 932 1141 exoptandum
946 1065 1061 1123 tandem
1076 1065 1178 1122 innuit.

125 1161 168 1215 24.
187 1159 254 1218 Jam
269 1159 336 1219 verb
351 1163 376 1219 si
391 1162 460 1234 quid
474 1163 504 1220 in
518 1175 615 1221 nostra
635 1161 720 1238 hujus
744 1163 884 1219 sermonis
912 1162 1103 1237 explicatione
1124 1161 1278 1218 obscurum

95 1254 131 1312 vel
142 1258 305 1336 ambiguum
320 1258 458 1325 videatur,
471 1270 590 1319 eventus
606 1259 792 1318 attendendus
807 1267 896 1317 estut
912 1278 1064 1317 noscamus
1086 1267 1179 1317 utrum
1193 1259 1279 1317 inter·

94 1357 228 1428 poetitioni
241 1366 350 1417 nostrae
363 1358 531 1418 conveniat:
554 1358 664 1417 scilicet
677 1359 702 1416 si
718 1369 782 1434 post
791 1357 901 1416 Christi
912 1357 1133 1434 explicationem
1143 1357 1276 1433 discipuli

93 1452 238 1526 pertinaces
252 1455 362 1513 inventi
373 1456 440 1524 sint,
453 1467 481 1514 et
493 1458 658 1534 magistrum
672 1456 860 1525 deseruerint,
872 1453 971 1514 meritd
986 1454 1133 1513 inserimus
1144 1473 1209 1513 eum
1219 1472 1277 1513 suae

92 1550 224 1608 scentia
238 1550 373 1610 duritiem
387 1553 462 1611 haud
478 1553 663 1612 emollivisse.
705 1554 747 1612 lta
758 1564 851 1613 autem
862 1571 959 1611 revera
973 1552 1110 1630 contigit:
1128 1560 1147 1587 ‘⁶
1159 1553 1207 1610 Ex
1221 1551 1277 1610 boc

92 1645 160 1704 multi
173 1645 380 1726 discipulorum
395 1651 459 1729 ejus
475 1651 603 1710 abierunt
618 1663 708 1710 retro:
730 1662 759 1708 et
774 1651 834 1728 jam
850 1670 907 1709 non
922 1669 986 1708 cum
1003 1648 1052 1707 illo
1066 1647 1277 1707 ambulabant.”

92 1741 158 1822 Ergo
178 1746 237 1804 illis
251 1766 422 1824 persuasum
437 1761 482 1807 est
496 1748 644 1808 Christum
666 1750 824 1828 perstitisse
835 1750 866 1807 in
879 1768 913 1807 ea
933 1747 1099 1807 affirmanda
1111 1767 1170 1806 sues
1184 1747 1276 1806 carnis

92 1840 308 1913 manducatione,
323 1864 409 1919 aqua
423 1845 487 1904 illos
501 1847 651 1905 abhorrere
663 1857 788 1905 novarat.
831 1845 982 1919 Numquid
996 1845 1145 1904 infeliciter
1159 1844 1278 1903 Christo

91 1938 164 1997 cessit
175 1955 399 2001 suam-mentem
414 1943 523 2019 aperire
538 1944 666 2002 volenti?
687 1942 825 2016 numquid
839 1943 984 2001 omisisset
1004 1959 1120 2001 omnem
1144 1948 1277 2000 conatum

91 2033 120 2092 ad
131 2035 286 2115 discipulos
299 2039 475 2109 retinendos,
486 2040 570 2099 claris
584 2051 613 2099 et
626 2041 730 2119 apertis
745 2041 848 2109 verbis,
863 2042 889 2098 si
903 2039 976 2098 male
989 2039 1198 2098 intellexissent
1212 2040 1275 2117 ejus

91 2133 170 2203 verba,
185 2155 275 2211 quum
290 2137 354 2214 ipsa
367 2138 403 2197 de
420 2138 482 2197 sola
495 2138 551 2197 tide
564 2150 669 2216 ageret,
684 2138 729 2198 sel
742 2139 777 2198 de
791 2138 932 2215 symbolis
946 2147 974 2196 et
988 2138 1098 2215 signis?

122 2234 165 2290 25.
186 2233 232 2293 Ad
245 2235 404 2312 Apostolos
417 2255 494 2295 nuno
508 2236 607 2296 oculos
622 2247 787 2296 convertere
801 2245 922 2314 oportet,
936 2244 969 2293 ut
982 2235 1051 2310 quid
1064 2235 1121 2312 ipsi
1134 2235 1277 2294 senserint

93 2340 241 2399 noscamus,
256 2349 324 2390 nam
348 2331 520 2391 credendum
541 2351 592 2390 eos
620 2333 721 2391 saltem
745 2351 844 2392 verum
864 2332 1015 2390 verborum
1029 2349 1146 2389 sensum
1171 2330 1276 2404 aliqua·

93 2431 161 2485 teum
180 2427 370 2487 intellexisse.
413 2429 527 2489 “Dixit
546 2448 613 2507 ergo
640 2430 727 2489 Jesus
756 2429 791 2487 ad
814 2428 981 2487 duodecim:
1004 2426 1153 2501 Numquid
1175 2436 1204 2485 et
1222 2445 1275 2486 vos

92 2520 161 2581 tultis
184 2525 286 2584 abiret
328 2525 490 2604 Respondit
512 2545 581 2604 ergo
594 2527 622 2586 ei
643 2527 745 2586 Simon
765 2526 886 2585 Petrus:
909 2525 1044 2593 Domine,
1060 2523 1094 2582 ad
1122 2542 1209 2598 quem
1222 2524 1275 2583 ibi·

93 2621 165 2678 must
184 2623 270 2681 verba
284 2624 350 2682 vitae
365 2634 476 2684 reterns
490 2624 589 2683 habes.
632 2625 672 2683 Et
683 2643 736 2683 nos
750 2622 932 2691 credidimus,
947 2633 976 2682 et
994 2622 1193 2700 coguovimus,
1208 2620 1276 2695 quia

92 2724 116 2773 u
134 2735 162 2776 es
181 2719 319 2780 Christus
343 2721 435 2781 Filius
457 2722 523 2782 Dei.
566 2720 727 2800 Respondit
745 2722 773 2781 ei
786 2722 892 2780 Jesus:
915 2721 1021 2780 Nonne
1036 2737 1090 2798 ego
1104 2738 1155 2778 vos
1170 2717 1276 2778 duode-

72 2889 75 2895 ,
93 2812 136 2872 cim
148 2816 237 2896 elegi:
259 2828 340 2879 etex
354 2821 437 2879 vobis
453 2840 528 2879 unus
542 2820 672 2880 diabolus
687 2822 756 2879 es'tl
784 2820 906 2880 Dicebat
920 2830 1015 2878 autem
1024 2817 1130 2877 Judam
1145 2819 1273 2877 Simonis

93 2907 261 2975 lscariotem:
285 2916 334 2975 hic
345 2916 422 2976 enim
437 2928 497 2976 erat
522 2916 672 2977 traditurus
686 2937 763 2986 eum,
779 2937 844 2977 cum
859 2926 936 2976 esset
948 2935 1023 2975 unus
1037 2933 1074 2974 ex
1088 2913 1273 2975 duodecim.’'

93 3003 179 3082 liquet
205 3013 366 3090 Apostolos
391 3031 450 3072 non
471 3013 526 3072 alia
549 3012 713 3073 conditione
740 3014 854 3072 invitari
873 3023 906 3072 ut
924 3021 1066 3081 maneant,
1093 3013 1148 3070 nisi
1171 3010 1274 3070 humili

93 3109 178 3167 uenus
191 3128 313 3169 assensu
327 3110 499 3188 excipiendo
513 3130 577 3185 qua
593 3111 726 3170 Christus
741 3110 852 3170 dixerat
864 3131 872 3180 ς
893 3129 983 3185 saque
998 3109 1034 3169 de
1047 3129 1133 3169 causa
1156 3110 1274 3169 Petrum

91 3204 189 3265 nomine
202 3217 371 3266 ceterorum
387 3208 529 3284 integrum
544 3208 670 3284 profiteri
694 3209 874 3282 obsequium.
917 3208 986 3267 Non
1000 3208 1102 3284 allegat
1126 3205 1273 3264 disceden-

91 3297 145 3359 tium
165 3320 302 3372 srrorem,
318 3322 376 3377 quo
390 3305 477 3362 verba
497 3305 626 3381 magistri
647 3323 794 3381 perperam
816 3305 990 3381 interpretati
1011 3315 1086 3370 aunt,
1110 3301 1161 3359 sed
1184 3303 1271 3380 hujus

91 3397 279 3467 auctoritatem,
295 3399 342 3458 cui
357 3399 441 3458 aliam
461 3400 600 3458 anteferre
625 3400 705 3458 nefas
719 3401 802 3459 soret.
843 3400 968 3473 Eloquia
981 3408 1010 3458 et
1023 3399 1193 3458 documenta
1207 3398 1271 3474 ejus

91 3490 160 3552 vitem
172 3495 276 3555 afferre
290 3495 472 3555 credentibus
486 3499 612 3573 agnovit,
628 3509 656 3555 et
676 3499 804 3557 omnium
819 3498 935 3556 nomine
949 3495 1035 3555 fidem
1058 3494 1202 3572 professus
1217 3504 1271 3563 est,

90 3604 210 3652 noverant
220 3595 302 3654 enim
312 3594 439 3653 divinam
451 3596 514 3673 ejus
526 3597 665 3673 originem
680 3605 709 3653 et
720 3609 846 3654 naturam
856 3613 891 3652 ex
903 3595 939 3652 iis
951 3613 1014 3668 quoe
1027 3602 1133 3671 patrata
1144 3593 1272 3652 viderant

49 3717 53 3723 ·
90 3688 219 3768 prodigiis.
263 3693 349 3752 Unus
371 3703 465 3751 tamen
487 3695 560 3751 inter
586 3694 651 3753 illos
673 3693 754 3750 latuit
774 3691 942 3770 perditionis
963 3692 1050 3760 filius,
1065 3709 1152 3765 quem
1165 3692 1274 3752 notavit

89 3781 215 3858 Christus,
230 3808 269 3848 ne
283 3789 394 3864 quisse
408 3790 480 3849 falsa
494 3791 604 3868 pietatis
620 3792 717 3869 specie
727 3788 824 3868 decipi
839 3800 959 3867 putaret.

118 3887 160 3945 26.
180 3888 229 3947 Ex
244 3897 303 3948 tota
317 3888 367 3947 illa
380 3890 540 3949 narratione
562 3891 700 3949 invictum
721 3909 795 3948 vers
810 3890 902 3948 carnis
917 3888 1027 3947 Christi
1041 3888 1071 3946 in
1087 3889 1272 3949 sacramento

88 3977 183 4053 dende,
209 3985 435 4045 substantialiter
458 3997 488 4044 et
514 3986 636 4057 realiter,
664 3989 783 4046 habetur
807 3997 1027 4063 argumentum:
1056 4004 1145 4060 quum
1174 3988 1293 4045 cibum·

90 4079 174 4141 adme
186 4083 335 4143 scelestam
349 4102 382 4142 se
396 4084 527 4144 daturum
548 4087 721 4163 promiserit,
736 4104 860 4159 eumque
881 4102 962 4142 suam
983 4102 1097 4143 carnem
1121 4084 1182 4143 iore
1196 4084 1269 4142 affir-

92 4180 201 4249 narses,
213 4200 266 4242 nec
281 4183 522 4243 murmurantibus
547 4184 667 4253 Judaeis,
682 4204 735 4244 nec
755 4180 965 4242 discedentibus
986 4182 1134 4259 discipulis
1160 4183 1269 4258 mitiga·

96 4274 221 4356 vcritcjcs
233 4281 332 4350 verba,
346 4280 397 4339 ssd
418 4282 566 4360 Apostolis
587 4283 799 4361 significaverit,
820 4281 856 4340 iis
877 4280 962 4339 etiam
990 4279 1136 4340 discedere
1163 4297 1214 4357 per
1234 4295 1266 4336 ss

44 4418 46 4425 =
95 4364 235 4441 limorum
248 4377 355 4437 vellent
367 4396 502 4437 mearum
513 4378 590 4453 quod
604 4379 754 4457 proposuit
767 4387 826 4437 toto
836 4377 940 4439 mentis
949 4379 1087 4453 obsequio
1101 4374 1225 4434 adorare.

237 4569 278 4639 (1)
297 4570 363 4624 Viuo
373 4571 445 4624 Rom.
454 4572 506 4627 siit.
513 4574 538 4625 d.
549 4573 592 4626 ubi
601 4573 681 4625 cernis
691 4581 716 4624 st
727 4571 826 4639 spiritus
837 4590 924 4627 sensus
934 4573 1058 4624 evolvitur.
