2774 5056
459 323 515 384 nu
537 323 834 384 suonrnnuuo.
1093 280 1098 290 ’
1220 314 1260 371 vt

91 483 190 559 Spiritus
205 485 307 544 Sancti
319 502 356 543 eo
368 485 423 542 ritu
437 483 568 551 conferri,
582 484 667 543 etiarn
682 483 816 560 parvulis,
838 492 954 541 testatur
977 483 1162 559 Augustinus,
1177 480 1260 539 mira·

90 583 195 642 culorum
210 583 319 641 indicia
331 582 406 641 haud
420 582 580 641 necessaria
592 600 657 640 esse
679 582 832 649 affirmans,
846 599 910 655 quae
934 581 962 638 in
977 580 1102 638 exordiis
1121 579 1261 639 Ecclesiae

91 680 181 756 “signa
194 692 275 738 erant
289 681 410 756 tempori
423 677 617 757 opportuna.’'
642 721 650 738 .
673 721 681 737 .
704 720 743 737 ..
777 678 990 752 “Numquid’'
1015 679 1116 751 inquit,
1145 677 1261 736 “modo
1321 724 1324 740 1

90 775 171 846 quibus
185 778 345 854 imponitur
358 794 458 834 manus
472 786 504 834 ut
516 776 655 853 accipiant
669 776 808 853 Spiritum
823 777 969 842 Sanctum,
982 776 1037 833 boc
1052 784 1217 851 expectatur
1231 784 1261 831 ut

91 870 175 949 linguis
186 873 363 946 loquanturl
384 886 430 930 ant
444 871 558 946 quando
571 873 760 950 imposuimus
785 891 901 931 manum
917 871 982 930 istis
996 871 1160 937 infamibus,
1176 880 1263 928 atten-

93 968 123 1028 dit
134 972 330 1045 unusquisque
345 981 468 1029 vestrum
484 981 577 1030 utrum
591 971 696 1048 linguis
711 971 915 1044 loquerentur?
955 971 1072 1029 Etcum
1087 969 1195 1027 videret
1213 986 1264 1028 eos

89 1065 173 1145 linguis
186 1087 246 1149 non
256 1067 347 1141 loqui,
362 1068 401 1126 ita
423 1087 555 1145 perverso
568 1067 652 1127 corde
667 1068 769 1140 aliquis
784 1067 845 1135 suit,
861 1079 891 1125 ut
916 1068 1040 1126 diceret:
1065 1066 1134 1126 Non
1148 1083 1264 1142 accepa-

90 1179 139 1225 runt
149 1168 196 1225 isti
219 1168 361 1244 Spiritum
382 1167 543 1226 Sanctumi
584 1167 662 1225 Nam
690 1167 715 1223 si
737 1167 924 1244 accepissent,
948 1166 1051 1241 linguis
1074 1165 1265 1239 loquerentur,

90 1264 314 1337 quemadmodum
329 1275 396 1324 tunc
410 1265 513 1326 iactum
527 1275 581 1324 est.
596 1264 601 1273 “
623 1266 655 1323 Si
670 1284 738 1342 ergo
752 1283 803 1341 per
816 1263 878 1322 haec
893 1264 1026 1322 miracula
1042 1263 1126 1321 modo
1139 1267 1265 1320 testimo·

85 1361 153 1420 -nium
165 1362 326 1439 praesentias
341 1362 466 1440 Spiritus
480 1363 577 1422 Sancti
591 1381 649 1422 uon
663 1365 710 1429 sit,
724 1361 799 1419 unde
819 1361 966 1438 cognoscit
988 1362 1108 1434 quisque
1123 1358 1268 1438 accepisse

78 1461 260 1544 scSpiritnm
283 1461 447 1519 Sanctumi
488 1461 645 1539 Interroget
659 1479 708 1518 cor
727 1478 822 1518 suum.
866 1459 898 1516 Si
919 1458 1011 1536 diligit
1030 1459 1152 1526 fratrem,
1175 1468 1269 1516 manet

90 1557 198 1634 Spiritus
212 1558 292 1618 Dei
284 1578 315 1618 rn
329 1559 389 1617 illo
392 1558 427 1594 ”²
1198 1567 1200 1573 “

120 1660 160 1715 ll.
182 1658 214 1716 S.
230 1657 436 1716 Hmnouvnus
448 1622 557 1717 inducit
568 1656 774 1716 heterodoxnm
788 1655 1052 1714 interlocutorcm
1029 1675 1070 1714 src
1084 1655 1267 1729 loquentem.

94 1753 156 1812 “An
176 1755 273 1812 nescis
302 1753 499 1813 Ecclesiamm
523 1752 599 1812 hunc
621 1772 685 1812 esse
711 1771 831 1820 morem,
848 1762 878 1809 ut
891 1753 1042 1828 baptizatis
1057 1765 1156 1829 postea
1169 1770 1270 1810 manus

94 1851 273 1930 inponantur,
287 1864 316 1911 et
330 1855 370 1911 ita
391 1853 538 1913 invocetur
560 1853 683 1929 Spiritus
698 1851 840 1910 Sanctus?
882 1851 984 1927 Exigis
995 1851 1043 1908 ubi
1058 1852 1195 1928 scriptum
1209 1850 1269 1908 siti

93 1947 119 2006 ln
136 1951 250 2009 Actibus
278 1949 493 2028 Apostolorum.
545 1949 670 2008 Etiamsi
693 1948 847 2024 Scripturas
871 1948 1020 2004 auctoritas
1048 1965 1106 2004 non
1129 1947 1271 2015 subesset,

94 2049 161 2106 totius
175 2049 251 2109 orbis
267 2051 300 2111 in,
316 2049 391 2107 hanc
416 2059 524 2127 partem
544 2066 702 2108 consensus
722 2048 811 2104 instar
831 2045 966 2122 praecepti
987 2045 1157 2103 obtineret.”
1200 2045 1272 2105 Haec

95 2145 221 2205 confirmat
245 2146 463 2222 Hieronymus:
486 2155 506 2182 ‘⁴
519 2145 588 2205 Non
613 2143 728 2219 quidem
750 2142 853 2209 abnuo,
882 2141 955 2199 hanc
982 2160 1047 2199 esse
1076 2143 1271 2202 Ecclesiarum

95 2242 320 2311 tomnstudinem,
336 2253 368 2300 nt
381 2243 415 2302 ad
429 2262 479 2302 eos
494 2243 544 2316 qui
556 2242 641 2320 longe
656 2241 685 2299 in
701 2239 857 2298 minoribus
873 2239 1000 2306 urbibus,
1017 2258 1067 2314 per
1089 2241 1271 2316 presbyteros

97 2343 119 2391 et
135 2335 260 2397 diaconos
288 2339 422 2415 baptizati
449 2348 525 2408 sunt,
552 2339 706 2415 episcopus
729 2335 762 2394 ad
788 2333 997 2393 invocationem
1021 2333 1117 2392 Sancti
1144 2335 1268 2412 Spiritus

98 2447 210 2496 nannum
224 2437 411 2513 impositurus
425 2434 604 2496 excurrat.”¹

44 2526 64 2595 l.
97 2552 102 2559 ·
129 2536 168 2593 12.
186 2534 219 2593 S.
234 2533 372 2593 lsunonus
391 2534 592 2593 Hrsssnnusrs
607 2532 663 2589 ait:
692 2527 781 2586 “Sed
804 2527 939 2601 quoniam
955 2539 1020 2606 post
1033 2530 1206 2606 baptismum
1221 2551 1271 2610 par

57 2638 69 2661 ³
99 2628 229 2709 tpisnopos
244 2630 327 2690 datur
340 2632 463 2709 Spiritus
476 2631 597 2688 Sanctus
611 2647 676 2686 cum
691 2644 824 2685 manuum
837 2625 1029 2701 impositione,
1041 2628 1095 2687 hoo
1108 2631 1138 2687 in
1151 2632 1271 2692 Actibus

100 2724 281 2803 Apostolorum
295 2728 399 2787 secisse
414 2729 598 2787 meminimus
612 2722 815 2802 Apostolos.'’⁸

129 2830 168 2887 tt.
189 2828 311 2888 Constat
321 2839 415 2905 patres
429 2812 483 2885 hos
494 2825 680 2892 venerandos,
693 2825 796 2897 quibus
811 2827 904 2885 caeteri
919 2828 1081 2895 concinunt,
1097 2828 1273 2905 Scriptorum

101 2919 128 2979 ita
136 2924 314 2994 intellexisse,
329 2935 360 2984 ut
373 2924 522 2983 ministerii
536 2921 695 3000 Apostolici
707 2940 821 2991 munus,
837 2942 894 2996 quo
908 2925 1031 3001 Spiritus
1045 2926 1166 2984 Sanctus
1181 2926 1272 2996 detur,

100 3014 202 3078 inlotis
215 3020 418 3098 Apostolorum
431 3019 501 3078 tradi
512 3019 784 3090 moderantemque
797 3020 891 3076 testari
900 3019 1021 3079 eundern
1033 3021 1138 3080 servari
1153 3040 1272 3090 morem,

100 3129 143 3187 quo
152 3117 247 3176 cadent
262 3117 352 3195 gratia
365 3115 535 3176 conferatur.

127 3210 270 3275 Probatur
281 3212 342 3272 III.
361 3211 756 3272 Conciliommcuctoritnte.

130 3313 170 3369 14.
192 3311 356 3371 Concilium
378 3310 585 3369 Eliberitanum
614 3310 649 3368 de
669 3312 814 3388 baptizato
835 3315 863 3372 in
886 3312 1048 3371 infirmitate
1069 3311 1180 3369 statuit:
1212 3311 1274 3370 “Si

97 3411 273 3484 supervixerit
293 3407 328 3467 ad
344 3409 512 3486 episcopum
526 3426 593 3466 eum
606 3411 751 3485 perducat,
765 3422 797 3469 ut
810 3430 860 3487 per
873 3428 972 3468 manus
987 3409 1198 3485 impositionem
1211 3425 1275 3485 pro-

96 3500 181 3562 finis*
193 3504 326 3579 queat.’'⁵
365 3504 540 3581 Hispalense
555 3505 719 3574 concilium,
729 3526 774 3565 an.
788 3510 855 3570 619,
869 3506 979 3563 censuit
988 3522 1045 3561 non
1058 3503 1144 3561 licere
1157 3504 1275 3581 presby·

95 3599 153 3658 teris
172 3602 363 3662 “Ecclesiam
388 3601 432 3659 vel
456 3599 585 3660 altarium
609 3620 784 3669 consecrare,
799 3620 853 3660 nec
875 3619 926 3677 per
939 3600 1151 3676 impositionem
1174 3618 1274 3658 manus
1330 3636 1331 3639 =

92 3693 212 3757 fidelibus
239 3699 401 3777 baptizatis,
416 3698 463 3756 vel
489 3698 635 3757 conversis
657 3716 694 3756 ex
722 3699 823 3757 haeresi
851 3697 1029 3757 Paracletum
1057 3696 1195 3773 Spiritum
1222 3707 1277 3756 tra·

90 3789 162 3863 ders,
186 3816 239 3856 nec
259 3796 386 3855 chrisma
413 3796 565 3864 conficere,
593 3814 647 3853 nec
680 3795 832 3853 chrismate
853 3795 1057 3869 baptizatorum
1077 3795 1198 3854 frontem
1221 3797 1279 3872 sig·

88 3892 209 3950 narc.''⁶‘
235 3894 409 3952 Sarnmense
422 3893 453 3951 in
466 3892 571 3970 Anglia
581 3889 767 3972 (Soliabury)
789 3912 862 3952 anno
876 3897 951 3951 1230
965 3892 1146 3961 celebratum,
1159 3901 1277 3952 testante

86 3988 205 4052 Ricardo
225 3992 332 4058 Poore,
347 3990 409 4068 ojus
423 3991 562 4050 Ecclesia
577 3990 725 4067 episcopo,
738 3989 871 4050 tradidit:
894 3989 1088 4049 “Secundum
1111 3989 1275 4048 Sacramen-

507 4180 625 4233 Tract.
603 4198 634 4233 vr
644 4181 672 4233 in
682 4182 755 4233 Jonn.
835 4220 837 4225 .

462 4185 490 4331 Si
506 4267 571 4318 Dial.
582 4266 635 4318 adv.
647 4267 752 4319 Lucifer

462 4357 489 4417 3)
506 4351 537 4403 L
547 4353 578 4403 da
589 4353 673 4404 officiis
684 4353 752 4404 Eccl.
763 4368 784 4404 c.
794 4353 862 4404 xxvi.

480 4440 550 4507 )

447 4183 459 4250 (

448 4269 461 4336 l

448 4355 461 4420 (

448 4441 478 4507 (4
