<?xml version="1.0" encoding="UTF-8"?>
<!DOCTYPE html PUBLIC "-//W3C//DTD XHTML 1.0 Transitional//EN"
    "http://www.w3.org/TR/xhtml1/DTD/xhtml1-transitional.dtd">
<html xmlns="http://www.w3.org/1999/xhtml" xml:lang="en" lang="en">
 <head>
  <title>
</title>
<meta http-equiv="Content-Type" content="text/html;charset=utf-8" />
  <meta name='ocr-system' content='tesseract 3.04.00' />
  <meta name='ocr-capabilities' content='ocr_page ocr_carea ocr_par ocr_line ocrx_word'/>
</head>
<body>
  <div class='ocr_page' id='page_1' title='image "./theologidogmati03kenrgoog_0312.png"; bbox 0 0 2774 5056; ppageno 0'>
   <div class='ocr_carea' id='block_1_1' title="bbox 222 324 1252 389">
    <p class='ocr_par' dir='ltr' id='par_1_1' title="bbox 222 324 1252 389">
     <span class='ocr_line' id='line_1_1' title="bbox 222 324 1252 389; baseline 0 -1"><span class='ocrx_word' id='word_1_1' title='bbox 222 326 280 388; x_wconf 82' lang='lat' dir='ltr'><strong>DE</strong></span> <span class='ocrx_word' id='word_1_2' title='bbox 300 325 553 389; x_wconf 71' lang='lat' dir='ltr'><strong>romaum</strong></span> <span class='ocrx_word' id='word_1_3' title='bbox 574 325 853 388; x_wconf 69' lang='lat' dir='ltr'><strong>sumnum</strong></span> <span class='ocrx_word' id='word_1_4' title='bbox 874 324 1082 388; x_wconf 67' lang='lat' dir='ltr'><strong>euectus.</strong></span> <span class='ocrx_word' id='word_1_5' title='bbox 1192 329 1252 388; x_wconf 70' lang='lat'><strong>8⁰0</strong></span> 
     </span>
    </p>
   </div>
   <div class='ocr_carea' id='block_1_2' title="bbox 562 893 749 956">
    <p class='ocr_par' dir='ltr' id='par_1_2' title="bbox 562 893 749 956">
     <span class='ocr_line' id='line_1_2' title="bbox 562 893 749 956; baseline 0 -3"><span class='ocrx_word' id='word_1_6' title='bbox 562 894 704 956; x_wconf 76' lang='lat' dir='ltr'><strong>cAPuT</strong></span> <span class='ocrx_word' id='word_1_7' title='bbox 723 893 749 953; x_wconf 92' lang='lat' dir='ltr'><strong>l.</strong></span> 
     </span>
    </p>
   </div>
   <div class='ocr_carea' id='block_1_3' title="bbox 121 1127 1131 1202">
    <p class='ocr_par' dir='ltr' id='par_1_3' title="bbox 121 1127 1131 1202">
     <span class='ocr_line' id='line_1_3' title="bbox 121 1127 1131 1202; baseline 0 -23"><span class='ocrx_word' id='word_1_8' title='bbox 121 1172 126 1179; x_wconf 79' lang='grc'><em>,</em></span> <span class='ocrx_word' id='word_1_9' title='bbox 185 1131 241 1183; x_wconf 75' lang='grc' dir='ltr'><strong>ΒΕ</strong></span> <span class='ocrx_word' id='word_1_10' title='bbox 269 1131 878 1202; x_wconf 69' lang='lat' dir='ltr'><strong>Porusrnuntnnmuunum</strong></span> <span class='ocrx_word' id='word_1_11' title='bbox 906 1127 1131 1183; x_wconf 67' lang='lat' dir='ltr'><strong>nocere.</strong></span> 
     </span>
    </p>
   </div>
   <div class='ocr_carea' id='block_1_4' title="bbox 45 1345 1279 3681">
    <p class='ocr_par' dir='ltr' id='par_1_4' title="bbox 53 1345 1259 2306">
     <span class='ocr_line' id='line_1_4' title="bbox 94 1345 1256 1425; baseline -0.002 -21"><span class='ocrx_word' id='word_1_12' title='bbox 94 1351 124 1406; x_wconf 82' lang='grc'><strong>3.</strong></span> <span class='ocrx_word' id='word_1_13' title='bbox 147 1345 271 1405; x_wconf 83' lang='lat' dir='ltr'><strong>Constat</strong></span> <span class='ocrx_word' id='word_1_14' title='bbox 284 1348 440 1425; x_wconf 75' lang='lat' dir='ltr'><strong>Apostolos</strong></span> <span class='ocrx_word' id='word_1_15' title='bbox 454 1348 564 1407; x_wconf 79' lang='lat' dir='ltr'><strong>christi</strong></span> <span class='ocrx_word' id='word_1_16' title='bbox 578 1347 696 1408; x_wconf 87' lang='lat' dir='ltr'><strong>nomine</strong></span> <span class='ocrx_word' id='word_1_17' title='bbox 710 1347 882 1425; x_wconf 75' lang='lat' dir='ltr'><strong>predicasse</strong></span> <span class='ocrx_word' id='word_1_18' title='bbox 895 1348 1100 1424; x_wconf 88' lang='lat' dir='ltr'><strong>poenitentiam</strong></span> <span class='ocrx_word' id='word_1_19' title='bbox 1113 1355 1143 1408; x_wconf 89' lang='lat' dir='ltr'><strong>et</strong></span> <span class='ocrx_word' id='word_1_20' title='bbox 1155 1345 1256 1406; x_wconf 88' lang='lat' dir='ltr'><strong>remis·</strong></span> 
     </span>
     <span class='ocr_line' id='line_1_5' title="bbox 53 1444 1257 1525; baseline -0.001 -22"><span class='ocrx_word' id='word_1_21' title='bbox 53 1446 167 1504; x_wconf 88' lang='lat' dir='ltr'><strong>sionem</strong></span> <span class='ocrx_word' id='word_1_22' title='bbox 183 1457 384 1522; x_wconf 72' lang='lat' dir='ltr'><strong>peccatorum</strong></span> <span class='ocrx_word' id='word_1_23' title='bbox 405 1456 435 1506; x_wconf 88' lang='lat' dir='ltr'><strong>et</strong></span> <span class='ocrx_word' id='word_1_24' title='bbox 447 1448 522 1506; x_wconf 92' lang='lat' dir='ltr'><strong>inter</strong></span> <span class='ocrx_word' id='word_1_25' title='bbox 540 1447 691 1525; x_wconf 83' lang='lat' dir='ltr'><strong>primsrios</strong></span> <span class='ocrx_word' id='word_1_26' title='bbox 704 1445 774 1505; x_wconf 84' lang='lat' dir='ltr'><strong>fidei</strong></span> <span class='ocrx_word' id='word_1_27' title='bbox 786 1446 921 1504; x_wconf 84' lang='lat' dir='ltr'><strong>articulos</strong></span> <span class='ocrx_word' id='word_1_28' title='bbox 934 1466 952 1505; x_wconf 83' lang='lat' dir='ltr'><strong>s</strong></span> <span class='ocrx_word' id='word_1_29' title='bbox 971 1446 1137 1524; x_wconf 80' lang='lat' dir='ltr'><strong>primordiis</strong></span> <span class='ocrx_word' id='word_1_30' title='bbox 1154 1444 1257 1504; x_wconf 85' lang='lat' dir='ltr'><strong>Eccle-</strong></span> 
     </span>
     <span class='ocr_line' id='line_1_6' title="bbox 53 1544 1258 1622; baseline 0.002 -20"><span class='ocrx_word' id='word_1_31' title='bbox 53 1545 106 1602; x_wconf 78' lang='lat' dir='ltr'><strong>sia</strong></span> <span class='ocrx_word' id='word_1_32' title='bbox 120 1544 322 1604; x_wconf 78' lang='lat' dir='ltr'><strong>remissionem</strong></span> <span class='ocrx_word' id='word_1_33' title='bbox 337 1555 520 1622; x_wconf 79' lang='lat' dir='ltr'><strong>peccatorum</strong></span> <span class='ocrx_word' id='word_1_34' title='bbox 533 1546 706 1604; x_wconf 78' lang='lat' dir='ltr'><strong>recensitam</strong></span> <span class='ocrx_word' id='word_1_35' title='bbox 720 1563 797 1612; x_wconf 87' lang='lat' dir='ltr'><strong>csse,</strong></span> <span class='ocrx_word' id='word_1_36' title='bbox 811 1547 954 1622; x_wconf 84' lang='lat' dir='ltr'><strong>reperitur</strong></span> <span class='ocrx_word' id='word_1_37' title='bbox 967 1547 1046 1604; x_wconf 87' lang='lat' dir='ltr'><strong>enim</strong></span> <span class='ocrx_word' id='word_1_38' title='bbox 1061 1547 1091 1604; x_wconf 91' lang='lat' dir='ltr'><strong>in</strong></span> <span class='ocrx_word' id='word_1_39' title='bbox 1104 1545 1258 1621; x_wconf 77' lang='lat' dir='ltr'><strong>Apostolo-</strong></span> 
     </span>
     <span class='ocr_line' id='line_1_7' title="bbox 54 1643 1257 1721; baseline 0 -19"><span class='ocrx_word' id='word_1_40' title='bbox 54 1661 120 1702; x_wconf 88' lang='lat' dir='ltr'><strong>rum</strong></span> <span class='ocrx_word' id='word_1_41' title='bbox 132 1643 285 1720; x_wconf 86' lang='lat' dir='ltr'><strong>Symbolo.</strong></span> <span class='ocrx_word' id='word_1_42' title='bbox 314 1645 380 1711; x_wconf 86' lang='lat' dir='ltr'><strong>Quo</strong></span> <span class='ocrx_word' id='word_1_43' title='bbox 394 1655 489 1704; x_wconf 87' lang='lat' dir='ltr'><strong>antem</strong></span> <span class='ocrx_word' id='word_1_44' title='bbox 502 1663 592 1703; x_wconf 87' lang='lat' dir='ltr'><strong>sensu</strong></span> <span class='ocrx_word' id='word_1_45' title='bbox 604 1663 639 1703; x_wconf 89' lang='lat' dir='ltr'><strong>ea</strong></span> <span class='ocrx_word' id='word_1_46' title='bbox 653 1643 823 1721; x_wconf 74' lang='lat' dir='ltr'><strong>predicetur</strong></span> <span class='ocrx_word' id='word_1_47' title='bbox 833 1655 863 1704; x_wconf 90' lang='lat' dir='ltr'><strong>et</strong></span> <span class='ocrx_word' id='word_1_48' title='bbox 875 1644 1016 1714; x_wconf 85' lang='lat' dir='ltr'><strong>credatur,</strong></span> <span class='ocrx_word' id='word_1_49' title='bbox 1028 1644 1257 1704; x_wconf 79' lang='lat' dir='ltr'><strong>controvertitur.</strong></span> 
     </span>
     <span class='ocr_line' id='line_1_8' title="bbox 55 1739 1259 1818; baseline 0 -21"><span class='ocrx_word' id='word_1_50' title='bbox 55 1739 156 1797; x_wconf 93' lang='lat' dir='ltr'><strong>Nemo</strong></span> <span class='ocrx_word' id='word_1_51' title='bbox 169 1739 285 1813; x_wconf 88' lang='lat' dir='ltr'><strong>quidem</strong></span> <span class='ocrx_word' id='word_1_52' title='bbox 300 1739 409 1798; x_wconf 91' lang='lat' dir='ltr'><strong>dubitat</strong></span> <span class='ocrx_word' id='word_1_53' title='bbox 423 1741 539 1799; x_wconf 84' lang='lat' dir='ltr'><strong>veniam</strong></span> <span class='ocrx_word' id='word_1_54' title='bbox 554 1740 682 1818; x_wconf 81' lang='lat' dir='ltr'><strong>promitti</strong></span> <span class='ocrx_word' id='word_1_55' title='bbox 701 1740 861 1816; x_wconf 70' lang='lat' dir='ltr'><strong>penitenti,</strong></span> <span class='ocrx_word' id='word_1_56' title='bbox 877 1741 988 1799; x_wconf 81' lang='lat' dir='ltr'><strong>Christi</strong></span> <span class='ocrx_word' id='word_1_57' title='bbox 1002 1741 1107 1799; x_wconf 92' lang='lat' dir='ltr'><strong>intuitu</strong></span> <span class='ocrx_word' id='word_1_58' title='bbox 1120 1749 1150 1798; x_wconf 91' lang='lat' dir='ltr'><strong>et</strong></span> <span class='ocrx_word' id='word_1_59' title='bbox 1163 1750 1259 1798; x_wconf 82' lang='lat' dir='ltr'><strong>sucto-</strong></span> 
     </span>
     <span class='ocr_line' id='line_1_9' title="bbox 54 1834 1259 1913; baseline -0.003 -19"><span class='ocrx_word' id='word_1_60' title='bbox 54 1836 156 1902; x_wconf 79' lang='lat' dir='ltr'><strong>ritate3</strong></span> <span class='ocrx_word' id='word_1_61' title='bbox 194 1835 246 1893; x_wconf 89' lang='lat' dir='ltr'><strong>sed</strong></span> <span class='ocrx_word' id='word_1_62' title='bbox 273 1834 449 1912; x_wconf 88' lang='lat' dir='ltr'><strong>disceptatur</strong></span> <span class='ocrx_word' id='word_1_63' title='bbox 474 1848 571 1894; x_wconf 89' lang='lat' dir='ltr'><strong>utrum</strong></span> <span class='ocrx_word' id='word_1_64' title='bbox 597 1835 751 1913; x_wconf 78' lang='lat' dir='ltr'><strong>Evangelii</strong></span> <span class='ocrx_word' id='word_1_65' title='bbox 778 1854 925 1912; x_wconf 78' lang='lat' dir='ltr'><strong>precones</strong></span> <span class='ocrx_word' id='word_1_66' title='bbox 952 1845 1092 1911; x_wconf 79' lang='lat' dir='ltr'><strong>potestate</strong></span> <span class='ocrx_word' id='word_1_67' title='bbox 1122 1834 1259 1893; x_wconf 82' lang='lat' dir='ltr'><strong>divinitrts</strong></span> 
     </span>
     <span class='ocr_line' id='line_1_10' title="bbox 55 1931 1257 2011; baseline -0.002 -19"><span class='ocrx_word' id='word_1_68' title='bbox 55 1931 168 2010; x_wconf 76' lang='lat' dir='ltr'><strong>prediti</strong></span> <span class='ocrx_word' id='word_1_69' title='bbox 179 1934 237 1991; x_wconf 89' lang='lat' dir='ltr'><strong>sint</strong></span> <span class='ocrx_word' id='word_1_70' title='bbox 250 1952 314 1992; x_wconf 88' lang='lat' dir='ltr'><strong>eam</strong></span> <span class='ocrx_word' id='word_1_71' title='bbox 328 1935 439 1992; x_wconf 83' lang='lat' dir='ltr'><strong>Christi</strong></span> <span class='ocrx_word' id='word_1_72' title='bbox 453 1935 569 1993; x_wconf 88' lang='lat' dir='ltr'><strong>nomine</strong></span> <span class='ocrx_word' id='word_1_73' title='bbox 584 1932 734 2011; x_wconf 86' lang='lat' dir='ltr'><strong>largiendi.</strong></span> <span class='ocrx_word' id='word_1_74' title='bbox 776 1934 873 1992; x_wconf 86' lang='lat' dir='ltr'><strong>Nemo</strong></span> <span class='ocrx_word' id='word_1_75' title='bbox 887 1935 973 1992; x_wconf 86' lang='lat' dir='ltr'><strong>etiam</strong></span> <span class='ocrx_word' id='word_1_76' title='bbox 986 1945 1084 1992; x_wconf 88' lang='lat' dir='ltr'><strong>censet</strong></span> <span class='ocrx_word' id='word_1_77' title='bbox 1097 1932 1257 1999; x_wconf 87' lang='lat' dir='ltr'><strong>hominem,</strong></span> 
     </span>
     <span class='ocr_line' id='line_1_11' title="bbox 53 2027 1258 2109; baseline -0.002 -21"><span class='ocrx_word' id='word_1_78' title='bbox 53 2049 110 2091; x_wconf 88' lang='lat' dir='ltr'><strong>sua</strong></span> <span class='ocrx_word' id='word_1_79' title='bbox 122 2030 211 2089; x_wconf 86' lang='lat' dir='ltr'><strong>veluti</strong></span> <span class='ocrx_word' id='word_1_80' title='bbox 224 2033 389 2090; x_wconf 86' lang='lat' dir='ltr'><strong>auctoritate</strong></span> <span class='ocrx_word' id='word_1_81' title='bbox 403 2031 449 2090; x_wconf 87' lang='lat' dir='ltr'><strong>vel</strong></span> <span class='ocrx_word' id='word_1_82' title='bbox 464 2051 516 2108; x_wconf 91' lang='lat' dir='ltr'><strong>pro</strong></span> <span class='ocrx_word' id='word_1_83' title='bbox 530 2032 646 2090; x_wconf 88' lang='lat' dir='ltr'><strong>arbitrio</strong></span> <span class='ocrx_word' id='word_1_84' title='bbox 666 2049 753 2109; x_wconf 87' lang='lat' dir='ltr'><strong>posse</strong></span> <span class='ocrx_word' id='word_1_85' title='bbox 767 2040 884 2108; x_wconf 84' lang='lat' dir='ltr'><strong>peccata</strong></span> <span class='ocrx_word' id='word_1_86' title='bbox 898 2029 1049 2098; x_wconf 88' lang='lat' dir='ltr'><strong>dimittere,</strong></span> <span class='ocrx_word' id='word_1_87' title='bbox 1064 2027 1142 2107; x_wconf 87' lang='lat' dir='ltr'><strong>apud</strong></span> <span class='ocrx_word' id='word_1_88' title='bbox 1156 2045 1258 2090; x_wconf 88' lang='lat' dir='ltr'><strong>omnes</strong></span> 
     </span>
     <span class='ocr_line' id='line_1_12' title="bbox 55 2126 1259 2198; baseline -0.002 -11"><span class='ocrx_word' id='word_1_89' title='bbox 55 2129 134 2188; x_wconf 81' lang='lat' dir='ltr'><strong>enim</strong></span> <span class='ocrx_word' id='word_1_90' title='bbox 156 2128 187 2186; x_wconf 88' lang='lat' dir='ltr'><strong>in</strong></span> <span class='ocrx_word' id='word_1_91' title='bbox 206 2127 340 2187; x_wconf 85' lang='lat' dir='ltr'><strong>confesso</strong></span> <span class='ocrx_word' id='word_1_92' title='bbox 364 2138 410 2187; x_wconf 88' lang='lat' dir='ltr'><strong>eet</strong></span> <span class='ocrx_word' id='word_1_93' title='bbox 434 2129 550 2188; x_wconf 89' lang='lat' dir='ltr'><strong>nonnisi</strong></span> <span class='ocrx_word' id='word_1_94' title='bbox 575 2128 682 2198; x_wconf 89' lang='lat' dir='ltr'><strong>Deum,</strong></span> <span class='ocrx_word' id='word_1_95' title='bbox 697 2130 743 2189; x_wconf 84' lang='lat' dir='ltr'><strong>rel</strong></span> <span class='ocrx_word' id='word_1_96' title='bbox 756 2130 904 2188; x_wconf 89' lang='lat' dir='ltr'><strong>homiuem</strong></span> <span class='ocrx_word' id='word_1_97' title='bbox 918 2128 1016 2188; x_wconf 84' lang='lat' dir='ltr'><strong>divino</strong></span> <span class='ocrx_word' id='word_1_98' title='bbox 1030 2126 1163 2187; x_wconf 89' lang='lat' dir='ltr'><strong>mandato</strong></span> <span class='ocrx_word' id='word_1_99' title='bbox 1176 2126 1259 2185; x_wconf 88' lang='lat' dir='ltr'><strong>obse·</strong></span> 
     </span>
     <span class='ocr_line' id='line_1_13' title="bbox 56 2226 1257 2306; baseline -0.002 -20"><span class='ocrx_word' id='word_1_100' title='bbox 56 2236 192 2301; x_wconf 88' lang='lat' dir='ltr'><strong>quentem</strong></span> <span class='ocrx_word' id='word_1_101' title='bbox 206 2245 292 2304; x_wconf 90' lang='lat' dir='ltr'><strong>posse</strong></span> <span class='ocrx_word' id='word_1_102' title='bbox 308 2229 422 2287; x_wconf 87' lang='lat' dir='ltr'><strong>veniam</strong></span> <span class='ocrx_word' id='word_1_103' title='bbox 435 2229 544 2306; x_wconf 86' lang='lat' dir='ltr'><strong>largiri,</strong></span> <span class='ocrx_word' id='word_1_104' title='bbox 555 2238 585 2287; x_wconf 89' lang='lat' dir='ltr'><strong>et</strong></span> <span class='ocrx_word' id='word_1_105' title='bbox 597 2229 633 2287; x_wconf 92' lang='lat' dir='ltr'><strong>iis</strong></span> <span class='ocrx_word' id='word_1_106' title='bbox 645 2238 754 2288; x_wconf 90' lang='lat' dir='ltr'><strong>tantum</strong></span> <span class='ocrx_word' id='word_1_107' title='bbox 768 2247 842 2303; x_wconf 85' lang='lat' dir='ltr'><strong>quos</strong></span> <span class='ocrx_word' id='word_1_108' title='bbox 856 2226 1038 2306; x_wconf 78' lang='lat' dir='ltr'><strong>peccatorum</strong></span> <span class='ocrx_word' id='word_1_109' title='bbox 1051 2245 1117 2285; x_wconf 89' lang='lat' dir='ltr'><strong>vere</strong></span> <span class='ocrx_word' id='word_1_110' title='bbox 1129 2226 1257 2303; x_wconf 75' lang='lat' dir='ltr'><strong>penitet.</strong></span> 
     </span>
    </p>

    <p class='ocr_par' dir='ltr' id='par_1_5' title="bbox 56 2325 1261 3092">
     <span class='ocr_line' id='line_1_14' title="bbox 96 2325 1259 2406; baseline -0.001 -22"><span class='ocrx_word' id='word_1_111' title='bbox 96 2329 126 2385; x_wconf 82' lang='lat'><strong>4.</strong></span> <span class='ocrx_word' id='word_1_112' title='bbox 148 2325 183 2385; x_wconf 90' lang='lat' dir='ltr'><strong>ln</strong></span> <span class='ocrx_word' id='word_1_113' title='bbox 196 2326 330 2404; x_wconf 81' lang='lat' dir='ltr'><strong>apologia</strong></span> <span class='ocrx_word' id='word_1_114' title='bbox 343 2325 546 2387; x_wconf 81' lang='lat' dir='ltr'><strong>Confessionis</strong></span> <span class='ocrx_word' id='word_1_115' title='bbox 568 2327 744 2406; x_wconf 82' lang='lat' dir='ltr'><strong>Angustane</strong></span> <span class='ocrx_word' id='word_1_116' title='bbox 769 2328 852 2386; x_wconf 85' lang='lat' dir='ltr'><strong>“tria</strong></span> <span class='ocrx_word' id='word_1_117' title='bbox 872 2335 1048 2386; x_wconf 77' lang='lat' dir='ltr'><strong>sacramenta</strong></span> <span class='ocrx_word' id='word_1_118' title='bbox 1076 2334 1259 2384; x_wconf 85' lang='lat' dir='ltr'><strong>numerantur</strong></span> 
     </span>
     <span class='ocr_line' id='line_1_15' title="bbox 56 2425 1258 2502; baseline -0.001 -19"><span class='ocrx_word' id='word_1_119' title='bbox 56 2425 168 2483; x_wconf 86' lang='lat' dir='ltr'><strong>seilicet</strong></span> <span class='ocrx_word' id='word_1_120' title='bbox 180 2425 350 2502; x_wconf 88' lang='lat' dir='ltr'><strong>baptismus,</strong></span> <span class='ocrx_word' id='word_1_121' title='bbox 365 2445 449 2484; x_wconf 88' lang='lat' dir='ltr'><strong>coena</strong></span> <span class='ocrx_word' id='word_1_122' title='bbox 462 2425 592 2495; x_wconf 90' lang='lat' dir='ltr'><strong>Domini,</strong></span> <span class='ocrx_word' id='word_1_123' title='bbox 607 2438 636 2485; x_wconf 84' lang='lat' dir='ltr'><strong>et</strong></span> <span class='ocrx_word' id='word_1_124' title='bbox 647 2425 799 2493; x_wconf 73' lang='lat' dir='ltr'><strong>absolutio,</strong></span> <span class='ocrx_word' id='word_1_125' title='bbox 815 2443 879 2499; x_wconf 80' lang='lat' dir='ltr'><strong>quie</strong></span> <span class='ocrx_word' id='word_1_126' title='bbox 892 2426 932 2483; x_wconf 91' lang='lat' dir='ltr'><strong>sit</strong></span> <span class='ocrx_word' id='word_1_127' title='bbox 943 2432 1153 2483; x_wconf 88' lang='lat' dir='ltr'><strong>sacramentum</strong></span> <span class='ocrx_word' id='word_1_128' title='bbox 1166 2425 1258 2501; x_wconf 69' lang='lat' dir='ltr'><strong>pieni·</strong></span> 
     </span>
     <span class='ocr_line' id='line_1_16' title="bbox 59 2521 1260 2602; baseline -0.001 -20"><span class='ocrx_word' id='word_1_129' title='bbox 59 2525 169 2592; x_wconf 76' lang='lat' dir='ltr'><strong>teudae,</strong></span> <span class='ocrx_word' id='word_1_130' title='bbox 191 2533 276 2597; x_wconf 84' lang='lat' dir='ltr'><strong>atque</strong></span> <span class='ocrx_word' id='word_1_131' title='bbox 296 2542 435 2602; x_wconf 84' lang='lat' dir='ltr'><strong>expresse</strong></span> <span class='ocrx_word' id='word_1_132' title='bbox 449 2524 590 2585; x_wconf 74' lang='lat' dir='ltr'><strong>adseritur</strong></span> <span class='ocrx_word' id='word_1_133' title='bbox 603 2523 683 2599; x_wconf 92' lang='lat' dir='ltr'><strong>quod</strong></span> <span class='ocrx_word' id='word_1_134' title='bbox 698 2535 764 2584; x_wconf 76' lang='lat' dir='ltr'><strong>vere</strong></span> <span class='ocrx_word' id='word_1_135' title='bbox 777 2523 839 2582; x_wconf 81' lang='lat' dir='ltr'><strong>sint</strong></span> <span class='ocrx_word' id='word_1_136' title='bbox 856 2521 1095 2582; x_wconf 81' lang='lat' dir='ltr'><strong>Sacramento.&#39;’²</strong></span> <span class='ocrx_word' id='word_1_137' title='bbox 1135 2529 1156 2558; x_wconf 85' lang='lat'><strong>“</strong></span> <span class='ocrx_word' id='word_1_138' title='bbox 1167 2521 1260 2581; x_wconf 83' lang='lat' dir='ltr'><strong>Abso-</strong></span> 
     </span>
     <span class='ocr_line' id='line_1_17' title="bbox 59 2618 1258 2700; baseline -0.004 -19"><span class='ocrx_word' id='word_1_139' title='bbox 59 2621 132 2682; x_wconf 86' lang='lat' dir='ltr'><strong>lutio</strong></span> <span class='ocrx_word' id='word_1_140' title='bbox 147 2622 260 2700; x_wconf 90' lang='lat' dir='ltr'><strong>proprie</strong></span> <span class='ocrx_word' id='word_1_141' title='bbox 273 2621 329 2680; x_wconf 89' lang='lat' dir='ltr'><strong>dici</strong></span> <span class='ocrx_word' id='word_1_142' title='bbox 340 2630 436 2697; x_wconf 88' lang='lat' dir='ltr'><strong>potest</strong></span> <span class='ocrx_word' id='word_1_143' title='bbox 450 2622 667 2682; x_wconf 83' lang='lat' dir='ltr'><strong>Sacramentum</strong></span> <span class='ocrx_word' id='word_1_144' title='bbox 681 2621 902 2700; x_wconf 55' lang='lat' dir='ltr'><strong>penitentiam</strong></span> <span class='ocrx_word' id='word_1_145' title='bbox 929 2620 965 2680; x_wconf 95' lang='lat' dir='ltr'><strong>In</strong></span> <span class='ocrx_word' id='word_1_146' title='bbox 978 2621 1043 2699; x_wconf 88' lang='lat' dir='ltr'><strong>ipsa</strong></span> <span class='ocrx_word' id='word_1_147' title='bbox 1054 2618 1258 2684; x_wconf 74' lang='lat' dir='ltr'><strong>confessione,</strong></span> 
     </span>
     <span class='ocr_line' id='line_1_18' title="bbox 57 2716 1258 2798; baseline -0.004 -19"><span class='ocrx_word' id='word_1_148' title='bbox 57 2721 173 2798; x_wconf 80' lang='lat' dir='ltr'><strong>private</strong></span> <span class='ocrx_word' id='word_1_149' title='bbox 188 2719 378 2779; x_wconf 88' lang='lat' dir='ltr'><strong>confessionis</strong></span> <span class='ocrx_word' id='word_1_150' title='bbox 400 2728 485 2794; x_wconf 85' lang='lat' dir='ltr'><strong>atque</strong></span> <span class='ocrx_word' id='word_1_151' title='bbox 509 2720 698 2780; x_wconf 80' lang='lat' dir='ltr'><strong>absolutionis</strong></span> <span class='ocrx_word' id='word_1_152' title='bbox 717 2719 867 2779; x_wconf 85' lang='lat' dir='ltr'><strong>utilitatem</strong></span> <span class='ocrx_word' id='word_1_153' title='bbox 885 2728 1061 2798; x_wconf 79' lang='lat' dir='ltr'><strong>agnoverunt</strong></span> <span class='ocrx_word' id='word_1_154' title='bbox 1074 2716 1258 2777; x_wconf 67' lang='lat' dir='ltr'><strong>ertherani.⁸</strong></span> 
     </span>
     <span class='ocr_line' id='line_1_19' title="bbox 60 2813 1259 2896; baseline -0.003 -21"><span class='ocrx_word' id='word_1_155' title='bbox 60 2815 201 2876; x_wconf 83' lang='lat' dir='ltr'><strong>Calvinus</strong></span> <span class='ocrx_word' id='word_1_156' title='bbox 223 2817 422 2876; x_wconf 86' lang='lat' dir='ltr'><strong>animadvertit</strong></span> <span class='ocrx_word' id='word_1_157' title='bbox 442 2826 463 2854; x_wconf 79' lang='lat'><strong>⁴⁶</strong></span> <span class='ocrx_word' id='word_1_158' title='bbox 472 2817 604 2877; x_wconf 77' lang='lat' dir='ltr'><strong>ridemus</strong></span> <span class='ocrx_word' id='word_1_159' title='bbox 618 2828 715 2878; x_wconf 64' lang='lat' dir='ltr'><strong>umen</strong></span> <span class='ocrx_word' id='word_1_160' title='bbox 728 2819 875 2877; x_wconf 86' lang='lat' dir='ltr'><strong>ministros</strong></span> <span class='ocrx_word' id='word_1_161' title='bbox 889 2819 979 2896; x_wconf 88' lang='lat' dir='ltr'><strong>ipsos,</strong></span> <span class='ocrx_word' id='word_1_162' title='bbox 994 2827 1026 2876; x_wconf 93' lang='lat' dir='ltr'><strong>ut</strong></span> <span class='ocrx_word' id='word_1_163' title='bbox 1039 2815 1075 2875; x_wconf 92' lang='lat' dir='ltr'><strong>de</strong></span> <span class='ocrx_word' id='word_1_164' title='bbox 1088 2813 1259 2875; x_wconf 88' lang='lat' dir='ltr'><strong>remissione</strong></span> 
     </span>
     <span class='ocr_line' id='line_1_20' title="bbox 59 2914 1261 2995; baseline -0.002 -21"><span class='ocrx_word' id='word_1_165' title='bbox 59 2926 247 2993; x_wconf 88' lang='lat' dir='ltr'><strong>peccatorum</strong></span> <span class='ocrx_word' id='word_1_166' title='bbox 267 2916 402 2975; x_wconf 83' lang='lat' dir='ltr'><strong>certiores</strong></span> <span class='ocrx_word' id='word_1_167' title='bbox 423 2914 543 2975; x_wconf 87' lang='lat' dir='ltr'><strong>reddant</strong></span> <span class='ocrx_word' id='word_1_168' title='bbox 562 2917 765 2987; x_wconf 89' lang='lat' dir='ltr'><strong>conscientias,</strong></span> <span class='ocrx_word' id='word_1_169' title='bbox 786 2926 873 2977; x_wconf 88' lang='lat' dir='ltr'><strong>testes</strong></span> <span class='ocrx_word' id='word_1_170' title='bbox 893 2918 957 2995; x_wconf 88' lang='lat' dir='ltr'><strong>ejus</strong></span> <span class='ocrx_word' id='word_1_171' title='bbox 978 2935 1011 2975; x_wconf 88' lang='lat' dir='ltr'><strong>ae</strong></span> <span class='ocrx_word' id='word_1_172' title='bbox 1024 2930 1179 2993; x_wconf 88' lang='lat' dir='ltr'><strong>sponsores</strong></span> <span class='ocrx_word' id='word_1_173' title='bbox 1193 2930 1261 2973; x_wconf 86' lang='lat' dir='ltr'><strong>cou-</strong></span> 
     </span>
     <span class='ocr_line' id='line_1_21' title="bbox 59 3011 1124 3092; baseline 0.002 -22"><span class='ocrx_word' id='word_1_174' title='bbox 59 3013 149 3081; x_wconf 74' lang='lat' dir='ltr'><strong>sitini,</strong></span> <span class='ocrx_word' id='word_1_175' title='bbox 166 3012 237 3071; x_wconf 89' lang='lat' dir='ltr'><strong>adeo</strong></span> <span class='ocrx_word' id='word_1_176' title='bbox 251 3022 284 3070; x_wconf 90' lang='lat' dir='ltr'><strong>ut</strong></span> <span class='ocrx_word' id='word_1_177' title='bbox 294 3012 352 3090; x_wconf 86' lang='lat' dir='ltr'><strong>ipsi</strong></span> <span class='ocrx_word' id='word_1_178' title='bbox 365 3012 496 3071; x_wconf 88' lang='lat' dir='ltr'><strong>dicantur</strong></span> <span class='ocrx_word' id='word_1_179' title='bbox 509 3015 654 3074; x_wconf 89' lang='lat' dir='ltr'><strong>remittere</strong></span> <span class='ocrx_word' id='word_1_180' title='bbox 668 3025 785 3092; x_wconf 87' lang='lat' dir='ltr'><strong>peccata</strong></span> <span class='ocrx_word' id='word_1_181' title='bbox 798 3024 827 3073; x_wconf 91' lang='lat' dir='ltr'><strong>et</strong></span> <span class='ocrx_word' id='word_1_182' title='bbox 840 3015 954 3074; x_wconf 88' lang='lat' dir='ltr'><strong>animas</strong></span> <span class='ocrx_word' id='word_1_183' title='bbox 968 3011 1124 3073; x_wconf 84' lang='lat' dir='ltr'><strong>solvere.”⁴</strong></span> 
     </span>
    </p>

    <p class='ocr_par' dir='ltr' id='par_1_6' title="bbox 45 3108 1279 3681">
     <span class='ocr_line' id='line_1_22' title="bbox 99 3108 1257 3191; baseline -0.001 -23"><span class='ocrx_word' id='word_1_184' title='bbox 99 3114 128 3168; x_wconf 83' lang='lat'><strong>5.</strong></span> <span class='ocrx_word' id='word_1_185' title='bbox 149 3108 312 3188; x_wconf 68' lang='lat' dir='ltr'><strong>{huglicani</strong></span> <span class='ocrx_word' id='word_1_186' title='bbox 332 3120 501 3187; x_wconf 86' lang='lat' dir='ltr'><strong>potestatem</strong></span> <span class='ocrx_word' id='word_1_187' title='bbox 527 3111 690 3172; x_wconf 87' lang='lat' dir='ltr'><strong>remittendi</strong></span> <span class='ocrx_word' id='word_1_188' title='bbox 714 3122 744 3171; x_wconf 90' lang='lat' dir='ltr'><strong>et</strong></span> <span class='ocrx_word' id='word_1_189' title='bbox 768 3112 909 3172; x_wconf 90' lang='lat' dir='ltr'><strong>retinendi</strong></span> <span class='ocrx_word' id='word_1_190' title='bbox 933 3122 1049 3191; x_wconf 85' lang='lat' dir='ltr'><strong>peccata</strong></span> <span class='ocrx_word' id='word_1_191' title='bbox 1075 3111 1105 3170; x_wconf 89' lang='lat' dir='ltr'><strong>in</strong></span> <span class='ocrx_word' id='word_1_192' title='bbox 1134 3108 1257 3170; x_wconf 80' lang='lat' dir='ltr'><strong>formula</strong></span> 
     </span>
     <span class='ocr_line' id='line_1_23' title="bbox 60 3207 1258 3288; baseline -0.001 -22"><span class='ocrx_word' id='word_1_193' title='bbox 60 3207 245 3267; x_wconf 87' lang='lat' dir='ltr'><strong>ordinationis</strong></span> <span class='ocrx_word' id='word_1_194' title='bbox 260 3209 421 3286; x_wconf 89' lang='lat' dir='ltr'><strong>presbyteri</strong></span> <span class='ocrx_word' id='word_1_195' title='bbox 435 3210 639 3279; x_wconf 80' lang='lat' dir='ltr'><strong>annuntiant3⁸</strong></span> <span class='ocrx_word' id='word_1_196' title='bbox 658 3221 687 3269; x_wconf 91' lang='lat' dir='ltr'><strong>et</strong></span> <span class='ocrx_word' id='word_1_197' title='bbox 707 3212 770 3288; x_wconf 88' lang='lat' dir='ltr'><strong>ejus</strong></span> <span class='ocrx_word' id='word_1_198' title='bbox 790 3212 959 3270; x_wconf 84' lang='lat' dir='ltr'><strong>exercitium</strong></span> <span class='ocrx_word' id='word_1_199' title='bbox 980 3228 1048 3288; x_wconf 87' lang='lat' dir='ltr'><strong>erga</strong></span> <span class='ocrx_word' id='word_1_200' title='bbox 1068 3210 1126 3268; x_wconf 85' lang='lat' dir='ltr'><strong>vita</strong></span> <span class='ocrx_word' id='word_1_201' title='bbox 1144 3207 1258 3286; x_wconf 87' lang='lat' dir='ltr'><strong>pericli·</strong></span> 
     </span>
     <span class='ocr_line' id='line_1_24' title="bbox 45 3295 1260 3384; baseline -0.001 -22"><span class='ocrx_word' id='word_1_202' title='bbox 45 3313 151 3366; x_wconf 69' lang='lat' dir='ltr'><strong>,tantm</strong></span> <span class='ocrx_word' id='word_1_203' title='bbox 167 3306 363 3382; x_wconf 75' lang='lat' dir='ltr'><strong>prescribunt,</strong></span> <span class='ocrx_word' id='word_1_204' title='bbox 379 3309 484 3383; x_wconf 84' lang='lat' dir='ltr'><strong>praevia</strong></span> <span class='ocrx_word' id='word_1_205' title='bbox 504 3295 622 3384; x_wconf 67' lang='lat' dir='ltr'><strong>speciali</strong></span> <span class='ocrx_word' id='word_1_206' title='bbox 645 3317 827 3384; x_wconf 84' lang='lat' dir='ltr'><strong>peccatorum</strong></span> <span class='ocrx_word' id='word_1_207' title='bbox 840 3307 1032 3374; x_wconf 86' lang='lat' dir='ltr'><strong>confessione,</strong></span> <span class='ocrx_word' id='word_1_208' title='bbox 1047 3303 1119 3365; x_wconf 84' lang='lat' dir='ltr'><strong>adeo</strong></span> <span class='ocrx_word' id='word_1_209' title='bbox 1134 3314 1166 3364; x_wconf 94' lang='lat' dir='ltr'><strong>ut</strong></span> <span class='ocrx_word' id='word_1_210' title='bbox 1178 3320 1260 3382; x_wconf 88' lang='lat' dir='ltr'><strong>pres·</strong></span> 
     </span>
     <span class='ocr_line' id='line_1_25' title="bbox 60 3399 1261 3480; baseline -0.001 -21"><span class='ocrx_word' id='word_1_211' title='bbox 60 3401 144 3478; x_wconf 87' lang='lat' dir='ltr'><strong>byter</strong></span> <span class='ocrx_word' id='word_1_212' title='bbox 158 3402 234 3460; x_wconf 89' lang='lat' dir='ltr'><strong>dicat</strong></span> <span class='ocrx_word' id='word_1_213' title='bbox 257 3422 289 3461; x_wconf 88' lang='lat' dir='ltr'><strong>ee</strong></span> <span class='ocrx_word' id='word_1_214' title='bbox 310 3403 419 3462; x_wconf 81' lang='lat' dir='ltr'><strong>Christi</strong></span> <span class='ocrx_word' id='word_1_215' title='bbox 441 3406 605 3463; x_wconf 85' lang='lat' dir='ltr'><strong>auctoritate</strong></span> <span class='ocrx_word' id='word_1_216' title='bbox 625 3405 680 3462; x_wconf 90' lang='lat' dir='ltr'><strong>sibi</strong></span> <span class='ocrx_word' id='word_1_217' title='bbox 701 3403 870 3463; x_wconf 84' lang='lat' dir='ltr'><strong>demandata</strong></span> <span class='ocrx_word' id='word_1_218' title='bbox 889 3405 924 3463; x_wconf 92' lang='lat' dir='ltr'><strong>ab</strong></span> <span class='ocrx_word' id='word_1_219' title='bbox 938 3403 1018 3462; x_wconf 91' lang='lat' dir='ltr'><strong>omni</strong></span> <span class='ocrx_word' id='word_1_220' title='bbox 1033 3409 1151 3480; x_wconf 85' lang='lat' dir='ltr'><strong>peccato</strong></span> <span class='ocrx_word' id='word_1_221' title='bbox 1171 3399 1261 3460; x_wconf 92' lang='lat' dir='ltr'><strong>mori·</strong></span> 
     </span>
     <span class='ocr_line' id='line_1_26' title="bbox 60 3497 1261 3579; baseline -0.001 -21"><span class='ocrx_word' id='word_1_222' title='bbox 60 3499 187 3559; x_wconf 91' lang='lat' dir='ltr'><strong>bundum</strong></span> <span class='ocrx_word' id='word_1_223' title='bbox 211 3501 384 3561; x_wconf 78' lang='lat' dir='ltr'><strong>absolvere.⁶</strong></span> <span class='ocrx_word' id='word_1_224' title='bbox 423 3504 543 3570; x_wconf 85' lang='lat' dir='ltr'><strong>Quoties</strong></span> <span class='ocrx_word' id='word_1_225' title='bbox 569 3503 681 3579; x_wconf 91' lang='lat' dir='ltr'><strong>publice</strong></span> <span class='ocrx_word' id='word_1_226' title='bbox 708 3501 917 3561; x_wconf 84' lang='lat' dir='ltr'><strong>administratur</strong></span> <span class='ocrx_word' id='word_1_227' title='bbox 944 3500 1120 3568; x_wconf 89' lang='lat' dir='ltr'><strong>communio,</strong></span> <span class='ocrx_word' id='word_1_228' title='bbox 1146 3497 1261 3559; x_wconf 85' lang='lat' dir='ltr'><strong>Rituale</strong></span> 
     </span>
     <span class='ocr_line' id='line_1_27' title="bbox 61 3598 1279 3681; baseline 0.002 -24"><span class='ocrx_word' id='word_1_229' title='bbox 61 3599 251 3676; x_wconf 80' lang='lat' dir='ltr'><strong>Anglicanum</strong></span> <span class='ocrx_word' id='word_1_230' title='bbox 267 3602 352 3660; x_wconf 90' lang='lat' dir='ltr'><strong>etiam</strong></span> <span class='ocrx_word' id='word_1_231' title='bbox 368 3602 538 3678; x_wconf 74' lang='lat' dir='ltr'><strong>prescribit,</strong></span> <span class='ocrx_word' id='word_1_232' title='bbox 553 3603 751 3680; x_wconf 87' lang='lat' dir='ltr'><strong>presbyterum</strong></span> <span class='ocrx_word' id='word_1_233' title='bbox 772 3601 878 3660; x_wconf 86' lang='lat' dir='ltr'><strong>hortari</strong></span> <span class='ocrx_word' id='word_1_234' title='bbox 899 3600 1001 3659; x_wconf 88' lang='lat' dir='ltr'><strong>debere</strong></span> <span class='ocrx_word' id='word_1_235' title='bbox 1016 3618 1066 3658; x_wconf 88' lang='lat' dir='ltr'><strong>eos</strong></span> <span class='ocrx_word' id='word_1_236' title='bbox 1081 3600 1130 3674; x_wconf 89' lang='lat' dir='ltr'><strong>qui</strong></span> <span class='ocrx_word' id='word_1_237' title='bbox 1144 3598 1180 3658; x_wconf 90' lang='lat' dir='ltr'><strong>ad</strong></span> <span class='ocrx_word' id='word_1_238' title='bbox 1194 3616 1261 3660; x_wconf 85' lang='lat' dir='ltr'><strong>earn</strong></span> <span class='ocrx_word' id='word_1_239' title='bbox 1277 3677 1279 3681; x_wconf 13' lang='lat'><em>7</em></span> 
     </span>
    </p>
   </div>
   <div class='ocr_carea' id='block_1_5' title="bbox 61 3812 1262 3962">
    <p class='ocr_par' dir='ltr' id='par_1_7' title="bbox 61 3812 1262 3962">
     <span class='ocr_line' id='line_1_28' title="bbox 96 3812 1262 3882; baseline 0.004 -22"><span class='ocrx_word' id='word_1_240' title='bbox 96 3812 108 3878; x_wconf 92' lang='lat'>(</span> <span class='ocrx_word' id='word_1_241' title='bbox 112 3813 139 3878; x_wconf 94' lang='lat'><strong>1)</strong></span> <span class='ocrx_word' id='word_1_242' title='bbox 158 3812 213 3863; x_wconf 83' lang='lat' dir='ltr'><strong>Art.</strong></span> <span class='ocrx_word' id='word_1_243' title='bbox 224 3813 265 3864; x_wconf 83' lang='lat' dir='ltr'><strong>vii.</strong></span> <span class='ocrx_word' id='word_1_244' title='bbox 276 3814 307 3864; x_wconf 88' lang='lat' dir='ltr'><strong>de</strong></span> <span class='ocrx_word' id='word_1_245' title='bbox 318 3831 420 3865; x_wconf 88' lang='lat' dir='ltr'><strong>numero</strong></span> <span class='ocrx_word' id='word_1_246' title='bbox 432 3823 457 3865; x_wconf 86' lang='lat' dir='ltr'><strong>et</strong></span> <span class='ocrx_word' id='word_1_247' title='bbox 466 3831 515 3866; x_wconf 88' lang='lat' dir='ltr'><strong>usu</strong></span> <span class='ocrx_word' id='word_1_248' title='bbox 532 3814 745 3867; x_wconf 76' lang='lat' dir='ltr'><strong>Sacramentcrum</strong></span> <span class='ocrx_word' id='word_1_249' title='bbox 755 3831 780 3882; x_wconf 88' lang='lat' dir='ltr'><strong>p.</strong></span> <span class='ocrx_word' id='word_1_250' title='bbox 796 3814 847 3867; x_wconf 78' lang='lat'><strong>200</strong></span> <span class='ocrx_word' id='word_1_251' title='bbox 865 3815 930 3881; x_wconf 87' lang='lat' dir='ltr'><strong>apud</strong></span> <span class='ocrx_word' id='word_1_252' title='bbox 946 3812 1090 3866; x_wconf 87' lang='lat' dir='ltr'><strong>Walohium</strong></span> <span class='ocrx_word' id='word_1_253' title='bbox 1104 3814 1235 3869; x_wconf 84' lang='lat' dir='ltr'><strong>introduct.</strong></span> <span class='ocrx_word' id='word_1_254' title='bbox 1246 3816 1262 3865; x_wconf 87' lang='grc' dir='ltr'><strong>Ι.</strong></span> 
     </span>
     <span class='ocr_line' id='line_1_29' title="bbox 61 3895 260 3962; baseline 0.02 -16"><span class='ocrx_word' id='word_1_255' title='bbox 61 3895 77 3946; x_wconf 89' lang='lat' dir='ltr'><strong>i.</strong></span> <span class='ocrx_word' id='word_1_256' title='bbox 88 3913 109 3948; x_wconf 89' lang='lat' dir='ltr'><strong>c.</strong></span> <span class='ocrx_word' id='word_1_257' title='bbox 120 3897 153 3947; x_wconf 89' lang='lat' dir='ltr'><strong>iv.</strong></span> <span class='ocrx_word' id='word_1_258' title='bbox 165 3914 189 3962; x_wconf 89' lang='lat' dir='ltr'><strong>p.</strong></span> <span class='ocrx_word' id='word_1_259' title='bbox 200 3900 260 3950; x_wconf 80' lang='grc'><strong>457.</strong></span> 
     </span>
    </p>
   </div>
   <div class='ocr_carea' id='block_1_6' title="bbox 61 3981 1337 4766">
    <p class='ocr_par' dir='ltr' id='par_1_8' title="bbox 97 3981 550 4050">
     <span class='ocr_line' id='line_1_30' title="bbox 97 3981 550 4050; baseline 0.009 -18"><span class='ocrx_word' id='word_1_260' title='bbox 97 3983 139 4048; x_wconf 78' lang='lat'><strong>(2)</strong></span> <span class='ocrx_word' id='word_1_261' title='bbox 159 3981 213 4033; x_wconf 79' lang='lat' dir='ltr'><strong>Art.</strong></span> <span class='ocrx_word' id='word_1_262' title='bbox 225 4000 248 4034; x_wconf 89' lang='lat' dir='ltr'><strong>v.</strong></span> <span class='ocrx_word' id='word_1_263' title='bbox 259 3984 290 4034; x_wconf 90' lang='lat' dir='ltr'><strong>de</strong></span> <span class='ocrx_word' id='word_1_264' title='bbox 301 3985 445 4049; x_wconf 71' lang='lat' dir='ltr'><strong>paenitentia</strong></span> <span class='ocrx_word' id='word_1_265' title='bbox 456 4002 480 4050; x_wconf 89' lang='lat' dir='ltr'><strong>p.</strong></span> <span class='ocrx_word' id='word_1_266' title='bbox 494 3988 550 4036; x_wconf 85' lang='grc'><strong>167.</strong></span> 
     </span>
    </p>

    <p class='ocr_par' dir='ltr' id='par_1_9' title="bbox 96 4067 854 4138">
     <span class='ocr_line' id='line_1_31' title="bbox 96 4067 854 4138; baseline 0.007 -22"><span class='ocrx_word' id='word_1_267' title='bbox 96 4068 139 4134; x_wconf 81' lang='lat'><strong>(3)</strong></span> <span class='ocrx_word' id='word_1_268' title='bbox 159 4067 214 4118; x_wconf 82' lang='lat' dir='ltr'><strong>Art</strong></span> <span class='ocrx_word' id='word_1_269' title='bbox 225 4069 259 4118; x_wconf 84' lang='lat' dir='ltr'><strong>xi.</strong></span> <span class='ocrx_word' id='word_1_270' title='bbox 271 4070 337 4134; x_wconf 86' lang='lat' dir='ltr'><strong>apud</strong></span> <span class='ocrx_word' id='word_1_271' title='bbox 350 4070 496 4121; x_wconf 86' lang='lat' dir='ltr'><strong>Walchium</strong></span> <span class='ocrx_word' id='word_1_272' title='bbox 507 4072 524 4122; x_wconf 90' lang='lat' dir='ltr'><strong>l.</strong></span> <span class='ocrx_word' id='word_1_273' title='bbox 534 4071 551 4122; x_wconf 84' lang='lat' dir='ltr'><strong>i.</strong></span> <span class='ocrx_word' id='word_1_274' title='bbox 560 4087 582 4122; x_wconf 86' lang='lat' dir='ltr'><strong>c.</strong></span> <span class='ocrx_word' id='word_1_275' title='bbox 592 4070 626 4122; x_wconf 84' lang='lat' dir='ltr'><strong>iii.</strong></span> <span class='ocrx_word' id='word_1_276' title='bbox 638 4074 653 4132; x_wconf 65' lang='grc' dir='ltr'>ἐ</span> <span class='ocrx_word' id='word_1_277' title='bbox 665 4070 751 4122; x_wconf 78' lang='lat' dir='ltr'><strong>xxxiv.</strong></span> <span class='ocrx_word' id='word_1_278' title='bbox 759 4087 784 4138; x_wconf 92' lang='lat' dir='ltr'><strong>p.</strong></span> <span class='ocrx_word' id='word_1_279' title='bbox 795 4073 854 4121; x_wconf 75' lang='lat'>295.</span> 
     </span>
    </p>

    <p class='ocr_par' dir='ltr' id='par_1_10' title="bbox 96 4155 460 4221">
     <span class='ocr_line' id='line_1_32' title="bbox 96 4155 460 4221; baseline 0.008 -17"><span class='ocrx_word' id='word_1_280' title='bbox 96 4155 137 4221; x_wconf 79' lang='lat'><strong>(4)</strong></span> <span class='ocrx_word' id='word_1_281' title='bbox 155 4155 217 4205; x_wconf 87' lang='lat' dir='ltr'><strong>Inst.</strong></span> <span class='ocrx_word' id='word_1_282' title='bbox 229 4156 246 4205; x_wconf 92' lang='lat' dir='ltr'><strong>l.</strong></span> <span class='ocrx_word' id='word_1_283' title='bbox 257 4156 292 4208; x_wconf 90' lang='lat' dir='ltr'><strong>iii.</strong></span> <span class='ocrx_word' id='word_1_284' title='bbox 304 4174 326 4206; x_wconf 90' lang='lat' dir='ltr'><strong>o.</strong></span> <span class='ocrx_word' id='word_1_285' title='bbox 338 4157 370 4208; x_wconf 85' lang='lat' dir='ltr'><strong>iv.</strong></span> <span class='ocrx_word' id='word_1_286' title='bbox 382 4174 408 4207; x_wconf 86' lang='lat' dir='ltr'><strong>n.</strong></span> <span class='ocrx_word' id='word_1_287' title='bbox 423 4159 460 4207; x_wconf 78' lang='lat'><strong>12.</strong></span> 
     </span>
    </p>

    <p class='ocr_par' dir='ltr' id='par_1_11' title="bbox 61 4239 1263 4395">
     <span class='ocr_line' id='line_1_33' title="bbox 97 4239 1263 4310; baseline 0 -22"><span class='ocrx_word' id='word_1_288' title='bbox 97 4239 140 4306; x_wconf 89' lang='lat'><strong>(5)</strong></span> <span class='ocrx_word' id='word_1_289' title='bbox 159 4246 175 4272; x_wconf 79' lang='lat'><strong>¹⁴</strong></span> <span class='ocrx_word' id='word_1_290' title='bbox 182 4240 277 4290; x_wconf 89' lang='lat' dir='ltr'><strong>Whose</strong></span> <span class='ocrx_word' id='word_1_291' title='bbox 288 4241 341 4290; x_wconf 89' lang='lat' dir='ltr'><strong>sins</strong></span> <span class='ocrx_word' id='word_1_292' title='bbox 352 4242 413 4294; x_wconf 92' lang='lat' dir='ltr'><strong>thou</strong></span> <span class='ocrx_word' id='word_1_293' title='bbox 424 4243 480 4293; x_wconf 87' lang='lat' dir='ltr'><strong>dost</strong></span> <span class='ocrx_word' id='word_1_294' title='bbox 490 4243 589 4307; x_wconf 77' lang='lat' dir='ltr'><strong>forgive,</strong></span> <span class='ocrx_word' id='word_1_295' title='bbox 601 4243 660 4310; x_wconf 85' lang='lat' dir='ltr'><strong>they</strong></span> <span class='ocrx_word' id='word_1_296' title='bbox 676 4259 716 4294; x_wconf 87' lang='lat' dir='ltr'><strong>are</strong></span> <span class='ocrx_word' id='word_1_297' title='bbox 727 4242 852 4306; x_wconf 77' lang='lat' dir='ltr'><strong>forgiven:</strong></span> <span class='ocrx_word' id='word_1_298' title='bbox 870 4242 919 4294; x_wconf 87' lang='lat' dir='ltr'><strong>and</strong></span> <span class='ocrx_word' id='word_1_299' title='bbox 929 4241 1014 4294; x_wconf 83' lang='lat' dir='ltr'><strong>whose</strong></span> <span class='ocrx_word' id='word_1_300' title='bbox 1030 4241 1083 4294; x_wconf 85' lang='lat' dir='ltr'><strong>sine</strong></span> <span class='ocrx_word' id='word_1_301' title='bbox 1094 4241 1155 4294; x_wconf 92' lang='lat' dir='ltr'><strong>thou</strong></span> <span class='ocrx_word' id='word_1_302' title='bbox 1163 4239 1218 4291; x_wconf 86' lang='lat' dir='ltr'><strong>dost</strong></span> <span class='ocrx_word' id='word_1_303' title='bbox 1228 4253 1263 4288; x_wconf 91' lang='lat' dir='ltr'><strong>re·</strong></span> 
     </span>
     <span class='ocr_line' id='line_1_34' title="bbox 61 4327 759 4395; baseline 0.006 -17"><span class='ocrx_word' id='word_1_304' title='bbox 61 4328 121 4388; x_wconf 78' lang='lat' dir='ltr'><strong>tuin,</strong></span> <span class='ocrx_word' id='word_1_305' title='bbox 131 4327 191 4393; x_wconf 89' lang='lat' dir='ltr'><strong>they</strong></span> <span class='ocrx_word' id='word_1_306' title='bbox 202 4345 243 4378; x_wconf 88' lang='lat' dir='ltr'><strong>are</strong></span> <span class='ocrx_word' id='word_1_307' title='bbox 253 4329 385 4380; x_wconf 83' lang='lat' dir='ltr'><strong>retained.’&#39;</strong></span> <span class='ocrx_word' id='word_1_308' title='bbox 419 4330 476 4380; x_wconf 87' lang='lat' dir='ltr'><strong>The</strong></span> <span class='ocrx_word' id='word_1_309' title='bbox 487 4331 608 4395; x_wconf 90' lang='lat' dir='ltr'><strong>Ordering</strong></span> <span class='ocrx_word' id='word_1_310' title='bbox 619 4332 648 4382; x_wconf 85' lang='lat' dir='ltr'><strong>of</strong></span> <span class='ocrx_word' id='word_1_311' title='bbox 660 4331 759 4382; x_wconf 87' lang='lat' dir='ltr'><strong>Priests.</strong></span> 
     </span>
    </p>

    <p class='ocr_par' dir='ltr' id='par_1_12' title="bbox 61 4412 1337 4766">
     <span class='ocr_line' id='line_1_35' title="bbox 96 4412 1337 4483; baseline -0.002 -20"><span class='ocrx_word' id='word_1_312' title='bbox 96 4415 140 4482; x_wconf 85' lang='grc'><strong>(6)</strong></span> <span class='ocrx_word' id='word_1_313' title='bbox 160 4419 175 4446; x_wconf 84' lang='lat'><strong>“</strong></span> <span class='ocrx_word' id='word_1_314' title='bbox 183 4415 237 4464; x_wconf 88' lang='lat' dir='ltr'><strong>Our</strong></span> <span class='ocrx_word' id='word_1_315' title='bbox 248 4413 314 4465; x_wconf 89' lang='lat' dir='ltr'><strong>Lord</strong></span> <span class='ocrx_word' id='word_1_316' title='bbox 325 4415 341 4464; x_wconf 90' lang='lat' dir='ltr'>J</span> <span class='ocrx_word' id='word_1_317' title='bbox 342 4433 399 4467; x_wconf 81' lang='lat' dir='ltr'><strong>esus</strong></span> <span class='ocrx_word' id='word_1_318' title='bbox 406 4417 491 4468; x_wconf 78' lang='lat' dir='ltr'><strong>Christ</strong></span> <span class='ocrx_word' id='word_1_319' title='bbox 500 4418 558 4468; x_wconf 85' lang='lat' dir='ltr'><strong>who</strong></span> <span class='ocrx_word' id='word_1_320' title='bbox 569 4417 630 4468; x_wconf 90' lang='lat' dir='ltr'><strong>hath</strong></span> <span class='ocrx_word' id='word_1_321' title='bbox 640 4417 683 4467; x_wconf 84' lang='lat' dir='ltr'><strong>left</strong></span> <span class='ocrx_word' id='word_1_322' title='bbox 692 4433 775 4483; x_wconf 85' lang='lat' dir='ltr'><strong>power</strong></span> <span class='ocrx_word' id='word_1_323' title='bbox 786 4423 811 4467; x_wconf 93' lang='lat' dir='ltr'><strong>to</strong></span> <span class='ocrx_word' id='word_1_324' title='bbox 821 4416 861 4467; x_wconf 92' lang='lat' dir='ltr'><strong>his</strong></span> <span class='ocrx_word' id='word_1_325' title='bbox 873 4415 975 4468; x_wconf 79' lang='lat' dir='ltr'><strong>(lhnrch</strong></span> <span class='ocrx_word' id='word_1_326' title='bbox 983 4423 1008 4467; x_wconf 86' lang='lat' dir='ltr'><strong>to</strong></span> <span class='ocrx_word' id='word_1_327' title='bbox 1019 4415 1117 4467; x_wconf 80' lang='lat' dir='ltr'><strong>absolve</strong></span> <span class='ocrx_word' id='word_1_328' title='bbox 1125 4413 1157 4466; x_wconf 84' lang='lat' dir='ltr'><strong>ell</strong></span> <span class='ocrx_word' id='word_1_329' title='bbox 1168 4412 1265 4463; x_wconf 84' lang='lat' dir='ltr'><strong>sinuers</strong></span> <span class='ocrx_word' id='word_1_330' title='bbox 1331 4434 1337 4447; x_wconf 67' lang='lat'><em>1</em></span> 
     </span>
     <span class='ocr_line' id='line_1_36' title="bbox 61 4500 1165 4571; baseline 0.001 -19"><span class='ocrx_word' id='word_1_331' title='bbox 61 4500 119 4553; x_wconf 79' lang='lat' dir='ltr'><strong>who</strong></span> <span class='ocrx_word' id='word_1_332' title='bbox 134 4503 201 4567; x_wconf 85' lang='lat' dir='ltr'><strong>truly</strong></span> <span class='ocrx_word' id='word_1_333' title='bbox 212 4509 299 4568; x_wconf 88' lang='lat' dir='ltr'><strong>repent</strong></span> <span class='ocrx_word' id='word_1_334' title='bbox 317 4504 477 4561; x_wconf 84' lang='lat' dir='ltr'><strong>andbelieve</strong></span> <span class='ocrx_word' id='word_1_335' title='bbox 495 4505 523 4555; x_wconf 91' lang='lat' dir='ltr'><strong>in</strong></span> <span class='ocrx_word' id='word_1_336' title='bbox 540 4505 602 4565; x_wconf 92' lang='lat' dir='ltr'><strong>him,</strong></span> <span class='ocrx_word' id='word_1_337' title='bbox 621 4505 650 4555; x_wconf 88' lang='lat' dir='ltr'><strong>of</strong></span> <span class='ocrx_word' id='word_1_338' title='bbox 660 4504 701 4554; x_wconf 85' lang='lat' dir='ltr'><strong>his</strong></span> <span class='ocrx_word' id='word_1_339' title='bbox 720 4510 788 4567; x_wconf 86' lang='lat' dir='ltr'><strong>great</strong></span> <span class='ocrx_word' id='word_1_340' title='bbox 805 4520 887 4571; x_wconf 90' lang='lat' dir='ltr'><strong>mercy</strong></span> <span class='ocrx_word' id='word_1_341' title='bbox 899 4505 991 4568; x_wconf 79' lang='lat' dir='ltr'><strong>forgive</strong></span> <span class='ocrx_word' id='word_1_342' title='bbox 1002 4502 1058 4554; x_wconf 88' lang='lat' dir='ltr'><strong>thee</strong></span> <span class='ocrx_word' id='word_1_343' title='bbox 1069 4502 1165 4554; x_wconf 83' lang='lat' dir='ltr'><strong>thineo</strong></span> 
     </span>
     <span class='ocr_line' id='line_1_37' title="bbox 61 4497 1308 4766; baseline 0.004 -128"><span class='ocrx_word' id='word_1_344' title='bbox 61 4586 121 4639; x_wconf 82' lang='lat' dir='ltr'><strong>And</strong></span> <span class='ocrx_word' id='word_1_345' title='bbox 131 4590 166 4653; x_wconf 91' lang='lat' dir='ltr'><strong>by</strong></span> <span class='ocrx_word' id='word_1_346' title='bbox 176 4588 216 4638; x_wconf 84' lang='lat' dir='ltr'><strong>his</strong></span> <span class='ocrx_word' id='word_1_347' title='bbox 228 4589 351 4654; x_wconf 89' lang='lat' dir='ltr'><strong>authority</strong></span> <span class='ocrx_word' id='word_1_348' title='bbox 362 4591 503 4642; x_wconf 82' lang='lat' dir='ltr'><strong>committed</strong></span> <span class='ocrx_word' id='word_1_349' title='bbox 514 4599 539 4642; x_wconf 91' lang='lat' dir='ltr'><strong>to</strong></span> <span class='ocrx_word' id='word_1_350' title='bbox 550 4607 591 4642; x_wconf 89' lang='lat' dir='ltr'><strong>me</strong></span> <span class='ocrx_word' id='word_1_351' title='bbox 602 4591 614 4641; x_wconf 92' lang='lat'>1</span> <span class='ocrx_word' id='word_1_352' title='bbox 625 4591 723 4642; x_wconf 82' lang='lat' dir='ltr'><strong>obsolve</strong></span> <span class='ocrx_word' id='word_1_353' title='bbox 737 4590 794 4642; x_wconf 85' lang='lat' dir='ltr'><strong>thee</strong></span> <span class='ocrx_word' id='word_1_354' title='bbox 809 4591 873 4643; x_wconf 88' lang='lat' dir='ltr'><strong>from</strong></span> <span class='ocrx_word' id='word_1_355' title='bbox 889 4592 921 4642; x_wconf 82' lang='lat' dir='ltr'><strong>all</strong></span> <span class='ocrx_word' id='word_1_356' title='bbox 933 4591 977 4656; x_wconf 85' lang='lat' dir='ltr'><strong>thy</strong></span> <span class='ocrx_word' id='word_1_357' title='bbox 988 4589 1048 4646; x_wconf 73' lang='lat' dir='ltr'><strong>sins.</strong></span> <span class='ocrx_word' id='word_1_358' title='bbox 1058 4589 1086 4642; x_wconf 87' lang='lat' dir='ltr'><strong>in</strong></span> <span class='ocrx_word' id='word_1_359' title='bbox 1097 4588 1139 4642; x_wconf 79' lang='lat' dir='ltr'><strong>the</strong></span> <span class='ocrx_word' id='word_1_360' title='bbox 1150 4497 1308 4766; x_wconf 53' lang='grc' dir='ltr'><strong>Τ</strong></span> 
     </span>
    </p>
   </div>
   <div class='ocr_carea' id='block_1_7' title="bbox 62 4673 870 4736">
    <p class='ocr_par' dir='ltr' id='par_1_13' title="bbox 62 4673 870 4736">
     <span class='ocr_line' id='line_1_38' title="bbox 62 4673 870 4736; baseline 0.006 -12"><span class='ocrx_word' id='word_1_361' title='bbox 62 4673 104 4725; x_wconf 85' lang='lat' dir='ltr'><strong>tho</strong></span> <span class='ocrx_word' id='word_1_362' title='bbox 115 4673 231 4736; x_wconf 84' lang='lat' dir='ltr'><strong>Father,”</strong></span> <span class='ocrx_word' id='word_1_363' title='bbox 242 4674 291 4725; x_wconf 73' lang='lat' dir='ltr'><strong>dec.</strong></span> <span class='ocrx_word' id='word_1_364' title='bbox 323 4674 379 4726; x_wconf 88' lang='lat' dir='ltr'><strong>The</strong></span> <span class='ocrx_word' id='word_1_365' title='bbox 391 4676 468 4727; x_wconf 87' lang='lat' dir='ltr'><strong>Order</strong></span> <span class='ocrx_word' id='word_1_366' title='bbox 477 4677 505 4727; x_wconf 92' lang='lat' dir='ltr'><strong>of</strong></span> <span class='ocrx_word' id='word_1_367' title='bbox 517 4677 559 4728; x_wconf 87' lang='lat' dir='ltr'><strong>the</strong></span> <span class='ocrx_word' id='word_1_368' title='bbox 570 4676 704 4729; x_wconf 84' lang='lat' dir='ltr'><strong>Vieitation</strong></span> <span class='ocrx_word' id='word_1_369' title='bbox 714 4677 743 4729; x_wconf 87' lang='lat' dir='ltr'><strong>of</strong></span> <span class='ocrx_word' id='word_1_370' title='bbox 749 4677 792 4730; x_wconf 83' lang='lat' dir='ltr'><strong>the</strong></span> <span class='ocrx_word' id='word_1_371' title='bbox 803 4677 870 4729; x_wconf 72' lang='lat' dir='ltr'><strong>stols</strong></span> 
     </span>
    </p>
   </div>
   <div class='ocr_carea' id='block_1_8' title="bbox 0 0 1403 5056">
    <p class='ocr_par' dir='ltr' id='par_1_14' title="bbox 0 0 1403 5056">
     <span class='ocr_line' id='line_1_39' title="bbox 0 0 1403 5056; baseline 0 0"><span class='ocrx_word' id='word_1_372' title='bbox 0 0 1403 5056; x_wconf 95' lang='lat' dir='ltr'><strong> </strong></span> 
     </span>
    </p>
   </div>
  </div>
 </body>
</html>
