2774 5056
1295 87 1306 143 f

260 322 319 385 nn
339 317 592 384 nornsrurn
613 318 886 385 numerarunt
905 306 1113 383 recurri.
1232 324 1292 383 aaa

89 490 263 564 potestatem
276 481 439 541 remittendi
460 491 576 561 peccata
598 501 616 542 a
638 480 767 551 Christo,
792 491 936 555 tamquam
951 480 1078 551 homine,
1100 501 1137 542 eo
1154 481 1292 542 miraculo

90 579 268 640 vindicatam
283 597 359 638 esse.
400 579 539 646 Quamvis
554 587 648 638 antem
663 577 755 655 ipsius
772 596 806 636 ea
820 587 946 655 potestas
969 576 1053 636 fuerit
1066 579 1295 638 eminentissima

91 677 217 752 quadam
230 676 352 758 ratione,
373 693 438 749 quaa
458 675 623 735 homiuibus
643 675 678 732 ab
697 692 733 732 eo
753 672 890 752 delegatis
911 692 969 733 nou
984 674 1129 744 convenit,
1144 675 1211 734 inde
1225 674 1296 734 satis

92 784 172 852 patet
193 782 362 853 potestatem
385 771 548 832 remittendi
569 781 686 849 peccata
707 789 765 830 uon
787 771 826 830 ita
848 789 913 830 esse
934 771 991 831 Dei
1011 772 1166 850 propriam,
1189 784 1294 833 utnon

94 871 192 948 possit
203 869 409 928 communicari
424 869 599 928 hominibus.
1131 890 1134 894 >

134 970 186 1026 40.
211 964 345 1045 obj.1s.
367 966 424 1025 Dei
448 977 493 1024 est
515 966 654 1024 suscitare
679 974 868 1043 peccatorem,
889 983 944 1024 nec
969 965 1104 1024 sacerdos
1132 964 1202 1041 quid
1222 967 1298 1028 valet

95 1051 304 1144 preter-quam
320 1062 463 1121 declarare
476 1062 532 1121 sibi
545 1079 789 1155 persuasumesse
803 1079 970 1140 eumtessea
983 1072 1074 1121 morte
1085 1065 1193 1140 peccati
1205 1081 1299 1127 resus-

94 1165 234 1223 citatum}
257 1171 277 1199 ‘⁶
288 1161 361 1229 Quis
375 1180 442 1220 eum
456 1160 614 1229 suscitabit,
630 1161 686 1219 nisi
701 1161 749 1234 qui
769 1167 880 1219 remoto
900 1158 995 1238 lapide
1013 1160 1159 1230 clamavit,
1175 1160 1293 1221 diceus:

94 1261 217 1330 Lazaro,
231 1259 313 1337 prodi
326 1259 401 1318 foras
412 1257 460 1315 1”ι
499 1258 542 1317 Ita
552 1258 739 1336 Augustinus.

136 1354 225 1434 Rcap.
248 1355 356 1428 Utique
369 1354 473 1413 divine
487 1365 532 1412 eet
544 1354 690 1432 potestatis
706 1365 883 1431 peccatorem
896 1353 1021 1412 excitare
1035 1353 1070 1412 ad
1085 1355 1294 1432 penitentiam,

95 1467 126 1514 et
138 1455 197 1513 rita
210 1453 306 1532 gratie
320 1452 436 1520 donare,
452 1452 583 1526 quamvis
597 1461 626 1509 et
639 1451 765 1511 hominis
786 1460 879 1509 utatur
899 1451 1070 1521 ministerio,
1084 1452 1161 1527 quod
1177 1452 1297 1530 pulchre

96 1551 224 1630 explicat
237 1551 300 1628 ipse
322 1549 522 1627 Augustinus:
545 1549 655 1607 “Cum
677 1546 759 1607 audis
784 1547 931 1608 bominem
957 1549 1095 1626 poenitere
1116 1561 1298 1628 peccatorum

96 1666 228 1717 suorum,
238 1648 300 1725 jam
315 1647 438 1705 reviruit:
461 1664 528 1706 cum
541 1645 623 1705 audis
645 1646 794 1705 hominem
812 1645 976 1706 coufitendo
1001 1647 1127 1725 proferre
1150 1649 1300 1708 conscien·
1380 1636 1382 1644 .

97 1749 179 1814 tiam,
189 1745 251 1823 jam
266 1743 302 1803 de
315 1743 468 1822 sepulchro
482 1743 601 1803 eductus
616 1753 670 1812 est,
685 1741 736 1801 sed
750 1741 877 1802 nondum
892 1743 1004 1803 solutus
1020 1754 1074 1803 est.
1107 1745 1229 1813 Quando
1242 1747 1300 1807 sol·

97 1843 195 1903 vituri
216 1841 350 1916 aquibus
363 1841 508 1900 solviturf
549 1840 642 1908 ‘Qum
651 1839 817 1908 solveritis,’
830 1840 932 1913 inquit,
949 1841 999 1900 ‘in
1013 1851 1095 1911 terra.
1110 1855 1193 1902 erunt
1207 1844 1300 1906 soluta

98 1940 173 1998 etin
186 1938 270 1998 coelo·
290 1939 398 1998 Merito
411 1957 464 2016 per
478 1936 641 1996 Ecclesiam
652 1934 713 1994 dari
728 1936 832 1995 solutio
841 1946 1023 2014 pcccatorum
1038 1949 1150 2015 potest;
1167 1942 1300 2002 suscitari

98 2047 195 2096 autem
216 2037 280 2114 ipse
300 2045 430 2096 mortuus
449 2035 567 2095 nonnisi
588 2035 665 2093 intus
691 2033 830 2093 clamante
853 2034 979 2094 Domino
1001 2048 1112 2114 potest:
1134 2037 1197 2096 hece
1221 2041 1299 2100 enim

98 2133 182 2194 Deus
196 2132 314 2192 interius
329 2132 434 2210 agit.’'⁹

139 2235 190 2291 48.
214 2230 281 2310 obj.
299 2234 346 2291 19.
368 2231 468 2291 Patres
482 2230 574 2289 varias
587 2229 725 2289 exhibent
737 2229 943 2307 explicationes
954 2230 1082 2292 locorum
1098 2253 1161 2308 quae
1176 2234 1300 2294 afferun-

98 2340 147 2388 tur
159 2327 196 2387 ad
208 2339 377 2406 potestatem
392 2326 554 2387 remittendi
568 2342 685 2403 peccata
705 2325 924 2386 adstruendam:
948 2345 1000 2388 uec
1022 2327 1151 2389 dubitant
1173 2350 1299 2392 asserere

99 2427 160 2487 Dei
183 2445 248 2486 esee
272 2426 362 2485 solius
386 2436 503 2503 peccata
525 2425 679 2482 remittere.
731 2424 782 2481 Sic
806 2410 989 2501 Cyprianus:
1013 2425 1131 2485 “Solus
1156 2427 1300 2488 Dominus

99 2524 231 2584 misereri
245 2532 349 2601 potest.
392 2521 515 2580 Veniam
530 2519 734 2598 peccatisque
749 2520 779 2578 iu
794 2519 891 2597 ipsum
905 2522 1062 2580 commissa
1075 2532 1143 2582 sunt
1155 2524 1235 2584 solus
1249 2544 1302 2604 po·

101 2630 159 2679 test
171 2619 220 2679 ille
233 2619 377 2699 largiriss't

142 2716 232 2797 neap.
253 2719 288 2778 Id
301 2721 332 2779 iu
351 2737 430 2779 more
444 2719 571 2797 positum
585 2717 781 2795 asspectibus,
797 2718 887 2776 varias
908 2716 1041 2778 adbibere
1056 2720 1302 2798 interpretationes

99 2817 230 2878 moribus
244 2817 429 2878 informandis
445 2814 691 2884 accommodatas;
716 2815 793 2891 quod
808 2835 825 2873 a
838 2817 984 2876 nonnullis
998 2817 1104 2877 factum
1118 2818 1153 2878 de
1168 2820 1213 2879 his
1225 2823 1303 2881 testi·

101 2916 209 2976 moniis
223 2934 312 2990 quum
327 2917 396 2976 alias
418 2914 453 2974 de
474 2925 592 2994 peccata
613 2914 776 2974 remittendi
790 2927 929 2992 potestate
944 2916 1020 2995 apud
1034 2933 1135 2977 omnes
1150 2933 1302 2990 constaret,

101 3033 142 3074 ex
156 3014 240 3072 obvia
254 3015 403 3074 verborum
418 3014 621 3091 acceptatione.
651 3012 898 3087 Quandocumque
912 3013 1053 3074 affirmant
1065 3015 1121 3075 Dei
1135 3035 1200 3076 esse
1215 3019 1304 3077 solius

101 3111 171 3170 dare
187 3112 309 3179 veniam,
324 3108 501 3188 intelligendi
515 3122 582 3169 sunt
595 3109 630 3168 de
640 3129 752 3170 summa
766 3129 823 3184 qua
838 3110 926 3189 pollet
937 3113 1122 3182 auctoritate;
1138 3126 1167 3172 et
1180 3125 1210 3173 ut
1220 3134 1305 3174 nemo

102 3210 160 3269 sibi
174 3219 255 3288 putet
266 3210 352 3268 licere
367 3208 475 3283 aliquid
488 3218 587 3267 contra
600 3208 726 3268 divinam
744 3208 849 3285 legem.
865 3228 922 3282 qua
936 3229 1062 3288 congrua
1075 3213 1241 3288 paenitentia
1255 3232 1305 3272 ex·

101 3308 200 3387 igitur.
241 3306 307 3367 Hac
329 3305 365 3365 de
389 3325 477 3365 causa
499 3305 666 3383 Cyprianus
691 3305 783 3381 arguit
803 3322 854 3362 eos
876 3306 925 3378 qui
946 3305 1043 3383 lapsos
1058 3307 1088 3366 in
1102 3310 1304 3385 persecutione

103 3420 212 3466 temere
234 3404 377 3464 donabant
405 3405 498 3472 venia,
520 3402 686 3481 poeniteutia
713 3409 790 3459 tanto
817 3401 918 3460 sceleri
940 3421 1065 3480 congrua
1088 3423 1146 3463 non
1169 3422 1304 3482 peracta:
1335 3420 1341 3429 ·

104 3516 125 3543 “
139 3503 249 3562 Contra
263 3501 414 3580 Evangelii
435 3503 574 3578 vigorem,
595 3510 694 3560 contra
705 3497 823 3559 Domini
838 3518 871 3557 ac
885 3499 942 3558 Dei
955 3500 1048 3578 legem
1064 3503 1220 3561 temeritate
1234 3522 1305 3578 quo·

103 3601 237 3664 rumdam
250 3601 360 3660 laxatur
374 3601 495 3659 incautis
511 3598 751 3659 communicatio:
774 3597 852 3656 irrita
864 3617 897 3656 ac
912 3597 983 3656 falsa
997 3619 1053 3676 pax
1063 3601 1222 3677 periculosa
1237 3603 1305 3664 dan·

104 3701 193 3766 tibus,
210 3708 239 3757 et
252 3695 326 3756 nihil
340 3697 545 3773 accipientibus
560 3695 716 3773 profutura.
758 3693 833 3752 unte
855 3695 969 3772 expiata
982 3695 1094 3764 delicta,
1109 3710 1173 3757 aute
1188 3719 1305 3762 exomo-

104 3798 228 3877 logesim
242 3797 346 3855 factam
359 3795 497 3862 criminis,
512 3812 592 3852 anun
607 3810 767 3852 runcantur
780 3811 1002 3852 coneornnrrau
1017 3796 1167 3860 sacrificio.
1179 3810 1208 3856 et
1221 3819 1306 3860 uano
1320 3797 1323 3805 '

84 3896 97 3904 “
106 3904 369 3960 saounnoms‚ante
381 3889 521 3950 offensam
531 3889 670 3968 placatam
684 3889 858 3967 indignantis
870 3889 999 3958 Domini,
1009 3902 1037 3949 et
1049 3893 1194 3961 minantis,
1204 3916 1304 3973 paoem

106 4003 209 4070 putant
229 4008 294 4048 esse
320 4007 405 4061 quam
432 3987 549 4062 quidam
571 3987 665 4044 verbis
686 3986 833 4071 fallacibus
856 3985 1033 4075 venditant.”
1050 4030 1059 4048 .
1075 3988 1120 4047 De
1142 3991 1196 4048 lrac
1216 3993 1306 4051 nimia

106 4092 240 4152 facilitate
254 4088 342 4148 dicit:
365 4087 493 4145 “Nemo
507 4103 539 4143 se
554 4084 640 4153 fallat,
655 4103 741 4143 nemo
765 4102 797 4142 se
818 4083 957 4161 decipiat:
979 4084 1058 4143 solus
1080 4085 1223 4146 Dominus
1238 4091 1306 4147 mis·

107 4189 179 4250 eresi
194 4198 298 4266 potest.
340 4183 463 4242 Veniam
478 4185 679 4259 peccatisque
694 4181 724 4240 in
738 4180 1005 4257 ipsum-commissa
1019 4195 1095 4251 sunt,
1117 4183 1196 4241 solus
1212 4195 1307 4262 potest

107 4289 154 4349 ille
167 4285 276 4366 largiri,
289 4283 338 4358 qui
353 4293 471 4360 peccata
492 4291 589 4339 nostra
610 4272 741 4357 portavit,
757 4280 806 4353 qui
821 4297 872 4355 pro
896 4279 978 4337 nobis
1000 4279 1100 4351 doluit,
1116 4300 1204 4355 quem
1224 4283 1305 4342 Deus

404 4457 443 4521 (1)
461 4456 538 4506 Scrm.
550 4453 617 4505 lxvii.
629 4454 688 4505 aliae
700 4454 750 4506 viii.
760 4453 791 4505 de
799 4453 877 4506 verbis
885 4454 994 4539 Domini·

410 4544 449 4608 (2)
469 4541 556 4592 Enarr.
567 4541 598 4600 11.
610 4541 727 4592 inPscl.
1069 4550 1072 4563 ¹

410 4630 449 4695 (3)
469 4626 499 4679 1..
510 4627 541 4679 de
552 4626 635 4694 lapsis.
1275 4558 1336 4762 Ι
