2774 5056
432 316 488 378 DE
509 318 717 379 MINISTRO
737 319 947 379 BAPTlSMl.
1252 323 1288 379 dl

88 476 282 536 confirmandi
311 479 395 538 ritum
422 478 637 554 quodammodo
665 479 826 538 imitabatur
836 485 858 536 :1
892 480 966 538 sicut
992 479 1148 538 etiamnum
1161 481 1194 538 fit
1215 479 1291 556 apud

91 575 232 634 Graecos:
255 577 332 652 apud
347 597 399 636 nos
414 577 480 636 serd
501 578 677 654 recipiuntur
691 588 756 653 post
770 578 925 654 abjuratam
940 578 1082 645 heresim,
1097 583 1202 637 emissa
1223 577 1291 638 fidei

90 674 283 749 professione,
300 685 328 733 et
341 675 434 735 soluto
462 677 765 735 excommunicationis
787 676 911 743 vinculo,
927 695 983 748 quo
998 674 1123 734 heretici
1143 687 1171 734 et
1190 696 1291 749 eorum

89 769 214 829 fautores
242 772 464 850 obstringuntur.
508 771 574 830 Hoc
600 771 761 849 specialiter
789 772 950 829 notavimus
978 790 1013 829 ne
1039 771 1102 844 quis
1123 772 1176 830 sibi
1204 773 1291 831 licere

89 876 171 942 putet
183 886 234 926 eos
248 869 384 944 excipere
398 868 432 926 ad
454 869 703 926 sacramentorum
719 870 905 935 consortium,
921 870 1027 940 absque
1051 870 1156 943 praevia
1180 869 1290 929 absolu·

90 964 167 1022 tione
180 984 196 1022 a
210 967 351 1032 censuris,
367 984 402 1024 eo
426 967 489 1024 scili
495 977 540 1023 cet
553 976 693 1042 praetextu
709 964 784 1039 quod
789 965 938 1045 formales
952 966 1078 1023 haeretiei
1092 984 1151 1023 non
1175 966 1288 1036 suerint,

91 1079 167 1128 nam,
183 1080 272 1135 quum
291 1063 424 1120 Ecclesia
438 1082 496 1121 non
505 1061 617 1140 judicet
637 1063 672 1120 de
688 1063 817 1129 occultis,
834 1063 862 1119 in
878 1063 939 1120 soro
951 1072 1068 1119 ertemo
1083 1060 1159 1119 nulla
1173 1061 1291 1122 habetur

92 1159 161 1215 ratio
188 1158 358 1238 theologice
384 1160 460 1218 illius
487 1159 688 1226 distinctionis,
710 1159 761 1216 sed
782 1178 882 1218 omnes
904 1160 1043 1218 habentur
1057 1160 1181 1217 haeretici
1196 1161 1245 1232 qui
1260 1161 1290 1219 in

93 1270 188 1313 eorum
202 1256 406 1314 communione
427 1259 598 1314 versantur.n
637 1256 676 1314 lis
692 1256 778 1331 igitur
791 1273 861 1332 paee
877 1256 1016 1314 Ecclesia
1031 1255 1142 1314 donatis
1156 1256 1289 1332 baptismi

80 1351 176 1425 'gratia
189 1350 280 1420 datur,
296 1353 404 1425 absque
419 1352 564 1411 iteratione
575 1354 755 1420 sacramenti,
771 1352 882 1410 adeout
895 1352 1003 1410 “idem
1018 1353 1081 1429 ipse
1098 1351 1288 1431 (baptismus)

95 1449 138 1519 qui
150 1457 265 1526 propter
279 1447 450 1509 discordiam
466 1449 534 1508 soris
554 1451 722 1526 operabatur
737 1461 868 1517 mortem,
884 1460 999 1526 propter
1013 1468 1114 1527 pacem
1130 1450 1206 1507 intus
1221 1468 1289 1527 ope·

95 1556 164 1604 retur
186 1547 307 1605 salutem
323 1546 354 1614 3⁹⁹
370 1548 410 1604 uti
425 1545 460 1604 de
480 1547 676 1606 hereticorum
691 1549 833 1625 baptismo
848 1567 935 1624 agens
950 1547 1064 1606 adnotat
1087 1549 1289 1625 Augustinus.⁸

133 1647 197 1701 181.
219 1642 253 1702 In
269 1642 442 1702 Tridentino
463 1663 571 1702 canone
586 1644 621 1701 de
635 1645 728 1702 valore
744 1645 877 1721 baptismi
892 1647 926 1703 ab
941 1645 1080 1703 haereticis
1096 1645 1190 1703 collati
1204 1640 1290 1702 verba

96 1739 147 1808 illa,
163 1750 182 1776 ‘⁶
195 1760 261 1798 cum
275 1741 434 1799 intentione
448 1741 571 1799 faciendi
586 1741 663 1814 quod
678 1742 745 1799 lacit
758 1742 923 1809 Ecclesia‚''
939 1743 1074 1815 cuiquam
1094 1741 1288 1800 difficultatem

97 1837 181 1896 iacere
196 1849 325 1916 possent,
341 1849 475 1897 caeterum
490 1840 591 1897 “Pius
606 1840 644 1896 V.
657 1839 787 1897 definivit
801 1858 899 1897 verum
916 1858 980 1898 esse
996 1841 1146 1916 baptisma,
1160 1860 1218 1913 quo
1229 1851 1288 1898 ute·

97 1944 184 1992 rentur
206 1934 374 1993 Calvinistae
399 1934 565 1993 adhibentes
591 1934 711 1993 sormam
734 1944 762 1992 et
787 1936 931 1992 materiam
957 1937 1112 1994 institutam
1127 1956 1144 1992 a
1159 1935 1287 2005 Christo,

100 2049 155 2088 curn
168 2031 326 2090 intentione
347 2031 474 2108 generali
494 2031 617 2089 faciendi
631 2030 708 2104 quod
724 2030 857 2088 Christus
874 2032 1012 2099 instituit;
1034 2031 1101 2089 licet
1114 2043 1238 2091 errarent
1257 2032 1289 2090 in

99 2128 245 2202 particulari
260 2128 504 2204 interpretatione,
521 2140 549 2185 et
564 2127 701 2204 singulari
713 2129 883 2196 intentione,
899 2139 931 2186 ut
950 2128 998 2186 alii
1012 2130 1070 2187 sere
1085 2148 1186 2187 omnes
1200 2130 1288 2189 haere-

99 2224 141 2282 tici
153 2237 287 2295 errarunt,
300 2226 348 2285 vei
360 2226 436 2287 circa
448 2227 666 2303 intelligentiam
688 2227 785 2285 formae
807 2227 994 2303 baptismalis,
1008 2228 1054 2286 vel
1069 2229 1144 2286 circa
1164 2228 1288 2301 aliquem

100 2323 153 2397 ejus
164 2325 317 2383 effectumr
339 2324 377 2385 ob
391 2322 420 2383 id
433 2326 592 2402 baptizatos
607 2326 641 2382 ab
656 2325 727 2400 ipsis
744 2325 923 2392 Calvinistis,
939 2345 996 2384 non
1018 2327 1120 2383 iterum
1135 2324 1287 2401 tingendos

100 2419 143 2476 sub
168 2419 362 2480 conditione.’'
423 2420 520 2480 Verba
554 2430 623 2479 sunt
659 2421 773 2479 concilii
810 2421 995 2479 Ebroicensis
1031 2420 1117 2479 relata
1146 2441 1163 2479 a
1196 2420 1288 2480 Bene·

101 2514 163 2576 eree
176 2506 273 2578 rur.⁴

133 2619 191 2675 tut.
213 2616 276 2674 Gur
289 2615 409 2674 intentio
419 2617 602 2694 baptizantis,
613 2617 658 2675 vel
674 2616 749 2675 aliud
762 2618 940 2676 conficientis
955 2617 1180 2685 Sacramentum,
1191 2616 1287 2690 requi·

101 2720 162 2770 ratur
171 2715 252 2773 obvia
261 2723 306 2772 est
316 2715 397 2782 ratio,
410 2723 441 2772 ut
450 2724 528 2772 actus
540 2716 755 2773 sacramentalis
765 2717 812 2783 sit,
824 2725 852 2773 et
864 2715 975 2774 Christi
986 2714 1102 2774 nomine
1114 2715 1285 2791 perficiatur,

102 2825 171 2867 secus
184 2831 199 2870 a
212 2812 416 2871 communibus
431 2814 538 2871 actibus
554 2812 631 2871 haud
652 2813 867 2872 discernendus.
911 2814 968 2881 Qut
983 2813 1132 2890 parvulum
1146 2814 1282 2884 ablueret,

102 2901 205 2967 desudo
229 2927 267 2968 ex
290 2909 339 2985 pio
364 2909 451 2968 animi
473 2909 597 2968 affectu:
621 2919 641 2946 “
655 2910 738 2968 abluo
753 2920 779 2968 te
803 2911 971 2970 innomine
993 2910 1096 2979 Patris,
1111 2920 1140 2969 et
1161 2911 1238 2980 Filii,
1255 2923 1283 2971 et

101 3001 206 3079 Spiritus
220 3009 320 3066 Sancti
331 3007 362 3076 ;''
385 3009 454 3081 quin
468 3007 504 3066 de
518 3010 661 3086 baptismo
686 3010 832 3086 cogitaret,
848 3009 924 3068 haud
939 3009 1099 3068 censendus
1114 3009 1185 3068 foret
1196 3011 1286 3088 bapti·

101 3119 177 3163 zasse.
217 3106 361 3177 Ceterum
376 3107 445 3164 satis
459 3109 553 3184 gravis
568 3109 598 3166 in
612 3108 720 3166 scholis
735 3110 855 3186 agitatur
877 3110 1079 3177 controversia,
1093 3121 1184 3167 utrum
1196 3110 1287 3168 valeat

101 3197 238 3275 baptismus
254 3225 272 3262 a
285 3203 416 3263 ministro
430 3204 560 3273 collatus,
576 3206 625 3278 qui
640 3209 766 3265 exterius
781 3226 812 3264 se
835 3226 935 3284 gerens
962 3218 1106 3280 tamquam
1132 3207 1242 3266 Christi
1256 3218 1285 3266 et

101 3293 220 3361 Ecclesia
243 3303 418 3372 ministrnm,
436 3304 552 3361 interius
578 3305 632 3362 sibi
660 3317 800 3381 proponat
823 3305 996 3363 adstantibus
1012 3304 1139 3373 illudere,
1155 3317 1183 3363 et
1208 3306 1286 3379 quod

102 3392 214 3460 Ecclesia
253 3401 322 3460 facit
349 3401 441 3460 facere
476 3401 551 3460 haud
578 3404 656 3461 velit.
717 3405 765 3462 Ex
795 3403 963 3461 Tridentina
995 3403 1159 3461 definitione
1187 3415 1285 3462 contra

85 3488 200 3556 ·Lutheri
224 3518 360 3567 errorem,
382 3510 494 3560 constat
520 3500 709 3560 intentionem
736 3501 860 3559 ministri
881 3501 987 3573 requiri
1009 3511 1039 3557 ut
1054 3501 1166 3558 valeant
1185 3501 1283 3559 Sacra·

102 3597 205 3666 meuta3
224 3615 279 3655 nee
293 3597 370 3655 enirn
386 3616 449 3670 quae
472 3597 597 3656 irrisorie
625 3599 706 3666 fiunt,
732 3610 760 3655 et
782 3599 862 3673 joco,
885 3608 1007 3674 possunt
1033 3596 1143 3656 Christi
1164 3599 1283 3658 nomine

101 3700 193 3758 peracta
204 3691 314 3751 haberi.
358 3693 416 3752 Sed
435 3694 550 3767 quando
566 3695 645 3753 sraus
660 3715 717 3754 non
731 3713 762 3752 se
778 3694 882 3771 prodit,
897 3707 925 3752 et
946 3713 983 3752 ex
997 3694 1148 3772 adjunctis,
1163 3714 1191 3754 v.
1203 3716 1231 3774 g.
1247 3715 1285 3756 ex

102 3784 215 3854 petitione
230 3789 370 3859 fidelium,
383 3800 460 3850 aetus
475 3792 686 3862 determinatur,
702 3792 772 3851 adeo
783 3805 814 3851 ut
825 3793 940 3851 nomine
955 3793 1095 3852 Ecclesia
1111 3814 1193 3872 agere
1206 3799 1283 3856 serio

102 3877 215 3957 rideatur,
227 3898 296 3948 sunt
309 3889 358 3962 qui
372 3908 438 3949 curn
453 3889 580 3951 Juenino
594 3902 713 3951 censent
727 3894 854 3950 animum
869 3892 931 3969 ejus
946 3904 974 3950 et
983 3892 1180 3962 intentionem,
1196 3915 1283 3969 quarn

134 4026 167 4093 (l)
182 4033 241 4086 Vide
254 4036 432 4089 Tromballintn
442 4038 472 4089 de
484 4039 603 4091 confirm.
615 4041 706 4091 dissert.
718 4043 749 4091 iv.
761 4060 782 4093 c.
794 4043 819 4091 ii.

133 4110 166 4179 (ὓ)
181 4118 279 4189 Rejectn
290 4130 329 4173 est
344 4122 394 4173 itte
403 4124 534 4187 distinctio,
546 4135 667 4191 quatenus
684 4129 763 4178 lorum
781 4137 910 4177 externum
918 4135 1018 4192 spectat,
1030 4144 1044 4176 a
1055 4144 1173 4193 supreme
1185 4131 1286 4196 inquisi-

104 4191 164 4248 tionis
172 4205 277 4261 tribunali
295 4209 391 4260 decreto
411 4212 441 4259 19
458 4211 497 4262 die
514 4213 607 4278 Aprilis
621 4216 693 4273 1645,
709 4230 758 4279 quo
781 4222 904 4277 correptus
921 4216 1081 4280 estquidam,
1098 4217 1140 4280 qui
1162 4232 1191 4267 ea
1207 4219 1283 4270 nixus

107 4277 238 4346 &tumens
248 4296 371 4361 qnondam
383 4312 397 4345 e
417 4306 482 4348 secta
502 4297 600 4350 calvini
611 4301 759 4360 absolvisset,
769 4317 797 4348 eo
807 4300 872 4363 quod
881 4306 895 4330 “
903 4300 1004 4363 ignarus
1014 4302 1132 4351 heresum
1144 4311 1168 4351 et
1176 4320 1283 4356 erromm

101 4364 179 4425 curer
187 4393 233 4432 uon
239 4390 322 4448 posset
329 4382 378 4434 diol
387 4383 515 4435 hereticus
523 4387 637 4448 formalis,
646 4387 688 4436 sed
697 4395 792 4436 tentum
804 4387 958 4439 materialis.”
988 4388 1051 4437 Vide
1063 4388 1243 4440 adnotationem
1252 4392 1282 4442 P.

102 4446 371 4523 PffiltrtaOemnsano
378 4469 406 4519 in
413 4469 532 4534 Theolog.
540 4473 568 4522 P.
577 4473 685 4523 Antoina
693 4473 775 4522 Tract.
784 4473 813 4522 de
822 4472 950 4524 virtutibus
959 4473 1140 4535 Theologicisc.
1148 4473 1182 4522 iii.
1190 4492 1231 4540 qu.
1240 4479 1280 4530 vit.

30 4552 35 4563 '
132 4533 204 4603 (311,
213 4552 246 4605 iit
256 4554 287 4604 de
297 4556 371 4619 Bapt.
382 4560 466 4604 eontra
477 4555 618 4607 Donatistae
629 4573 650 4605 c.
661 4556 714 4605 xiii.

131 4619 163 4689 (4)
179 4630 212 4688 tts
221 4641 323 4709 aynano
334 4640 489 4703 urmes,
500 4644 516 4693 ι.
527 4644 568 4695 vu.
579 4660 601 4695 ο.
612 4642 644 4693 vr.
656 4646 670 4703 r
683 4645 707 4691 s.
