2774 5056
322 336 381 399 DE
402 336 679 399 SAORAMENTI
699 333 1052 396 MINISTRA'I'IONE.
1230 333 1288 392 411

93 495 224 567 quamvis
246 494 407 557 adhibenda
428 497 486 557 siut
509 495 673 555 necessario
695 513 758 570 que
783 494 949 555 unctionem
963 493 999 552 ad
1019 512 1134 553 sacrum
1153 493 1288 553 effectum

93 592 294 654 determinent.
935 644 939 653 .

132 693 181 750 36.
204 701 224 729 “
237 692 374 752 Minister
386 691 474 770 huJ’us
488 691 658 750 sacrementi
672 699 717 748 est
730 688 899 757 sacerdos,''
915 696 1000 765 prout
1019 686 1176 747 declaratur
1191 689 1221 746 in
1242 686 1291 747 de·

91 798 168 847 creto
183 789 353 866 Eugeniauu
367 790 450 848 toties
465 789 560 849 citato.
590 788 624 847 Id
639 798 750 847 constat
763 805 800 846 ex
813 786 915 846 iacobi
929 786 1034 853 verbis,
1048 795 1106 844 tota
1118 785 1289 863 suffragante

92 883 252 945 traditione.
282 884 407 946 Crucem
421 878 563 960 aliquibus
577 885 669 962 figunt
682 884 842 944 iunocentii
857 884 881 943 1.
894 885 981 942 verba
994 882 1029 941 de
1044 884 1109 942 oleo
1124 883 1268 942 unctionis
1280 902 1289 940 z

93 986 182 1056 “quo
203 984 237 1041 ab
260 984 399 1061 episcopo
421 983 562 1051 confecto,
585 1001 645 1043 nou
667 982 762 1040 solum
786 982 992 1050 sacerdotibus,
1017 980 1068 1038 sed
1093 981 1226 1039 omnibus
1248 980 1291 1037 uti

93 1079 256 1138 christianis
289 1081 367 1150 licet,
397 1083 427 1140 in
461 1101 514 1140 sua
547 1092 595 1138 aut
627 1098 745 1139 suorum
779 1080 947 1138 necessitate
984 1077 1197 1156 inungendo.'’1
1244 1076 1291 1136 De

95 1179 230 1237 unctione
255 1179 437 1257 suscipienda
458 1178 539 1253 loqui
553 1177 713 1237 censendus
727 1187 772 1236 est
791 1178 947 1246 Pontifen3
973 1196 1038 1235 nam
1054 1178 1124 1234 adeo
1146 1175 1294 1235 constabat

91 1273 268 1333 sacerdotem
293 1294 359 1334 esse
382 1277 541 1336 ministrum
565 1275 744 1342 sacramenti,
759 1284 791 1333 ut
811 1276 931 1348 quaestio
952 1287 1013 1333 orta
1036 1274 1084 1342 sit,
1098 1285 1191 1332 utrum
1215 1273 1292 1350 epis·

92 1374 175 1450 copis
197 1373 225 1432 id
250 1375 349 1433 liceret
373 1375 513 1443 conferre,
539 1375 586 1433 cui
607 1374 745 1432 satisfacit
766 1385 867 1451 postea
886 1361 1036 1455 inoeadem
1051 1372 1182 1449 epistola.
1224 1372 1292 1430 Fuit

92 1469 209 1545 quidem
225 1473 295 1529 ritus
310 1471 386 1549 apud
407 1481 517 1530 veteres
540 1490 598 1544 quo
612 1470 709 1530 oleum
723 1470 904 1529 benedictum
920 1489 936 1527 a
950 1468 1084 1527 fidelibus
1107 1469 1290 1542 quibuscum-

92 1587 149 1643 que
163 1568 372 1637 adhibebatur,⁹
384 1569 419 1627 ad
434 1588 503 1627 usus
519 1568 659 1641 quosdam
673 1570 748 1627 sicut
761 1587 835 1642 aqua
850 1566 1000 1625 benedicta
1020 1566 1112 1624 adbuc
1127 1576 1287 1643 usurpatur.

92 1667 139 1725 De
153 1667 209 1726 hoc
223 1668 330 1744 placuit
344 1667 515 1741 quibusdam
529 1666 691 1726 Innocentii
706 1669 792 1726 verba
807 1668 995 1743 interpretari.
1036 1663 1183 1738 Quidquid
1194 1664 1242 1732 sit,
1255 1663 1291 1722 de

89 1764 238 1823 sacerdote
253 1766 382 1824 ministro
397 1766 468 1823 adeo
482 1775 641 1824 constater
656 1765 802 1842 Scriptura
815 1774 844 1823 et
858 1764 1017 1830 traditione,
1033 1774 1064 1820 ut
1078 1761 1219 1820 sententia
1240 1761 1290 1821 illa

93 1863 221 1940 ambigui
235 1882 339 1923 sensus
353 1883 412 1922 uon
426 1865 519 1940 possit
532 1862 657 1922 officere.
699 1863 791 1923 Porro
806 1882 895 1921 uuum
907 1861 1083 1919 sacerdotem
1098 1860 1230 1919 sufficere
1244 1859 1292 1919 de·

93 1960 211 2018 claravit
224 1959 387 2019 Alexander
400 1960 471 2020 111.8

132 2062 181 2118 37.
205 2067 224 2095 “
235 2057 302 2117 Ηοο
315 2067 523 2117 sacramentum
538 2059 595 2117 nisi
616 2058 741 2125 infirmo,
757 2057 793 2115 dc
814 2057 896 2134 cujus
911 2065 1002 2114 morte
1018 2056 1142 2125 timetur,
1156 2054 1217 2114 dari
1230 2074 1291 2115 uon

92 2153 210 2222 debet,''
222 2156 307 2233 juxta
322 2153 467 2213 decretum
482 2174 534 2232 pro
548 2155 693 2223 Armenis,
709 2152 786 2227 quod
801 2154 899 2211 nititur
913 2152 1005 2211 verbis
1021 2153 1163 2231 Apostoli,
1178 2171 1242 2227 quae
1256 2151 1293 2211 de

91 2253 208 2310 infirmo
232 2252 262 2310 iu
287 2252 451 2311 discrimine
474 2250 657 2330 intelligenda
680 2270 744 2310 esse
771 2251 960 2310 ostendimus.
1003 2248 1147 2308 Caetemm
1168 2269 1227 2309 nou
1248 2260 1293 2308 est

92 2351 287 2428 expectandus
313 2351 376 2428 ipss
404 2352 503 2410 mortis
528 2351 681 2419 articulus3
713 2349 765 2408 sed
793 2359 907 2427 prestat
930 2348 1001 2407 illud
1028 2348 1197 2417 ministrare,
1222 2348 1292 2409 dum

92 2461 216 2525 aegrotus
231 2449 305 2507 valet
318 2450 415 2507 auimo
429 2468 460 2507 se
476 2466 573 2526 parare
586 2448 627 2506 uti
640 2448 781 2507 beneficio
795 2448 858 2524 ejus
873 2447 1002 2524 gaudeat.
1024 2446 1058 2505 ln
1073 2444 1175 2506 eodem
1190 2447 1292 2506 morbo

91 2546 245 2623 ministrari
260 2546 360 2604 itemm
376 2556 479 2625 potest,
494 2547 520 2604 si
535 2557 657 2624 aegrotus
674 2545 797 2604 evaserit
811 2544 910 2603 mortis
925 2543 1095 2621 periculum,
1111 2553 1139 2602 et
1154 2542 1292 2623 deinceps

91 2642 124 2701 in
147 2642 217 2702 illud
242 2643 398 2702 relabatur:
421 2663 478 2717 qua
499 2644 529 2702 in
553 2662 584 2703 re
602 2642 778 2702 sacerdotem
798 2661 857 2702 uon
878 2642 980 2701 debere
1001 2642 1088 2701 nimis
1109 2642 1176 2720 angi
1196 2651 1295 2701 monet

93 2741 268 2800 Benedictus
296 2741 391 2810 xlv,
418 2761 506 2815 quum
538 2753 621 2802 vetus
648 2741 789 2802 Ecclesia
817 2739 994 2800 cousuetudo
1021 2728 1163 2801 iterationi
1191 2741 1293 2810 faveat,

91 2839 200 2896 saraim
214 2837 367 2914 periculo.⁴

135 2941 184 2994 38.
208 2936 337 2995 Effectus
353 2937 529 2996 Sacrameuti
550 2946 617 2997 suut
630 2937 727 3016 gratie
749 2945 944 3015 augmentum,
958 2937 1096 2995 abstersio
1109 2936 1295 3011 reliquiamm

95 3034 215 3112 peccati,
231 3035 333 3092 animae
348 3035 500 3103 alleviatio,
515 3035 695 3104 delictorum,
710 3036 736 3093 si
750 3054 813 3109 quae
828 3035 921 3094 adbuc
932 3035 991 3092 siut
1006 3033 1158 3112 expianda,
1180 3036 1294 3104 ablatio,

92 3131 291 3204 sanitatisque,
307 3132 332 3188 si
347 3131 506 3209 expedierit
520 3132 554 3189 ad
569 3131 701 3201 salutem,
717 3132 867 3191 restitutio.
891 3131 964 3191 Haec
978 3141 1074 3190 tamen
1088 3133 1120 3189 fit
1131 3130 1295 3210 adjuvando

92 3229 230 3297 remedia,
241 3231 326 3309 juxta
338 3230 469 3289 ordinem
484 3232 672 3289 constitutum
686 3250 706 3298 a,
716 3230 792 3299 Deo,
807 3231 929 3303 ideoque
944 3230 1052 3302 absque
1066 3231 1213 3289 miraculo.

136 3327 265 3385 Breviter
279 3328 314 3386 de
329 3329 384 3386 hoc
398 3329 498 3387 ultimo
513 3326 641 3386 subsidio
656 3328 778 3405 egimus.
819 3327 884 3386 iam
899 3345 968 3385 vcro
983 3339 1011 3385 et
1025 3327 1172 3386 Tractatui
1193 3338 1222 3387 et
1246 3346 1296 3387 vo·

93 3426 197 3485 lumini
211 3427 277 3485 finis
293 3429 347 3485 sit:
370 3438 402 3484 ut
418 3427 452 3486 de
477 3426 595 3486 Ordinis
615 3437 802 3494 sacramento,
817 3428 895 3501 quod
919 3427 989 3484 tanti
1014 3428 1153 3486 momenti
1173 3438 1216 3487 est
1238 3430 1290 3488 toti

59 3536 64 3545 '
93 3525 259 3602 reipublice
274 3525 445 3593 christiauae,
461 3536 562 3599 quarto
576 3525 654 3600 quod
668 3524 850 3604 aggredimur
864 3524 1011 3584 volumine
1026 3545 1155 3602 agamus.

130 3723 171 3787 (l)
192 3720 232 3785 Ep
244 3720 274 3770 sd
285 3720 433 3771 Decentium
451 3720 620 3784 Eugubinum.
655 3721 809 3773 Gerundium
826 3720 903 3771 illud:
919 3719 1087 3788 inungendo,·
1105 3736 1177 3786 posse
1193 3722 1298 3789 intelligi

92 3809 126 3860 de
138 3808 253 3859 unctione
264 3808 419 3873 suscipiende
429 3816 531 3858 censent
541 3809 647 3874 plurimi.
681 3810 832 3875 Exemplum
843 3808 909 3859 baud
921 3809 1030 3859 absimile
1041 3825 1073 3859 ex
1084 3809 1188 3873 Virgilio
1199 3811 1299 3865 adducit

94 3896 217 3947 Pcrroue:
236 3900 251 3925 “
261 3895 343 3943 Alitur
354 3894 448 3954 vitium,
460 3894 568 3959 vivitque
579 3896 693 3957 tegendo.
711 3895 815 3958 Georgic
826 3894 861 3945 iii.
872 3910 894 3942 v.
907 3895 966 3944 454.

132 3983 175 4049 (2)
196 3980 260 4031 Vide
271 3981 336 4046 apud
348 3981 476 4031 Bullinum
488 3982 503 4031 l.
516 3981 540 4032 ii.
552 3981 609 4033 hist.
620 3982 689 4034 Eccl.
700 3999 721 4033 c.
732 3983 765 4033 iv.
781 3980 918 4033 Palladium
929 3980 987 4031 hist.
998 3979 1126 4031 Leusiseae
1137 3997 1159 4033 c.
1170 3997 1213 4032 xx.

91 4070 175 4139 2313)
196 4067 258 4132 Gap.
271 4068 400 4129 Quaesivit,
412 4067 496 4117 Extra
507 4068 537 4118 de
548 4068 621 4119 Vsrb.
632 4069 715 4132 signif.

133 4159 176 4224 (4)
196 4156 235 4207 De
247 4157 342 4222 synodo
353 4156 451 4207 Dioeces
462 4156 478 4206 l.
490 4156 541 4207 viii.

505 4582 585 4627 mis
598 4582 703 4627 neuun
716 4580 888 4626 vouuuttrtts.
