2774 5056
485 292 542 353 DE
565 291 869 355 OONFESSIONE.
1214 305 1270 362 ³41

69 445 185 525 mugire
198 446 261 506 dies
274 459 431 525 noctesque
446 449 480 508 ad
496 450 652 511 Dominam
675 451 769 512 Deum
791 463 882 522 tuum,
903 471 1106 516 rassavnsnrs
1129 474 1266 529 savoavr,

68 545 169 604 etatis
192 544 247 604 Dei
268 546 469 625 adgeniculari,
491 549 624 609 omnibus
645 549 776 610 fratribus
797 551 954 629 legationes
975 551 1184 631 deprecationis
1205 576 1266 617 sum

69 642 232 721 injungere.
275 643 349 703 Haec
362 646 459 704 omnia
472 634 695 724 exomologesis,
710 661 741 707 ut
754 644 949 725 paenitentiam
974 651 1168 723 commendet,
1181 664 1213 712 ut
1232 653 1268 714 de

69 738 193 816 periculi
207 741 307 800 timore
321 741 479 801 Dominum
493 742 623 827 bonoret,
638 744 712 803 utin
731 755 910 821 peccatorem
931 745 994 823 ipsa
1008 749 1201 824 pronuncians
1215 769 1269 827 pro
1313 746 1321 767 ⁸

70 833 130 895 Dei
142 835 337 914 indignatione
351 839 492 916 fungatur,
507 848 536 897 et
549 838 698 917 temporali
718 838 900 900 afflictatione
920 856 1024 900 eterna
1044 842 1189 921 supplicia
1209 864 1269 905 non

69 931 165 994 dicam
178 934 336 1003 frustretur,
358 934 410 993 sed
432 945 587 1014 expungat.
629 938 706 996 Cum
727 937 813 1016 igitur
832 937 976 1016 provolvit
995 939 1153 1009 hominem,
1174 943 1268 1019 magis

69 1032 197 1100 relevat3
219 1052 285 1092 cam
298 1033 461 1107 squalidum
474 1035 550 1102 facit,
565 1035 657 1112 magis
671 1035 838 1095 mundatum
854 1035 966 1095 reddit:
988 1056 1054 1097 curn
1075 1048 1199 1108 accusat,
1218 1058 1270 1100 ex·

69 1140 171 1200 ousat3
193 1135 259 1190 cum
273 1131 443 1191 condemnat
455 1134 585 1192 absolvit.
626 1133 662 1193 ln
675 1148 812 1208 quantum
826 1153 884 1195 non
903 1136 1066 1213 peperceris
1089 1137 1152 1206 tibi,
1165 1138 1194 1197 in
1209 1147 1269 1199 tan·

69 1235 132 1286 mm
147 1226 197 1287 tibi
213 1226 303 1296 Deus,
313 1227 409 1296 credo,
422 1239 527 1306 parcet.
569 1229 728 1303 Plerosque
738 1239 831 1289 tamen
845 1229 904 1289 hoo
914 1248 989 1308 opus
1002 1246 1033 1292 ut
1048 1233 1269 1310 publicationem

68 1325 117 1384 sui
131 1334 179 1384 aut
192 1325 347 1404 suffugere,
372 1338 420 1385 aut
440 1326 475 1387 de
496 1326 543 1385 die
563 1328 593 1387 in
617 1326 693 1387 diem
717 1326 842 1398 differre,
864 1347 1017 1406 praesumo,
1040 1330 1157 1408 pudoris
1177 1334 1269 1411 magis

67 1438 214 1482 memores
229 1442 314 1496 quarn
329 1423 448 1483 salutis:
472 1424 549 1483 velut
561 1424 602 1483 illi
617 1424 711 1498 quiin
725 1425 852 1502 partibus
868 1426 1122 1488 verecundioribus.
1139 1429 1270 1506 eorporis

68 1530 212 1580 eonnacta
226 1522 386 1590 vexatione,
401 1524 603 1581 conscientiam
620 1521 796 1582 medentium
809 1523 908 1593 vitant,
923 1533 952 1583 et
965 1524 1004 1583 ita
1018 1543 1084 1585 cum
1098 1527 1269 1587 erubesces·

67 1618 109 1678 tia
121 1635 174 1678 sua
187 1630 315 1696 pereunt.
344 1620 555 1680 Intolerandum
570 1621 681 1681 scilieet
694 1621 807 1699 pudori,
823 1622 950 1682 Domino
965 1622 1078 1682 offenso
1094 1624 1269 1694 satisfacere,

67 1716 155 1776 saluti
175 1718 316 1795 prodacta
343 1719 499 1778 reformari.
542 1719 599 1777 Nae
618 1731 648 1778 tu
669 1718 840 1779 verecundia
859 1721 967 1790 bonus,
985 1720 1022 1780 ad
1042 1719 1268 1796 delinquendum

66 1813 235 1892 expandens
250 1815 381 1883 frontem,
396 1814 431 1873 ad
445 1813 655 1893 deprecandum
669 1833 737 1873 vero
758 1813 931 1875 subducem.
954 1857 965 1875 .
985 1856 995 1877 .
1017 1815 1170 1877 ,Grande-
1181 1818 1267 1896 plane

65 1910 293 1979 emolumentum
318 1912 495 1971 verecundia
518 1912 669 1971 occultatio
692 1911 787 1970 delicti
808 1911 978 1989 pollicetur:
1001 1912 1136 1973 videlieet
1154 1916 1181 1973 si
1196 1913 1267 1989 qrrid

65 2008 200 2075 humanas
228 2009 335 2068 notitiae
359 2009 592 2078 subduxerimus,
614 2008 736 2088 proinde
755 2017 784 2067 et
807 2007 904 2068 Deam
925 2008 1106 2069 celabimus!
1146 2009 1270 2070 Adeone-

64 2106 241 2167 existimatlo
266 2106 416 2166 hominum
437 2118 466 2165 et
488 2106 546 2165 Dei
569 2105 744 2166 conscientia
761 2106 980 2184 comparanturi
1021 2100 1069 2165 Au
1098 2106 1201 2167 melius
1223 2118 1271 2167 est

65 2203 233 2265 damnatum
247 2203 345 2273 latere,
362 2223 447 2279 quam
462 2203 700 2283 palamlabsolvii
721 2245 730 2262 .
753 2245 761 2262 .
782 2241 792 2261 .
813 2203 847 2262 Si
860 2202 896 2261 de
909 2202 1107 2281 exomologesi
1121 2214 1269 2275 reuactas,

64 2303 228 2383 gebennam
243 2305 272 2362 in
287 2302 544 2372 cordeconsidera,
559 2322 645 2376 quarn
660 2302 710 2361 tibi
723 2301 935 2379 exornologesis
949 2301 1111 2380 extinguite
1126 2315 1155 2361 et
1171 2322 1267 2381 praum-

64 2402 147 2481 prius
161 2402 386 2481 magnitudinem
400 2403 565 2480 imaginare,
579 2401 659 2460 atde
673 2399 792 2460 remedii
806 2399 958 2477 adoptione
972 2418 1030 2459 oon
1051 2399 1163 2459 dubites
1177 2441 1186 2459 .
1202 2442 1214 2461 .
1229 2443 1237 2459 .
1254 2442 1263 2460 .

64 2499 157 2578 lgitur
169 2517 236 2558 cum
249 2500 325 2559 scias
339 2499 474 2558 adversus
489 2498 660 2579 gehennam,
672 2506 739 2575 post
747 2497 839 2575 prima
849 2496 899 2556 illa
911 2496 1086 2556 intinctionis
1101 2496 1263 2556 Dominioae

64 2598 251 2669 monimenta,
266 2618 332 2658 essa
345 2598 438 2657 adhuc
451 2599 481 2656 in
494 2597 692 2675 exomologesi
702 2594 829 2656 secunda
843 2592 981 2668 subsidia,
989 2591 1039 2654 our
1049 2595 1170 2658 salutem
1185 2606 1265 2656 tuam

63 2695 194 2755 dmerisl
229 2715 279 2754 eur
306 2714 401 2755 cessas
423 2693 538 2772 aggredi
564 2693 645 2768 quod.
668 2693 742 2752 scias
771 2691 879 2753 mederi
903 2691 980 2752 tibil
1001 2732 1009 2750 .
1033 2731 1043 2750 .
1064 2732 1075 2752 ι
1096 2732 1104 2751 .
1125 2691 1264 2751 Feocator

64 2792 242 2854 restituendo
256 2792 311 2852 sibi
325 2793 482 2852 institutam
492 2812 509 2850 a
520 2791 649 2852 Domino
663 2790 880 2869 exomologesin
890 2789 996 2858 sciens,
1007 2788 1162 2867 preteribit
1173 2789 1263 2858 illam,

10 2921 12 2924 v
64 2910 130 2967 quae
145 2889 340 2968 Babylonium
355 2908 453 2967 regem
467 2890 498 2947 in
511 2907 599 2966 regna
612 2886 793 2947 restitnitl’'²

102 2993 153 3050 83.
175 2989 384 3047 Tertullianum
398 2987 609 3065 exomologesis
631 2986 748 3046 nomine
772 2993 859 3044 totam
881 2983 1053 3062 poeuiteutiae
1074 2982 1262 3061 disciplinam

62 3086 216 3165 complecti
230 3086 329 3160 liquet,
344 3103 361 3142 a
383 3084 528 3162 precipua
553 3094 630 3161 parte
645 3093 703 3142 tota
723 3082 874 3160 appellata.
916 3080 1084 3149 Confessio,
1099 3091 1129 3138 et
1142 3079 1263 3153 quidem

62 3184 176 3247 bomini
188 3184 271 3252 lacta,
285 3183 451 3243 clarissimis
474 3181 568 3240 verbis
592 3182 746 3239 statuitur:
766 3178 903 3238 “revelat
923 3177 1067 3238 consessio
1086 3175 1258 3249 delictum,”

63 3279 280 3341 “consessione
294 3278 462 3357 poenitantia
474 3277 598 3336 nascitur
607 3276 637 3344 ;'’
652 3275 718 3334 inde
732 3275 765 3333 fit
779 3285 959 3351 peecatorem
978 3282 998 3313 ‘·‘
1011 3272 1186 3351 presbyteris
1201 3273 1259 3333 Dei

63 3376 178 3438 advolvi
190 3376 219 3437 :”
242 3387 262 3415 ‘⁴
274 3396 340 3437 curn
354 3386 477 3444 accusat,
492 3383 627 3443 excusat3
648 3391 716 3432 cum
736 3369 917 3437 condemnat,
939 3367 1093 3429 absolvit.''
1136 3368 1259 3429 Occulta

62 3475 168 3536 delicta
181 3476 305 3552 respicit,
321 3474 443 3560 ideoque
462 3473 554 3532 mutas
576 3470 669 3549 pudor
694 3462 871 3547 reprobatur.
910 3464 997 3535 Quod
1016 3475 1113 3525 antem
1133 3465 1260 3544 publica·

62 3574 172 3634 tionem
186 3573 232 3632 sui
252 3573 379 3649 refugere
400 3571 539 3638 dicantur,
560 3569 610 3644 qui
631 3566 760 3628 confiteri
786 3563 930 3632 differunt,
952 3562 989 3622 de
1008 3563 1184 3622 revelatione
1202 3564 1260 3624 soli

61 3670 205 3733 sacerdoti
218 3670 292 3730 iacta
305 3679 380 3728 recte
395 3667 574 3745 intelligitur..
612 3662 758 3738 Equidem
784 3659 955 3721 Tertulliani
981 3659 1066 3718 verbs
1085 3658 1259 3734 dequadam

63 3768 258 3836 confessione,
268 3785 318 3827 seu
330 3766 513 3846 publicasse
523 3758 811 3842 privata,neoessario
822 3754 991 3837 explicanda
1000 3765 1088 3819 snut:
1101 3757 1261 3836 atpublieaa

63 3867 242 3929 confessioni
256 3885 314 3925 non
328 3864 502 3925 conveniunt
515 3879 581 3936 qum
595 3859 673 3928 dicit,
698 3875 802 3936 nempe
822 3873 886 3916 sam
899 3871 964 3914 esse
978 3872 995 3912 a
1008 3852 1136 3914 Domino
1149 3856 1262 3914 institn-

61 3976 132 4034 tam,
147 3976 176 4023 et
189 3973 272 4023 tantae
287 3961 464 4022 necessitatis
478 3970 510 4019 ut
526 3976 585 4018 aon
598 3956 653 4015 alia
666 3955 775 4015 rabone
789 3952 920 4032 gehennas
933 3950 1125 4028 extinguatur.

101 4064 152 4122 84.
174 4060 343 4130 Oaroarras,
357 4055 537 4137 respondens
548 4053 703 4132 objectioni
722 4069 811 4113 uuam
823 4066 888 4108 esse
902 4043 978 4126 apud
992 4045 1175 4108 Christianos
1190 4063 1261 4123 pet·

59 4170 193 4220 satorum
213 4158 335 4224 veniam,
350 4155 418 4230 qnia
439 4153 614 4230 baptismum
632 4152 732 4209 iterato
752 4146 899 4224 suscipere
919 4160 980 4203 uon
999 4141 1079 4211 lieet,
1090 4140 1169 4211 dicit,
1185 4160 1261 4205 mar.

59 4260 150 4340 tyrio,
164 4257 361 4333 ebemoayna,
376 4252 540 4331 injuriarum
562 4247 779 4312 condonatione,
801 4251 983 4322 peccatorum
1003 4239 1201 4309 conversione,
1227 4249 1257 4298 et

58 4356 207 4422 eharitatis
221 4352 392 4413 abundantia
405 4350 519 4409 veniam
534 4345 690 4425 impetrari,
711 4341 849 4418 deinceps
870 4337 973 4416 pergit.
1014 4334 1103 4396 “Est
1121 4334 1215 4395 adbuc
1228 4345 1261 4398 et

57 4458 197 4539 septima,
216 4452 285 4516 lieet
305 4451 374 4513 dura
400 4457 429 4508 et
453 4446 602 4513 laboriosa,
623 4461 675 4522 per
694 4437 889 4519 penitentiam
910 4432 1044 4497 remissio
1063 4443 1259 4515 peecatorum,

509 4604 549 4673 (l)
568 4596 817 4667 indomitam,

653 4689 709 4750 29*
