2774 5056
422 310 479 372 DE
500 309 582 372 USU
603 310 915 375 EUCHARISTIAE.
1207 320 1263 379 ltu

86 468 228 527 mutinam
249 467 359 529 derivat
373 470 441 528 vim
481 469 599 529 Frustra
622 481 751 540 conetur,
775 473 895 550 figurate
917 462 1152 552 interpretatione
1173 475 1264 537 semel

80 558 153 633 deta,
165 583 223 624 rem
236 564 330 643 ipsam
344 564 445 625 adesse
458 566 589 644 probare,
603 585 670 626 nem
684 567 758 627 tollit
770 556 926 646 presentie
942 570 1027 648 hujus
1039 569 1265 641 fundumentum,

77 663 293 742 etZuinglianis
304 665 474 724 mentiatur
484 683 605 725 necesse
618 676 673 734 eet,
687 667 737 740 qui
751 685 830 726 mera
842 667 1019 745 symbolica
1032 687 1097 727 ease
1111 669 1265 730 clamitant.

72 753 151 819 Eae
161 760 323 838 igiturque
337 772 403 839 post
416 762 531 840 objecta
545 763 632 821 verba
646 761 753 840 adjicit,
767 764 859 841 ipsius
873 764 1036 823 auctoritate
1050 775 1159 825 tentum
1174 767 1266 827 nitun-

70 862 134 924 tur,
146 857 217 916 baud
238 858 321 917 facile
334 858 419 936 plena
433 858 490 917 fide
504 859 682 936 excipienda
701 870 767 938 poet
780 861 892 920 obviam
912 861 1061 919 verborum
1083 861 1168 921 Pauli
1181 863 1266 922 inter·

63 956 261 1030 pretationem
275 956 427 1034 rejectam:
451 966 471 995 ‘⁸
483 957 550 1017 Jam
563 957 664 1028 vero,”
685 960 778 1032 inquit
796 958 845 1017 ille
870 959 1157 1019 Sacramentariorum
1171 960 1267 1038 objec-

63 1053 145 1111 tioni
157 1063 189 1112 ut
201 1063 247 1112 eat
259 1053 384 1121 obviam,
399 1062 419 1090 ‘⁶
433 1053 510 1126 quod
523 1066 640 1114 vocatur
653 1055 728 1114 ealix
742 1054 981 1124 communicatio,
994 1055 1142 1132 figuratam
1160 1055 1265 1130 loquu-

60 1150 180 1209 tionem
195 1168 260 1209 esee
282 1149 386 1210 fateor:
408 1151 496 1211 modo
510 1172 567 1211 non
593 1153 706 1213 tollatur
725 1155 822 1231 figure
836 1155 950 1222 veritae,
964 1153 1020 1214 boc
1039 1165 1094 1224 eet,
1110 1155 1197 1215 modo
1218 1175 1264 1215 res

62 1264 192 1321 quoque
205 1249 270 1326 ipsa
290 1249 370 1317 assit,
384 1268 438 1308 nee
453 1251 552 1309 minue
572 1252 720 1328 sanguinis
740 1252 971 1311 communionem
996 1253 1092 1312 animo
1117 1254 1265 1332 percipiat,

59 1362 160 1418 quam
174 1365 224 1406 ore
239 1347 340 1406 vinum
353 1347 529 1407 bibimus.”¹

114 1445 161 1502 et.
187 1441 255 1523 ooj.
264 1449 294 1502 2.
316 1443 447 1504 Calicem
461 1445 581 1504 Domini
595 1466 660 1505 cum
683 1446 771 1504 calice
795 1445 1002 1506 demoniorum
1017 1447 1124 1506 Paulus
1138 1449 1264 1509 confert:

57 1546 162 1599 “nou
175 1541 297 1617 potestis
310 1542 428 1600 calicem
443 1542 563 1602 Domini
577 1544 683 1612 bibere,
699 1554 728 1602 et
741 1544 862 1602 calicem
874 1542 1078 1603 demoniorum
1088 1544 1131 1601 :⁹⁹⁸
1143 1555 1267 1607 attamen
1287 1482 1332 1703 J

55 1650 159 1701 nenio
171 1636 279 1697 dixerit
292 1636 455 1698 demonum
469 1641 638 1718 sanguinem
652 1640 751 1708 calice,
767 1641 816 1714 qui
830 1658 929 1699 eorum
941 1639 1053 1710 dicitur,
1067 1643 1215 1702 contineri.

114 1731 201 1813 Berp.
223 1735 360 1813 Explicat
381 1736 488 1796 Paulus
509 1756 561 1796 eur
580 1738 656 1796 calix
684 1737 802 1797 Domini
824 1735 942 1807 dicatur,
964 1739 1032 1812 quia
1057 1740 1169 1798 scilicet
1182 1739 1218 1799 de
1231 1757 1267 1799 eo

55 1829 146 1890 dixit
159 1832 294 1893 Christus
308 1854 315 1893 ι
339 1843 359 1872 “
372 1832 430 1893 Hic
441 1835 516 1894 calix
527 1854 633 1895 novum
647 1845 847 1894 testamcutum
861 1836 948 1894 estin
963 1855 1027 1895 meo
1038 1838 1176 1916 sanguine
1192 1837 1225 1910 ;’'
1239 1847 1269 1897 et

62 1930 140 2003 quia
152 1948 252 1990 revera
262 1941 283 1970 ‘⁸
295 1932 515 1993 communicatio
535 1933 682 2010 sanguinis
711 1932 820 1991 Christi
843 1932 918 1991 est.”
959 1934 1089 1993 Necesse
1109 1954 1167 1994 non
1179 1943 1269 1994 estut

60 2031 173 2093 eadem
196 2033 236 2091 sit
261 2033 333 2092 ratio
353 2033 471 2091 calicem
493 2041 645 2106 utrumque
667 2030 846 2110 designandi,
867 2031 917 2091 sed
939 2051 1028 2107 quum
1043 2034 1118 2092 calix
1139 2036 1209 2093 alter
1222 2035 1268 2094 vel

68 2131 243 2208 sauguinem
272 2130 451 2192 victimarum
478 2128 628 2190 demoniis
653 2130 808 2189 oblatarum
842 2129 1008 2200 contineret,
1035 2132 1081 2191 vel
1105 2133 1203 2192 vinum
1230 2133 1268 2192 iis

66 2223 228 2298 libandum,
253 2228 363 2287 monuit
387 2227 487 2286 fideles
513 2227 669 2304 Apostolus
690 2227 726 2286 iis
751 2246 810 2286 non
831 2227 918 2285 licere
941 2227 977 2286 de
1001 2228 1089 2287 calice
1111 2229 1268 2289 Dominico

73 2321 177 2394 bibam,
191 2327 217 2384 si
231 2325 290 2385 ulla
300 2327 407 2384 ratione
420 2342 485 2382 sese
499 2323 667 2383 idololatrici
681 2324 774 2382 cultus
789 2323 943 2400 participes
957 2324 1094 2384 facerent.

115 2424 160 2482 31.
186 2419 254 2502 obj.
268 2426 298 2481 3.
326 2421 407 2480 illius
428 2439 465 2480 ex
486 2419 599 2480 decimo
618 2420 710 2498 capite
735 2419 848 2478 adducti
870 2421 1067 2480 testimonii“
1079 2439 1181 2480 sensus
1203 2435 1265 2482 est:

10 2570 12 2577 .
83 2517 178 2580 Nonne
191 2521 369 2580 bibitione
344 2539 407 2598 ejus
427 2520 487 2578 vini
508 2519 675 2586 consecrati,
697 2517 774 2591 quod
797 2517 1099 2596 haurimusepoculo,
1114 2454 1316 2637 participes}

84 2617 215 2679 reddimur
228 2618 376 2697 sanguinis
398 2615 561 2676 curiatii
552 2635 572 2675 1.
588 2634 615 2675 e.
630 2616 798 2693 profitemur
812 2615 848 2674 ad
862 2615 944 2684 alios,
965 2635 1019 2675 noe
1042 2617 1180 2697 religione
1202 2602 1316 2679 esses*

90 2710 265 2785 Christianos,
286 2716 352 2775 vel.
384 2715 572 2782 declaramus,
594 2732 647 2773 nos
668 2731 734 2773 esee
753 2713 876 2772 cultores
901 2711 1022 2783 Christi,
1036 2715 1087 2790 qui
1112 2718 1267 2794 pronubis
1299 2684 1310 2793 3

92 2824 201 2873 mitum
215 2824 270 2873 eet.
273 2812 305 2851 ”⁸
344 2812 387 2872 lta
400 2811 614 2872 Rosenmuller.
1294 2798 1305 2875 3

120 2909 201 2991 Rtrp.
230 2911 329 2971 Nemo
342 2929 400 2969 non
421 2909 499 2969 ridet
511 2908 729 2968 Rationalistem
744 2907 848 2967 frustra
858 2907 992 2986 fatigari
984 2926 1014 2967 ιιι
1036 2910 1200 2971 testimonio
1214 2911 1269 2971 cla-

95 3007 188 3071 rissimo
209 3011 400 3080 obscurando,
412 3010 495 3088 cujus
517 3010 560 3067 vis
581 3028 616 3068 ea
629 3009 713 3087 plane
727 3017 782 3076 est,
796 3020 828 3066 ut
841 3009 933 3086 ipsius
948 3009 1045 3086 poculi
1059 3010 1267 3091 degustatione,
1330 3054 1333 3063 ,

96 3112 220 3188 unguinis
249 3108 371 3178 Christi,
401 3110 451 3183 qui
476 3127 511 3168 eo
535 3109 705 3177 continetur,
727 3109 880 3187 participes
901 3109 1013 3177 simus;
1036 3110 1113 3184 quod
1127 3111 1186 3170 iere
1200 3112 1269 3171 dicit

95 3205 141 3285 ipse
151 3212 256 3271 invitus
269 3230 277 3268 ι
300 3214 447 3271 “Keroab
469 3226 521 3285 per
534 3209 740 3287 metonymiam
762 3208 818 3266 hoc
832 3207 896 3267 loco
907 3217 951 3266 est
964 3207 994 3264 id
1008 3225 1059 3284 per
1072 3207 1149 3280 quod
1160 3209 1193 3267 fit
1205 3211 1269 3288 ipea

30 3324 33 3335 ·
96 3311 250 3380 numunio,
273 3320 304 3368 ut
326 3289 505 3366 sit'sensus:
540 3324 641 3366 omnes
669 3305 798 3365 bibentes
823 3305 937 3365 ccciccc
961 3322 1044 3363 sacro
1066 3304 1173 3382 poculo
1198 3316 1270 3368 sunt

94 3413 178 3466 nm
188 3408 293 3480 ἃιμαιος
302 3411 347 3466 τοῦ
354 3403 478 3476 Χριςοί»”
517 3403 711 3463 inverecunde
723 3401 849 3480 profecti
863 3412 990 3461 veterum
1004 3401 1195 3462 auctoritatem
1215 3423 1269 3482 pro

96 3500 181 3560 notitia
204 3520 257 3561 sua
281 3502 512 3579 interpretatione
534 3503 630 3580 jactat,
647 3502 723 3576 quod
737 3502 814 3560 enim
839 3499 934 3559 laudat
947 3497 1123 3559 Theodoreti
1143 3502 1269 3563 testimo·

95 3594 164 3668 niun,
177 3598 354 3659 reddendum
369 3610 431 3659 eet:
453 3601 579 3658 “Sacris
603 3600 727 3658 fruentes
755 3597 912 3675 mysteriis,
933 3614 1029 3655 nonne
1058 3597 1114 3673 ipsi
1137 3597 1269 3663 Domino

95 3699 331 3767 emmunitatem,
346 3698 428 3776 cujus
442 3709 471 3758 et
485 3717 588 3777 eorpus
602 3716 667 3756 esse
682 3709 710 3756 et
723 3695 893 3774 sanguinem
915 3693 1060 3754 dicimus
1050 3695 1084 3738 1
1085 3704 1209 3754 -Των
1201 3706 1269 3773 ιερῶν

95 3784 387 3867 1ιῑιιιιιιιινιεςμιιστηςιόιν,
402 3801 525 3864 musteo
542 3795 695 3863 edvevoipeo
707 3794 743 3861 τᾷ
753 3792 879 3863 Asuuius,
890 3792 918 3848 oi
935 3792 1064 3849 καότὸσῶ
1045 3790 1224 3863 operuerant
1239 3793 1270 3847 td

96 3876 144 3949 ἅμα
209 3909 239 3949 ν,

127 3886 566 4054 11ῳμ11133.1.11ιιωιιι3ιιιιιιιιιι
590 3972 697 4031 verba
690 3990 720 4030 ιιι
745 3970 908 4030 testimonio
923 3970 972 4029 illo
987 3969 1072 4029 Pauli
1085 3969 1163 4030 hunc
1177 3969 1270 4029 serunt
1312 3970 1319 4065 1

99 4079 231 4131 muniz·
235 4070 363 4131 ‘Nonnc
378 4072 440 4151 (esu
455 4072 537 4149 panis
551 4071 639 4148 sacri)
654 4067 837 4128 declaramus
850 4084 905 4126 noe
925 4084 986 4125 esec
996 4067 1130 4127 membra
1141 4065 1268 4146 corporis
1315 4120 1320 4127 .

63 4144 224 4265 013131,
214 4186 236 4227 ι.
250 4187 278 4227 e
287 4169 430 4227 societatis
445 4165 659 4228 Christianoel”
700 4164 743 4224 Ita
757 4163 969 4223 Rosenmiiller.

131 4302 167 4385 (11
180 4320 411 4379 Douminloenm.
432 4327 495 4378 the
505 4327 578 4377 etiem
588 4341 651 4392 opus
662 4340 751 4387 sapius
761 4322 902 4375 laudatum
919 4321 983 4374 Le
993 4319 1128 4390 perperene
1139 4320 1170 4372 de
1179 4319 1202 4370 la
1213 4316 1267 4378 Foi,
1318 4312 1331 4331 ”
1349 4324 1385 4405 ²2·

107 4392 327 4461 thttenviii.

137 4484 170 4554 (ι)
184 4491 265 4547 tuor.
275 4512 301 4547 x.
312 4500 353 4548 eo.

139 4570 172 4638 m
186 4577 213 4632 ι.
226 4582 310 4635 ιω...
403 4645 410 4653 ψ
