2774 5056
384 281 441 345 DE
463 281 994 346 msunstmutsutorttt.
1234 288 1292 347 tus

84 439 159 516 poris
186 441 261 520 ejus
283 442 492 520 sanguinisque
515 443 670 505 conu‘neat.
711 443 790 503 Hinc
809 453 839 502 et
860 442 924 522 ipse
945 443 1089 503 Dominus
1111 442 1292 519 benedictum

85 555 189 615 panem
216 548 249 598 et
274 540 394 599 calicem
419 559 505 614 quem
528 540 678 620 discipulis
700 539 824 609 tradidit,
848 559 953 618 corpus
967 551 996 598 et
1015 543 1184 621 sauguinem
1207 560 1293 603 snum

87 635 210 694 vocavit.
255 637 401 704 Quocirca
414 637 489 697 sicut
502 636 614 697 Christi
628 636 728 697 fideles
742 648 950 697 sacramentum
960 639 1088 718 corporis
1103 651 1133 697 et
1145 638 1293 718 sauguinis

89 732 149 811 ejus
162 733 357 812 accipientes,
372 753 477 813 corpus
491 745 520 794 et
533 735 702 814 sanguinem
724 734 835 794 Christi
848 745 925 794 recte
946 734 1079 794 dicuntur
1093 736 1234 813 accipere,
1248 737 1293 795 sic

91 840 119 888 et
130 830 195 908 ipse
211 831 351 889 Christus
365 832 582 892 Sacramentum
597 832 758 910 adoptionis
780 832 903 893 tiliorum
918 852 985 893 cum
998 833 1185 911 suscepisset,
1200 833 1293 911 potuit

93 936 167 985 reete
180 924 241 984 dici
255 925 439 1004 adoptionem
453 927 578 986 liliorum
593 926 805 1005 suscepisse.”²
1296 1000 1298 1005 Ι

128 1021 219 1103 Resp.
234 1024 308 1092 Quas
318 1025 435 1102 scripsit
445 1024 598 1085 Facundus
610 1037 641 1085 ut
651 1027 704 1085 tria
714 1026 838 1105 capitula
848 1045 865 1085 a
875 1026 999 1086 concilio
1013 1025 1051 1085 V.
1063 1025 1193 1084 damnata
1202 1025 1292 1085 vindi·

94 1130 177 1190 caret,
192 1121 358 1180 auctoritate
373 1132 480 1191 carent,
494 1133 593 1200 utpote
607 1123 771 1182 schismatis
785 1122 900 1182 fovendi
916 1122 1012 1183 studio
1027 1133 1150 1182 exarata.
1181 1123 1292 1183 Mirum

94 1236 148 1278 non
162 1229 209 1278 est
222 1231 422 1297 argumentum
436 1219 559 1279 deficere
573 1220 652 1294 quod
664 1238 702 1279 ex
723 1220 908 1280 Sacramenta
922 1220 1000 1278 ducit
1014 1219 1049 1278 ad
1069 1238 1192 1278 errorem
1208 1220 1293 1279 susti·

93 1315 229 1386 nendum,
244 1319 383 1392 illumque
398 1318 475 1377 haud
489 1329 618 1378 accurate
632 1319 717 1378 deco
730 1318 822 1393 loqui.
859 1318 1003 1377 Caeterum
1018 1319 1128 1377 ratione
1142 1318 1289 1392 loquendi,

95 1416 189 1493 potius
204 1434 291 1489 quam
305 1417 447 1474 renuntia
461 1414 496 1474 de
515 1416 696 1485 eucharistia,
712 1417 851 1495 peccavit.
880 1417 968 1475 Panis
981 1416 1099 1475 nornine
1113 1426 1178 1493 post
1191 1434 1292 1475 conse·

96 1512 252 1571 orationem
278 1512 420 1573 intellexit
436 1516 549 1591 species
571 1515 664 1592 panis,
680 1531 743 1588 quse
765 1514 880 1592 proprie
901 1531 1005 1590 corpus
1021 1512 1130 1571 Christi
1144 1533 1201 1572 nou
1215 1524 1291 1583 suut,

96 1607 143 1666 sed
157 1626 208 1668 eas
220 1609 308 1669 veluti
320 1610 424 1669 velant.
453 1611 502 1670 Ex
513 1629 548 1671 eo
559 1610 637 1684 quod
648 1611 770 1685 quiaque
782 1610 980 1670 eucharistiam
992 1611 1134 1688 recipiens
1145 1609 1195 1668 fiat
1208 1611 1292 1688 parti·

95 1723 160 1784 ceps
175 1707 305 1784 corporis
319 1719 349 1765 et
370 1708 519 1786 sanguinis
534 1707 681 1767 contendit
701 1707 853 1767 Christum
868 1709 904 1766 ob
923 1709 1098 1785 baptismum
1113 1723 1290 1786 susceptum,

95 1801 276 1879 adoptionem
298 1802 425 1863 liliorum
447 1805 611 1881 suscepisse
636 1804 692 1864 dici
718 1822 825 1881 posse:
856 1803 908 1863 sad
928 1805 1028 1865 fefellit
1050 1823 1117 1864 euru
1142 1805 1291 1866 Theodori

99 1899 299 1979 Mopsuesteni
313 1900 476 1960 vindicandi
490 1902 627 1961 studium.

10 2028 99 2114 Γ
132 2002 201 2058 182.
227 1998 294 2078 oej.
310 2004 359 2058 20.
381 2000 462 2059 Beda
476 2000 659 2059 inconcione
673 2000 709 2059 de
724 2001 900 2079 Epiphania,
916 1998 985 2059 dicit
998 2001 1028 2059 in
1041 2001 1138 2061 locum
1153 2003 1246 2061 carnis
1261 2012 1290 2062 et
1342 2046 1345 2051 -

97 2098 243 2176 sauguinis
257 2098 336 2176 agni,
351 2097 501 2157 Christum
526 2099 707 2157 substituisse
727 2111 935 2159 sacramentum
955 2100 1082 2176 corporis
1096 2113 1125 2158 et
1144 2101 1291 2179 sanguinis
1350 2134 1357 2157 ι

96 2195 148 2264 sui,
161 2195 295 2274 infigura
306 2197 390 2273 panis
401 2205 431 2254 et
442 2197 519 2255 vini:
542 2197 677 2272 insuperr
693 2195 802 2256 “dedit
810 2198 840 2256 in
848 2216 931 2256 coena
939 2196 1087 2275 discipulis
1099 2198 1159 2256 suis
1170 2199 1291 2276 figuram

100 2295 224 2372 corporis
238 2295 284 2352 sui
298 2294 389 2353 sancti
403 2305 432 2353 et
447 2293 627 2373 sauguinis.''
670 2295 742 2354 llaec
757 2296 875 2355 omnino
894 2304 1024 2354 evertunt
1044 2295 1291 2355 Transubstantia·
1351 2280 1359 2361 ,ἕ

10 2391 212 2484 &tionem
254 2392 298 2451 lta
312 2392 450 2479 Cosinus.
1278 2384 1354 2447 ...J

88 2480 91 2485 ¹
133 2490 226 2570 Resp.
248 2491 322 2551 Haec
336 2511 390 2551 suo
401 2492 518 2569 ingenio
528 2491 702 2568 excogitavit
715 2489 852 2559 Cosinus,
867 2500 896 2551 et
908 2509 1056 2569 perperam
1071 2491 1167 2550 tribuit
1177 2509 1292 2551 venera·

100 2585 142 2649 bili
157 2578 306 2666 scriptori,
320 2589 371 2663 qui
392 2589 552 2666 perspicuis
567 2588 660 2646 verbis
682 2587 812 2666 agnoscit
824 2606 928 2666 corpus
942 2597 973 2647 et
991 2589 1159 2667 sanguinem
1182 2587 1292 2648 Christi

97 2700 140 2746 ore
154 2685 287 2745 fidelium
302 2686 397 2745 sumi:
420 2687 460 2744 ait
472 2687 569 2745 enimc
593 2694 612 2722 “
624 2685 714 2745 Levat
726 2686 823 2759 itaque
836 2702 891 2744 nos
905 2705 922 2744 a
942 2685 1185 2763 peccatisnostris
1199 2687 1292 2760 quoti·

96 2778 136 2843 die
163 2783 195 2842 iu
224 2782 363 2860 sanguine
389 2800 452 2850 suo,
474 2800 540 2841 cum
562 2782 693 2859 ejusdem
715 2783 803 2841 beatae
825 2781 968 2860 passionis
989 2782 1025 2841 ad
1045 2783 1130 2842 altare
1154 2786 1292 2845 memoria

91 2881 254 2960 replicatur,
268 2897 335 2939 cum
351 2881 432 2957 panis
447 2889 475 2938 et
490 2880 548 2938 vini
562 2889 689 2938 creatura
709 2880 739 2938 in
760 2890 969 2941 sacramentum
984 2882 1077 2940 carnis
1093 2893 1121 2941 et
1141 2885 1289 2962 sanguinis

90 2976 152 3052 ejus
165 2975 307 3036 ineffabili
323 2977 440 3054 spiritus
452 2977 677 3036 sanctificatione
688 2976 869 3047 transfertur;
885 2979 984 3052 sicque
995 2997 1105 3038 conaus
1115 3000 1155 3040 un
1165 3000 1290 3042 sruoms

87 3085 189 3136 Etrus
203 3092 264 3134 nou
277 3073 436 3132 infidelium
451 3075 584 3133 manibus
598 3075 634 3133 ad
647 3075 804 3152 perniciem
820 3077 948 3153 ipsorum
959 3076 1086 3137 funditur
1097 3087 1127 3138 et
1141 3080 1289 3149 occiditur,

82 3172 137 3234 aad
154 3189 306 3233 rmntios
321 3189 378 3230 onn
394 3190 471 3230 susat
486 3191 663 3231 soniturus
677 3190 824 3232 saunas.
867 3173 963 3252 Hujus
977 3187 1052 3234 recte
1067 3177 1186 3252 figuram
1200 3196 1291 3259 agnus

78 3261 114 3331 itt
128 3271 200 3348 lege
217 3267 360 3346 paschalis
375 3267 508 3337 ostendit,
522 3270 573 3343 qui
592 3270 684 3328 semei
704 3270 843 3347 populum
857 3268 892 3328 de
907 3271 1050 3348 AEgyptia
1069 3273 1203 3331 servitute
1222 3273 1292 3333 libe·

76 3378 166 3437 rans,
182 3367 217 3426 iu
233 3366 401 3425 memoriam
416 3365 545 3443 ejusdem
560 3367 745 3434 liberationis,
758 3384 810 3444 per
821 3385 921 3426 omnes
933 3386 1023 3427 annos
1034 3368 1228 3427 immolatione
1239 3389 1292 3429 sua

75 3465 234 3546 populum
250 3462 373 3523 eundem
388 3465 564 3522 sanctificare
585 3465 703 3534 solebat,
717 3464 810 3524 donec
829 3465 939 3524 veniret
958 3465 1032 3543 ipss,
1047 3465 1094 3523 cui
1114 3465 1177 3523 talis
1199 3465 1293 3526 hostia

74 3561 291 3623 testimonium
318 3560 411 3630 dabat,
438 3562 606 3635 oblatusque
631 3561 710 3620 Patri
735 3579 788 3638 pro
812 3561 895 3620 nobis
919 3562 950 3619 in
971 3560 1094 3619 hostiam
1117 3561 1292 3637 odoremque

71 3659 250 3726 ‘navitatis
262 3659 431 3734 mysterium
444 3677 503 3716 suae
518 3660 661 3736 passionis
676 3658 769 3717 oblato
781 3677 855 3736 agno
866 3659 896 3717 in
907 3668 1063 3717 creaturam
1079 3659 1161 3735 panis
1174 3661 1291 3736 vinique

72 3758 268 3825 transferret,
280 3756 414 3816 sacerdos
429 3759 518 3816 sactus
533 3759 563 3817 in
575 3769 709 3818 aternum
724 3759 882 3818 secundum
892 3758 1020 3818 ordinem
1034 3759 1293 3823 Melchisedech.”¹

127 3860 202 3917 1³³.
228 3852 295 3933 Obj.
311 3858 361 3913 21.
384 3855 415 3913 S.
431 3855 605 3924 Bernartius,
620 3857 670 3930 qui
691 3855 861 3916 duodecimo
875 3857 982 3917 saeculo
1004 3859 1120 3917 incunte
1140 3859 1246 3932 floruit,
1261 3863 1291 3922 in

77 3951 185 4016 Οωηα
199 3951 329 4015 Domini
343 3953 595 4013 sacramentorum
608 3965 754 4014 externam
766 3955 886 4014 sormam
901 3955 968 4014 nuci
979 3967 1134 4034 comparat,
1150 3961 1291 4021 occultam

73 4052 369 4125 virtutemnucleoa
384 4053 504 4112 sormam
519 4055 620 4113 iterum
636 4054 741 4114 annulo
754 4052 926 4113 haereditatis
940 4055 1114 4116 investitura
1127 4057 1221 4136 signo,
1236 4059 1292 4118 vir·

74 4154 182 4211 tutem
197 4150 256 4228 ipsi
269 4150 437 4209 haereditati.
460 4151 552 4210 ,Sicut
565 4153 651 4230 igitur
664 4134 750 4212 nemo
764 4150 900 4212 annulum
914 4151 943 4211 in
958 4152 1151 4215 hereditatem
1164 4159 1290 4218 converti

127 4348 172 4414 (l)
190 4344 221 4396 L.
232 4345 259 4397 ix
269 4361 313 4412 pro
325 4345 466 4398 defensione
481 4347 517 4399 iii.
527 4347 696 4414 Capitulornnr
705 4346 767 4413 (lap.
776 4347 820 4398 uit.
903 4361 906 4365 ’

129 4432 172 4500 (2)
190 4431 269 4492 Beda,
281 4432 358 4483 Hom.
369 4433 495 4498 hyemales
509 4434 540 4484 de
551 4433 656 4495 Sanctis,
667 4435 694 4485 in
713 4433 856 4500 Epiphania
872 4432 983 4487 Domini.
994 4442 1052 4486 tom.
1064 4434 1105 4485 rii.
1122 4449 1146 4500 p.
1162 4437 1222 4488 446.
1233 4438 1291 4492 edit.

75 4509 304 4571 Basttmraxm.
339 4520 435 4571 Pudeat
452 4522 607 4572 Oxonieuses
627 4522 714 4572 cosini
732 4537 795 4587 opus
813 4522 867 4573 lnce
887 4523 975 4574 iterum
985 4523 1096 4584 donum,
1106 4538 1185 4588 quum
1201 4525 1292 4590 liqueat

78 4609 155 4654 eum
165 4603 268 4657 infidum
279 4621 334 4656 csse
344 4605 372 4656 in
383 4607 530 4659 testimoniis
540 4607 651 4658 citandis.

1284 4750 1316 4762 Α
