2774 5056
398 322 456 386 Du
477 321 754 386 SAGRAMENTI
776 325 977 388 RATIONE.
1227 332 1283 391 871

90 493 134 543 est
149 480 342 552 homicidum,
356 483 527 561 baptismate
540 483 679 554 abluitur3
694 484 720 542 si
733 504 751 543 a
762 484 917 562 baptizato,
939 487 1108 564 penitentia
1119 496 1150 546 et
1162 487 1292 547 reconci-

90 580 209 643 liatione
224 579 392 640 sanatur.’'²
432 582 648 641 Solicitudinem
669 581 824 641 maximam
849 583 1030 643 morientium
1053 585 1241 659 quorumdam
1261 595 1293 646 ut

94 679 239 756 accipiant
253 678 441 755 baptismum,
457 680 576 739 aliorum
592 679 799 756 poenitentiam,
813 679 977 740 describens
992 683 1047 740 aits
1070 682 1166 740 “aliis
1188 683 1292 761 baptis·

95 793 177 836 mum
198 774 401 852 flagitantibus,
424 775 489 834 aliis
513 776 787 843 reconciliationem,
810 776 874 834 aliis
899 777 985 836 eriam
1005 777 1179 855 poenitentias
1200 779 1293 857 ipsius

94 872 250 941 actionem,
266 873 399 931 omnibus
415 872 652 940 consolationem,
662 882 691 931 et
704 873 973 933 Sscnamrrrronms
987 874 1193 934 consertionem
1209 888 1295 950 atque

94 971 312 1048 erogationem:
334 969 383 1028 ubi
398 970 425 1028 si
439 969 562 1028 ministri
576 969 680 1039 desint,
695 980 832 1043 quantum
847 970 965 1029 exitium
977 972 1105 1045 sequitur
1118 989 1179 1041 eos,
1195 970 1295 1045 quide

96 1069 154 1129 isto
163 1068 275 1129 saeculo
290 1067 336 1126 vel
350 1086 408 1126 non
422 1069 579 1145 regenerati
596 1077 712 1135 exeunt,
727 1067 773 1125 vel
788 1068 887 1145 ligatii
909 1081 1032 1143 quantus
1046 1081 1090 1128 est
1103 1070 1187 1128 etiam
1201 1069 1294 1128 luctus

95 1163 228 1224 fidelium
242 1182 372 1232 suorum,
386 1163 436 1238 qui
451 1181 502 1222 eos
517 1182 615 1223 secum
629 1165 660 1223 in
674 1164 738 1222 vitae
753 1173 865 1223 oeternae
878 1165 978 1238 requie
992 1184 1049 1225 non
1064 1165 1262 1226 habebuntl”⁰

141 1266 210 1323 163.
232 1261 383 1321 Materiam
398 1272 427 1321 et
439 1261 559 1321 sormam
574 1262 603 1321 in
617 1262 784 1340 poenitcntia
795 1280 855 1320 non
870 1261 998 1339 ejusdem
1014 1265 1128 1340 generis
1142 1283 1175 1323 ac
1188 1265 1217 1324 in
1229 1265 1297 1344 bep-

97 1362 197 1429 demo,
207 1360 252 1419 vel
264 1360 444 1428 eucharistia,
456 1361 605 1434 exquirere
619 1361 695 1427 licet,
705 1359 757 1418 sed
768 1378 821 1439 pro
843 1360 952 1420 ratione
963 1360 1075 1439 judicii.
1110 1361 1298 1442 Distinguunt

98 1457 246 1535 Theologi
261 1457 406 1516 materiam
428 1458 506 1517 circu
520 1475 610 1536 quum
624 1467 752 1517 versatur
773 1458 807 1516 ab
821 1477 856 1517 ea
875 1477 913 1517 ex
927 1477 984 1533 qua
999 1469 1119 1519 constat.
1161 1459 1300 1520 Versatur

101 1557 180 1617 circa
191 1564 307 1633 peccata
321 1555 410 1614 veluti
423 1574 469 1613 res
479 1555 658 1633 judicandas,
674 1564 703 1614 et
714 1554 829 1630 quidem
840 1558 1001 1616 necessario
1012 1558 1088 1617 circa
1099 1569 1213 1637 peccata
1222 1577 1300 1619 mor·

101 1651 179 1714 tuliu
200 1664 264 1730 post
274 1652 449 1729 baptismum
470 1653 607 1721 admissa,
621 1663 760 1727 quatenus
778 1653 840 1712 haec
862 1651 1023 1714 necessarii)
1038 1654 1216 1734 subjicienda
1235 1667 1302 1716 sunt

101 1750 273 1812 sacerdotali
283 1751 394 1829 judicio
409 1752 439 1810 in
453 1770 533 1810 sacro
548 1752 694 1819 tribunali,
709 1770 773 1826 quas
793 1752 900 1811 idcirco
916 1751 1047 1812 dicuntur
1067 1753 1194 1814 muteris
1207 1772 1303 1814 neees-

101 1848 209 1911 sariar
231 1858 347 1928 peccata
367 1844 434 1907 verri
449 1846 579 1908 centolio
599 1859 721 1926 possunt
741 1849 865 1908 clavium
886 1858 1026 1926 potestate
1040 1852 1156 1920 remitti,
1173 1853 1303 1927 quamvis

101 1961 134 2011 et
146 1949 211 2010 aliis
224 1948 381 2008 rationibus
393 1947 454 2006 tolli
474 1957 590 2022 queant,
612 1945 734 2020 ideoque
750 1959 886 2007 vocantur
899 1948 1026 2008 materia
1040 1947 1158 2009 liberc.⁸
1197 1951 1304 2010 Morta·

102 2048 144 2108 lia
159 2047 221 2126 jam
235 2046 291 2105 hoc
305 2054 483 2104 sacramento
507 2044 636 2111 dimissa,
648 2045 738 2103 libera
752 2045 870 2104 materia
883 2044 968 2104 etiam
983 2046 1147 2105 habentur.⁴
1182 2047 1305 2106 Materia

103 2141 174 2203 verd
195 2160 232 2203 ea·
240 2159 300 2221 qua
317 2151 429 2200 constat
441 2150 661 2210 sacramentum,
676 2153 808 2201 censetur
824 2161 841 2201 a
861 2142 1006 2220 plerisque
1027 2153 1105 2201 actus
1128 2143 1303 2219 poenitentis,

104 2241 250 2309 contritio,
270 2238 425 2308 confessio,
447 2248 477 2297 et
496 2238 661 2308 satisfactio,
684 2240 789 2313 quibus
810 2239 966 2299 sacerdotis
987 2240 1137 2307 absolutio,
1159 2249 1304 2314 tamquam

95 2336 216 2420 formu,
232 2335 350 2403 accedit,
372 2335 415 2395 eis
431 2336 556 2395 tribuens
571 2335 629 2394 vim
645 2344 674 2394 et
697 2335 816 2394 effectus
839 2337 1019 2395 sacramenti.
1064 2334 1159 2407 Quasi
1178 2335 1307 2396 materia

105 2447 245 2498 vocantur
257 2434 299 2494 illi
313 2447 404 2501 actus,
419 2435 487 2508 quia
503 2453 560 2493 non
578 2444 646 2493 sunt
658 2435 784 2503 materia,
800 2434 887 2494 instar
907 2453 999 2509 aquae,
1014 2435 1107 2512 panis,
1123 2435 1192 2503 vini,
1207 2435 1253 2524 vel
1267 2435 1306 2495 el·

106 2532 196 2593 terius
211 2531 253 2591 rei
266 2530 422 2590 sensibilis.
463 2530 543 2590 Scoti
557 2529 706 2608 discipulis
722 2529 815 2608 placet
837 2532 983 2590 materiam
998 2542 1027 2590 et
1045 2531 1167 2591 sormam
1180 2533 1210 2590 in
1225 2532 1306 2591 abse-

106 2630 217 2691 lutione
237 2638 325 2687 totam
346 2646 512 2705 agnoscere,
527 2627 686 2687 materiam
700 2627 778 2687 enim
799 2646 863 2687 eam
886 2629 1041 2706 praedicant
1058 2639 1198 2703 quatenns
1220 2630 1307 2689 rerba

108 2735 224 2794 sonant,
240 2724 327 2784 veluti
340 2742 426 2783 voces
441 2723 544 2798 aliqua
558 2742 607 2783 ore
628 2724 754 2802 prolatae,
765 2723 904 2806 sormam
917 2745 986 2785 vcro
999 2736 1138 2800 quatenus
1152 2726 1267 2786 veniam
1279 2735 1309 2785 et

108 2822 310 2884 remissionem
322 2821 493 2899 significant.
536 2821 566 2880 N
568 2840 584 2880 e
598 2821 814 2900 Theolcgorum
829 2823 940 2900 placitis
952 2822 1131 2883 detraherent
1144 2823 1308 2884 Tridentini

109 2929 218 2996 patres,
232 2915 320 2995 quusi
333 2916 491 2976 neoterium
506 2926 642 2976 vocamnt
664 2918 829 2994 poenitentis
851 2929 940 2988 actus,
955 2919 1024 2978 salis
1039 2920 1176 2979 habentes
1191 2919 1311 2980 definire

109 3035 163 3077 eos
174 3026 253 3076 actus
266 3013 302 3072 ad
316 3014 514 3074 remissionem
531 3026 712 3093 peccatorum
727 3015 851 3090 requiri:
875 3018 941 3075 “ai
954 3017 1019 3091 quis
1034 3019 1180 3095 negaverit
1191 3016 1226 3077 ad
1241 3020 1311 3076 inte·

111 3134 193 3194 gram
218 3125 247 3173 et
266 3113 419 3190 perfectam
442 3123 623 3190 peccatorum
643 3114 842 3174 remissionem
864 3115 971 3188 requiri
995 3127 1051 3174 tres
1071 3132 1149 3175 actus
1171 3117 1200 3175 in
1223 3116 1312 3194 poeni·

113 3223 202 3280 tente,
216 3211 299 3286 quasi
321 3211 467 3270 materiam
480 3211 649 3270 sacramenti
664 3211 848 3288 poenitentia,
861 3213 995 3271 videlicet
1014 3215 1230 3283 contritionem,
1246 3233 1313 3274 con·

113 3312 271 3373 sessionem
285 3320 314 3368 et
334 3308 567 3377 satisfactionem,
590 3327 653 3382 quae
671 3319 727 3368 tres
748 3310 921 3387 pmnitentiae
942 3323 1036 3388 partes
1053 3311 1184 3371 dicuntur
1205 3354 1213 3372 .
1238 3355 1245 3371 .
1268 3354 1277 3371 .
1302 3355 1310 3370 .

115 3409 267 3468 anathema
280 3406 363 3467 sit.”⁶
382 3407 572 3466 Praecesscrat
583 3406 733 3484 Eugenius
747 3405 801 3466 IV.
815 3407 847 3466 in
857 3405 972 3467 decreto
986 3426 1039 3487 pro
1060 3410 1204 3478 Armenia,
1226 3406 1311 3483 quasi

119 3509 267 3569 materiam
280 3519 359 3567 actus
374 3505 538 3585 ponitentis
552 3505 716 3583 designans.

155 3783 199 3850 (1)
218 3780 249 3833 L.
260 3781 286 3834 ii.
297 3780 328 3833 de
338 3778 441 3833 adulter.
453 3781 553 3847 conjug.
564 3796 586 3832 e
597 3780 648 3834 xvi.

154 3871 196 3938 (2)
216 3869 264 3936 Ep.
276 3869 305 3919 sd
318 3869 475 3920 Honoratum
486 3883 584 3920 ccxxx.
596 3884 665 3920 nora
677 3868 736 3921 edit.
747 3882 904 3922 ccxxxrrrr.
928 3864 1084 3920 Oxcalcnses
1095 3866 1251 3923 morientium
1261 3883 1318 3921 corr·

120 3959 266 4011 solationem
279 3957 344 4022 apud
356 3973 413 4007 suos
424 3956 503 4006 verbis
520 3956 739 4026 speciosis,quibus
755 3972 837 4008 rerum
852 3956 942 4006 veritas
953 3956 1016 4007 male
1032 3958 1170 4022 respondet,
1181 3957 1218 4008 sic
1233 3956 1320 4008 deseri·

120 4048 200 4098 bunt:
218 4045 328 4096 “When
340 4045 372 4095 he
384 4045 444 4096 lieth
456 4045 508 4096 sicle
521 4059 589 4110 upon
605 4042 645 4093 his
656 4043 710 4104 bed,
721 4044 780 4094 does
790 4052 834 4094 not
845 4043 884 4093 his
901 4043 1024 4095 Sucrone
1036 4050 1043 4075 ¹
1053 4045 1125 4094 make
1136 4045 1168 4094 all
1179 4043 1218 4094 his
1234 4044 1281 4094 bed
1292 4043 1319 4094 in

120 4133 161 4184 his
172 4130 297 4191 sickness,’
310 4131 384 4183 when
394 4132 433 4183 his
444 4130 559 4182 Minister
571 4146 653 4180 comes
664 4137 689 4179 to
701 4129 761 4190 him,
772 4133 797 4181 to
807 4128 897 4181 receive
908 4125 948 4180 ihc
959 4127 1097 4199 conficcion
1108 4127 1141 4198 of
1151 4128 1191 4180 his
1202 4129 1263 4188 cirta,
1272 4126 1321 4178 and
1354 4154 1358 4171 ι

123 4228 149 4271 to
160 4219 248 4269 relieve
259 4218 298 4270 his
309 4219 453 4271 conscience
464 4219 492 4269 of
506 4219 547 4270 the
558 4213 689 4280 ‘weighty'
701 4215 785 4278 things
795 4214 877 4266 which
887 4231 955 4281 prese
966 4217 985 4268 it
994 4217 1085 4267 down:
1103 4215 1151 4267 and
1162 4215 1229 4275 then,
1242 4212 1277 4281 (it
1289 4213 1322 4264 he

122 4306 225 4372 humbly
246 4306 295 4358 and
313 4305 416 4372 heartily
434 4305 512 4357 desire
530 4303 578 4371 it,')
596 4304 628 4368 by
645 4302 724 4353 simne
735 4302 764 4352 os
777 4301 905 4354 Gaarsr’s
923 4303 1046 4370 authority
1062 4302 1202 4354 committed
1219 4310 1246 4352 to
1260 4300 1323 4361 him,

123 4407 220 4444 assuras
230 4391 283 4442 him
294 4392 322 4442 of
335 4391 377 4442 the
388 4391 481 4457 pardon
492 4391 521 4440 of
534 4390 566 4440 all
577 4389 617 4438 his
628 4386 710 4439 Sine-’¹
744 4382 801 4438 vot
811 4386 828 4438 l.
839 4385 921 4440 Tract.
934 4391 974 4441 17.

161 4482 205 4548 (3)
224 4477 288 4530 Vide
305 4480 382 4531 Cone.
397 4479 466 4532 Trid,
477 4478 543 4528 Scss.
554 4477 603 4528 xiv.
620 4491 672 4541 cap.
684 4491 708 4526 v.

162 4567 206 4633 (4)
226 4564 352 4617 Benedict.
364 4565 399 4617 ri.
410 4564 437 4615 in
448 4562 584 4614 Decretali:
603 4561 793 4614 ueteranorum.

126 4659 130 4716 ζ
163 4653 208 4722 (5)
227 4649 292 4703 Sese.
303 4649 467 4720 aiacem-iv.
931 4640 933 4645 '
1260 4574 1296 4764 i
