2774 5056
413 336 470 396 DE
491 332 733 396 INFAN'PIUM
755 335 977 398 BAPTISMO.
1256 337 1295 394 76

154 496 207 553 162.
227 495 256 552 S.
273 495 409 553 Sinicius
430 495 530 573 Papa:
552 506 572 535 ‘⁸
586 497 667 554 Sicut
680 512 749 572 ergo
762 514 870 554 sacram
886 495 1055 554 Paschalem
1070 477 1256 554 reierentiam
1266 494 1296 577 lu

120 590 180 648 nullo
190 592 323 650 discimus
338 611 403 650 esso
417 593 612 662 minuendam,
626 595 666 651 ita
679 593 832 651 infantibus
847 593 896 666 qui
922 592 1044 651 necdum
1059 593 1138 665 loqui
1154 601 1290 668 poterunt

117 700 282 764 potetatem,
306 691 353 749 vel
377 691 423 749 his
437 692 542 764 quibus
566 693 596 751 in
622 692 747 765 qualibet
762 691 930 750 necessitate
944 710 1017 768 opus
1033 690 1117 748 suerit
1130 692 1205 748 sacri
1218 688 1296 748 unda

116 785 284 863 baptismatis,
299 788 378 861 oqini
395 788 527 846 volumus
542 790 684 847 celeritate
698 790 835 855 succurri,
850 807 885 846 ne
907 787 941 845 ad
957 798 1114 847 nostrarum
1137 787 1295 863 perniciem

113 882 192 942 undat
204 885 376 953 animarum,
391 885 416 942 εἰ
439 893 541 961 negato
555 885 779 943 desiderantibus
795 884 872 943 sonte
887 885 1011 953 salutari,
1027 885 1127 942 exiens
1141 883 1295 956 uuusquis-

114 998 161 1053 que
170 980 203 1038 de
218 982 325 1039 saeculo
339 992 368 1039 et
381 1000 500 1058 regnum
516 982 614 1059 perdat
627 991 655 1040 et
668 980 802 1039 vitam.”²

141 1083 203 1137 163.
226 1080 259 1136 S.
275 1080 468 1138 Accusamus
492 1082 619 1139 noscitur
640 1081 821 1157 parvulorum
842 1080 1019 1158 baptismatis
1040 1078 1238 1137 necessitatem
1260 1077 1295 1135 ad

105 1187 242 1253 peccatum
258 1177 378 1254 originis
392 1176 548 1235 tollendum
564 1185 662 1236 contra
676 1177 846 1254 Pelagianos
868 1195 1073 1254 propugnasse,
1088 1175 1138 1248 qui
1151 1174 1297 1250 baptizan·

103 1270 148 1333 b·
160 1272 237 1330 haud
251 1275 401 1350 negabant,
423 1275 493 1347 quin
508 1274 648 1332 maculam
662 1275 771 1351 peccati
793 1284 991 1352 agnoscerent.
1034 1282 1054 1309 “
1065 1271 1187 1338 Porro,”
1203 1272 1297 1343 inquit

87 1370 169 1449 'ipse,
182 1380 202 1408 ‘⁴
216 1371 286 1445 quia
299 1371 433 1448 parvulos
448 1372 634 1449 baptizandos
649 1391 714 1430 esse
729 1372 898 1440 concedunt,
913 1373 962 1446 qui
984 1382 1081 1430 contra
1102 1371 1296 1429 auctoritatem

104 1467 236 1525 unirersae
251 1467 405 1535 Ecclesiae,
421 1468 520 1544 procul
535 1467 620 1526 dubio
636 1487 686 1545 per
700 1468 868 1536 Dominum,
881 1478 909 1526 et
923 1467 1077 1545 Apostolos
1090 1466 1234 1532 traditam,
1250 1484 1297 1522 ue·

106 1564 162 1621 nire
172 1582 230 1622 non
240 1573 364 1640 possunt
376 1583 384 1631 ;
406 1564 562 1622 concedant
571 1575 682 1641 oportet
692 1584 742 1623 eos
754 1585 837 1642 egere
849 1566 905 1624 illis
914 1565 1061 1623 beneficiis
1073 1562 1252 1630 Mediatoris,
1267 1571 1299 1618 ut

105 1660 183 1718 abluti
198 1679 252 1739 per
266 1661 481 1719 Sacramentum
498 1662 719 1735 charitatemque
739 1663 877 1730 fidelium,
893 1683 925 1722 ac
939 1663 981 1720 sic
995 1660 1166 1738 incorporati
1188 1658 1297 1736 Christi

103 1760 216 1836 corpori,
233 1758 312 1833 quod
326 1768 370 1817 est
394 1760 537 1828 Ecclesia,
553 1762 771 1819 reconcilientur
785 1761 859 1831 Deo,
873 1773 902 1819 ut
916 1763 945 1820 in
960 1760 1009 1819 illo
1031 1760 1099 1826 vivi,
1125 1770 1155 1816 ut
1169 1758 1251 1827 salvi,
1268 1768 1298 1815 ut

103 1856 245 1934 redempti,
260 1867 293 1915 ut
316 1857 469 1915 illumina-ti
495 1858 610 1916 fiant.”'
649 1860 767 1932 Absque
788 1852 844 1917 fide
866 1878 916 1917 eos
931 1859 1053 1917 salutem
1067 1858 1192 1930 assequi,
1207 1875 1296 1930 quum

107 1964 277 2028 potetatem
292 1971 356 2011 eam
381 1954 484 2012 habere
510 1963 661 2028 nequeant,
676 1955 777 2014 docet:
801 1955 917 2022 “Quod
938 1956 1071 2013 traditum
1096 1956 1173 2012 tenet
1197 1954 1298 2011 unirer

105 2048 166 2105 sitas
179 2049 333 2116 Ecclesiae,
349 2069 415 2108 cum
430 2034 540 2127 parituli
554 2051 674 2109 infantes
684 2053 873 2129 baptizantur,
886 2053 935 2125 qui
946 2061 1021 2110 certe
1033 2050 1160 2110 nondum
1177 2061 1299 2127 possunt

104 2143 180 2202 corde
193 2145 310 2204 credere
324 2146 360 2203 ad
376 2147 528 2223 justitiam,
543 2158 633 2206 etone
655 2149 785 2206 confiteri
800 2148 834 2206 ad
858 2149 988 2215 salutem,
1005 2147 1082 2221 quod
1097 2148 1167 2206 latro
1184 2148 1295 2224 potuit:

106 2242 258 2315 quinetiam
272 2233 372 2302 llsndo
383 2256 411 2302 et
425 2244 575 2322 vagiendo,
586 2265 651 2304 cum
667 2247 696 2304 in
711 2248 754 2303 eis
769 2248 938 2322 mysterium
951 2246 1117 2314 celebratur,
1130 2247 1201 2322 ipsis
1217 2265 1296 2321 mys·

105 2338 160 2398 ticis
172 2342 289 2400 vocibus
304 2342 489 2418 obstrepunt3
511 2354 540 2400 et
554 2355 647 2400 tamen
659 2343 754 2401 nullus
769 2343 999 2400 Christianorum
1021 2342 1126 2399 dixerit
1140 2361 1189 2400 eos
1205 2343 1297 2399 inani-

106 2446 143 2495 ter
153 2439 298 2515 baptizari.
342 2439 381 2497 Et
402 2440 427 2497 si
441 2441 601 2514 'quisquam
623 2441 652 2497 in
673 2440 727 2497 hac
748 2459 778 2497 ro
799 2440 992 2497 auctoritatem
1011 2438 1147 2507 ¹divinam
1171 2452 1294 2512 quaerat:

108 2551 266 2610 quamquam
293 2535 372 2609 quod
395 2538 528 2595 universa
543 2547 620 2594 tenet
645 2535 788 2605 Ecclesia,
809 2555 862 2594 nec
893 2537 1022 2594 conciliis
1045 2537 1215 2602 institutum,
1239 2536 1292 2594 sed

108 2649 209 2710 semper
224 2645 372 2695 ¹retentum
387 2647 440 2704 est,
456 2655 515 2694 non
540 2636 595 2693 nisi
620 2637 783 2693 auctoritate
806 2637 974 2712 Apostolica
987 2635 1119 2694 traditum
1133 2636 1294 2694 rectissime

108 2728 224 2798 creditur,
238 2740 335 2790 tamon
357 2733 494 2790 veraciter
507 2733 651 2810 conjicere
666 2752 821 2809 possumus
836 2733 905 2806 quid
921 2734 1012 2792 valcat
1032 2734 1062 2791 in
1077 2733 1204 2810 parvulis
1220 2733 1295 2809 Bap-

115 2824 172 2915 ismi
185 2827 399 2889 Sacramentum
414 2848 450 2889 ex
465 2832 682 2889 circumcisione
698 2833 801 2899 carnis,
817 2852 902 2905 quarn
916 2834 992 2909 prior
1002 2833 1126 2910 populus
1139 2831 1296 2908 accepit.”⁸

140 2920 285 2985 Probatur
298 2925 361 2985 111.
365 2925 486 3004 judicio
501 2935 527 2985 et
541 2928 717 2986 auctoritate
732 2928 936 2987 conciliorum.

90 3056 97 3067 -
144 3022 204 3080 lot.
225 3022 465 3100 Carthaginense,
486 3042 536 3081 seu
552 2994 754 3082 Milevitanuni
776 3025 828 3093 ll.,
843 3036 963 3099 utroque
978 3027 1054 3083 enirn
1070 3027 1187 3084 nomine
1201 3024 1294 3102 desig·

109 3125 187 3185 ntur,
200 3138 274 3179 anno
287 3124 358 3187 418,
373 3120 450 3178 hunc
464 3120 528 3177 tulit
548 3122 708 3179 canonem:
731 3131 751 3158 ‘⁴
764 3108 886 3189 Placuit,
908 3137 939 3180 ut
963 3123 1137 3196 quicumque
1159 3122 1292 3198 parvulos

110 3226 221 3275 macutes
246 3217 282 3275 ab
298 3217 386 3275 uteris
401 3225 523 3274 matrum
545 3217 733 3293 baptizandos
747 3229 841 3296 negat,
867 3229 915 3277 ant
934 3217 1013 3286 dicit,
1040 3219 1069 3276 in
1092 3219 1293 3277 remissionem

61 3368 65 3383 ,
112 3311 211 3382 qnidam
224 3326 407 3393 peccatorum
419 3333 469 3373 eos
479 3315 632 3392 baptizari3
648 3316 698 3375 sed
711 3318 782 3377 nihil
794 3338 831 3377 ex
845 3319 937 3377 Adam
950 3319 1057 3376 trahere
1070 3318 1215 3392 originalis
1228 3335 1293 3392 pec·

113 3409 246 3487 cati,quod
258 3416 372 3474 lavacro
384 3415 606 3493 regenerationis
621 3416 752 3493 expictur
773 3458 781 3475 .
805 3457 812 3475 .
836 3459 844 3475 .
868 3460 875 3476 .
897 3417 1047 3474 anatliema
1060 3415 1143 3473 sit.”⁴
1170 3414 1293 3472 Decreta

115 3504 189 3583 hujus
201 3513 314 3571 concilii
328 3524 356 3570 et
374 3512 489 3570 alterius
504 3512 534 3570 in
554 3512 653 3572 eadem
675 3515 893 3592 Pelagianorunr
914 3533 1008 3581 causa,
1024 3514 1144 3572 Summo
1159 3511 1293 3571 Pontifici

115 3605 222 3679 probata,
235 3630 287 3689 per
300 3621 387 3669 totam
402 3610 565 3670 Ecclesiam
581 3612 639 3670 vim
651 3613 842 3671 obtinuerunt.

490 3808 689 3850 omeulosns
710 3810 895 3852 nuuunuun.

154 3943 211 4001 los.
232 3942 296 4027 Odj.
323 3952 349 4005 l.
381 3945 629 4025 Paedobaptismus
661 3951 767 4025 absque
798 3950 856 4009 ulla
884 3950 1097 4029 scripturarum
1126 3950 1290 4009 auctoritate

122 4033 231 4100 inductus
243 4059 295 4114 est,
311 4047 394 4104 tertio
407 4067 424 4103 a
439 4044 557 4106 Christo
571 4050 687 4108 saeculo.
721 4050 856 4108 Christus
872 4051 962 4128 jussit
974 4048 1131 4126 discipulos
1146 4049 1291 4107 faciendos

122 4143 248 4207 ame‘luam
261 4144 488 4221 baptizarentur:
509 4157 684 4219 papqrsoaaaes.
693 4146 776 4203 adoro
786 4147 820 4203 vd
830 4150 895 4219 lton,
906 4144 1069 4214 βαπτίζοντες
1080 4144 1179 4206 davole:
1201 4155 1220 4182 ‘⁶
1233 4147 1293 4204 Do·

454 4339 494 4404 (1)
511 4338 561 4403 Ep.
572 4336 603 4387 ad
615 4335 754 4385 Himerium
762 4334 893 4395 Tarracon,
906 4351 926 4385 e.
937 4335 962 4384 ii.

459 4426 499 4490 (2)
518 4422 548 4472 L.
560 4423 576 4472 i.
587 4422 686 4484 depec.
694 4436 753 4468 mar.
764 4429 788 4469 ct
799 4424 858 4469 ren.
869 4436 890 4469 c.
902 4419 969 4469 xxti.

460 4511 502 4575 (3)
522 4508 550 4557 L.
560 4509 591 4558 iv.
601 4507 631 4556 ds
641 4507 712 4570 Bapt.
724 4521 745 4554 c.
757 4506 825 4555 xxiii.

462 4596 499 4656 (4)
518 4593 581 4643 Can.
595 4592 622 4642 ii.

202 4722 257 4790 Vct.
268 4735 379 4800 lll.—7
