2812 5062
399 317 457 382 DE
479 319 1005 383 Ttttrtsttns‘rttntrlfflortu.
1241 318 1298 376 201

109 476 244 537 Christus
258 478 329 549 heri,
345 489 375 538 et
387 477 492 539 hodie:
513 478 577 557 ipse
589 490 617 538 et
636 479 666 538 in
681 478 817 548 saecola,”
840 478 994 548 disserens,
1009 479 1096 539 dicit:
1118 486 1139 516 ‘⁴
1150 476 1217 537 Jam
1230 485 1303 536 tran·

106 575 194 634 eierat
206 576 278 644 heri,
301 578 362 654 jam
376 575 447 636 illud
469 587 597 636 nostrum
618 576 749 635 illuxerat
769 576 949 645 hodiernum,
972 595 1037 635 cum
1058 574 1191 654 Apostoli
1203 574 1303 649 loque·

105 685 220 731 rentur:
243 675 330 732 ‘etsi
345 675 532 752 cognorimus
542 673 691 733 Christum
707 673 865 733 secuudum
877 692 1002 742 carnem,
1017 672 1067 732 sed
1078 674 1140 751 jam
1154 691 1233 732 nunc
1243 688 1303 732 non

106 772 264 831 novimus?
304 773 425 833 Videtur
438 784 532 832 tamen
547 772 620 831 etin
634 772 691 832 hoc
705 790 789 831 mans
805 772 841 830 dc
856 773 987 831 carnibus
1002 772 1078 851 Agui
1093 770 1224 831 nonnihil
1238 786 1303 828 esse

98 866 270 929 Iervatnm:
292 868 343 928 sed
365 868 441 945 quod
456 870 602 929 residuum
623 880 667 928 est
686 870 783 942 utique
802 871 864 947 jam
883 868 964 928 datur
977 869 1056 947 igni:
1079 868 1155 943 quod
1169 866 1304 926 uidelicet

104 986 200 1041 usque
213 968 299 1027 hodie
312 969 413 1027 eadem
427 987 492 1027 caro
506 968 600 1036 nobis,
614 967 664 1026 sed
679 968 863 1045 spiritualiter
882 968 990 1042 utique,
1006 986 1065 1026 non
1085 966 1232 1026 carnaliter
1252 984 1301 1024 ex-

104 1064 267 1124 hibeatur.”
310 1065 415 1140 Liquet
428 1065 577 1124 Christum
592 1064 649 1123 dici
663 1063 739 1123 haud
753 1065 901 1123 carnaliter
916 1065 1085 1133 exhibitum,
1101 1065 1168 1138 quia
1181 1061 1256 1121 haud
1271 1063 1301 1121 in

106 1172 180 1238 typo
194 1162 270 1239 agni,
285 1171 369 1238 prout
392 1160 461 1220 olim
486 1160 560 1239 apud
581 1161 743 1219 israelitas:
765 1160 817 1219 sad
839 1159 1045 1238 spiritualiter,
1067 1160 1137 1218 v'elis
1159 1158 1302 1218 obtectum

105 1259 293 1329 sacrementi,
308 1259 385 1334 quod
399 1279 464 1318 cum
478 1279 543 1318 vera
556 1272 584 1319 et
597 1259 774 1318 substantiali
788 1261 938 1337 prasentia
952 1278 1010 1319 non
1026 1270 1144 1337 pugnat.
1186 1257 1230 1316 De
1245 1255 1302 1317 tide

98 1356 244 1416 Bernardi
257 1357 352 1416 nullus
377 1367 421 1416 est
445 1357 590 1416 dubitandi
611 1356 702 1416 locus.
743 1356 810 1435 Ipse
836 1367 939 1426 narret,
960 1359 991 1416 in
1011 1357 1069 1415 vita
1090 1357 1120 1416 S.
1137 1354 1302 1423 Malachia,

103 1453 240 1512 clericum
253 1455 284 1513 iu
297 1453 429 1523 Lesmor,
439 1454 474 1513 de
489 1455 604 1513 veritate
620 1454 748 1532 corporis
766 1453 876 1513 Christi
891 1455 922 1512 in
932 1454 1103 1513 eucharistia
1116 1453 1301 1521 dubitantem,

103 1550 242 1610 miraculo
256 1551 386 1611 adactum
401 1561 432 1610 ut
444 1571 508 1610 eam
527 1551 718 1611 confiteretur.
760 1560 779 1588 ‘⁴
792 1550 822 1609 Is
842 1552 949 1610 sciolus
973 1552 1001 1610 iu
1023 1550 1113 1610 oculis
1135 1551 1206 1618 suis,
1229 1568 1302 1628 prae·

104 1649 230 1724 sumpsit
242 1648 347 1718 dicere,
363 1650 392 1709 in
406 1650 577 1709 eucharistia
596 1668 660 1707 esse
674 1647 871 1709 tantummodo
885 1649 1111 1716 Sacramentum,
1127 1658 1155 1707 et
1168 1666 1225 1707 non
1240 1666 1301 1706 ram

103 1745 290 1815 Sacramenti,
315 1746 345 1805 id
370 1757 414 1806 est
436 1746 526 1806 solam
549 1747 814 1815 sanctificationem,
835 1757 864 1806 et
886 1765 945 1805 nort
965 1747 1093 1824 corporis
1115 1743 1298 1804 veritatem.''

101 1843 243 1904 Pradixit
255 1846 282 1903 ei
297 1845 474 1904 Malachiae:
498 1846 672 1905 “Dominus
692 1845 773 1904 satori
787 1855 816 1903 te
829 1847 975 1903 veritatem
989 1845 1073 1903 faciat
1087 1844 1132 1903 rel
1146 1863 1183 1902 ex
1198 1861 1300 1903 neces·

101 1942 219 2000 sitate.”
251 1943 361 2020 Fugam
371 1941 520 2001 meditatus
534 1952 579 2000 est
592 1942 711 2002 clericus
723 1942 868 2001 infamiam
879 1943 1020 2001 haereseos
1035 1943 1107 2000 ferre
1119 1961 1176 2000 non
1189 1941 1299 2008 valens,

103 2038 156 2099 sed
171 2050 316 2118 correptus
332 2042 431 2099 morbo
446 2042 475 2099 in
490 2041 590 2100 itinere
604 2040 737 2099 reductus
751 2053 795 2099 est
809 2042 837 2099 iu
853 2041 1017 2100 civitatem:
1040 2049 1060 2077 “
1071 2039 1143 2098 redit
1160 2039 1194 2098 ad
1209 2058 1259 2098 cor
1272 2047 1302 2098 et

102 2135 141 2195 ad
161 2137 385 2214 misericordiam
405 2137 535 2196 Domini.
577 2136 688 2197 Eadem
714 2138 785 2197 hora
812 2138 919 2196 accitur
946 2136 1111 2214 episcopus,
1138 2137 1302 2215 agnoscitur

103 2234 217 2300 veritas,
232 2234 363 2311 abjicitur
376 2253 474 2294 error:
494 2234 644 2295 confessus
659 2245 768 2296 reatum
782 2236 954 2303 absolvitur3
976 2235 1047 2312 petit
1057 2234 1202 2303 viaticum,
1218 2232 1301 2292 datur

103 2330 308 2400 reconciliatio,
322 2340 352 2390 et
364 2349 422 2389 uno
436 2350 510 2408 pene
532 2339 678 2390 momento
693 2330 813 2408 perfidia
833 2349 882 2390 ore
903 2329 1055 2399 abdicatur,
1072 2339 1101 2389 et
1114 2340 1203 2388 morte
1218 2327 1300 2387 dilui·

102 2428 194 2488 tur.'’¹
235 2430 322 2489 Plura
335 2450 352 2488 a
366 2429 511 2488 Bernardo
530 2431 595 2506 ipso
616 2439 723 2507 patrata
742 2429 879 2489 miracula
900 2429 1050 2488 occasione
1065 2428 1151 2488 oblati
1166 2427 1299 2486 sacrificii

108 2526 194 2585 refert
207 2546 321 2587 coaevus
337 2540 435 2586 auctor
449 2527 612 2585 Guilelmus
627 2526 748 2585 Abbas.¹
775 2539 778 2544 ·

147 2628 214 2683 tes.
239 2622 307 2703 obj.
321 2629 371 2682 23.
394 2622 519 2682 Concilii
534 2623 648 2683 Nicaeni
668 2633 762 2700 patres
782 2640 835 2681 nos
857 2642 874 2680 a
888 2640 960 2700 pane
974 2632 1003 2680 et
1016 2623 1084 2681 vino
1098 2621 1133 2680 ad
1148 2620 1299 2681 Christum
1344 2626 1350 2677 l

103 2733 229 2783 ruentem
250 2721 376 2781 attollere
399 2732 527 2790 mouent,
548 2740 658 2795 nosque
684 2720 719 2780 dc
741 2720 891 2780 elementis
915 2721 1074 2798 pauxillum
1095 2721 1160 2780 ideo
1180 2739 1295 2780 sumere
1339 2682 1346 2761 ἕ

102 2818 216 2888 docent,
231 2837 268 2878 ne
282 2819 311 2878 in
325 2818 397 2896 ipsis
412 2818 581 2877 hoereamos.
623 2818 696 2885 Quis
710 2827 804 2877 antem
825 2816 929 2877 dixerit
949 2819 1107 2895 pauxillum
1122 2816 1158 2876 de
1180 2834 1301 2895 corpore
1336 2766 1345 2917 i

103 2914 214 2974 Christi
228 2915 328 2975 sumit
368 2915 412 2974 lta
427 2914 565 2974 Cosinus.
1316 2924 1345 3053 s

141 3011 232 3091 Resp.
252 3013 348 3071 Verba
360 3032 377 3070 a
391 3008 511 3071 Gelasio
530 3012 653 3072 concilio
675 3013 776 3072 tributa
797 3012 858 3071 haec
879 3022 966 3072 sunt:
989 3011 1127 3071 “lterum
1149 3011 1234 3070 etiam
1249 3010 1297 3069 hie

101 3110 131 3170 in
143 3110 241 3169 divina
248 3128 347 3168 mensa
357 3128 393 3168 ne
402 3109 547 3169 humiliter
554 3109 654 3169 intenti
662 3110 754 3169 simus
765 3109 800 3168 ad
806 3111 987 3188 propositum
998 3128 1100 3186 panem
1113 3119 1141 3167 et
1153 3107 1298 3186 poculum:

101 3207 153 3267 sed
167 3207 326 3266 attollentes
341 3215 466 3265 mentem
481 3206 537 3266 lide
552 3206 742 3284 intelligamus
757 3209 843 3267 situm
865 3209 895 3266 iu
916 3226 996 3266 sacra
1013 3207 1061 3265 illa
1077 3225 1179 3264 mensa
1195 3223 1301 3282 agnum

100 3305 183 3366 illum
198 3304 255 3364 Dei
277 3304 422 3363 tollentem
444 3313 592 3381 peccatum
617 3305 727 3372 mundi,
742 3323 915 3364 rucauureuu
938 3324 957 3363 s
977 3321 1197 3363 sscsaoormus
1211 3319 1301 3361 runo·

101 3399 312 3468 Lam-niret
331 3399 449 3472 νοήσωμν
467 3401 566 3464 radebat
582 3403 624 3456 dm)
641 3418 685 3473 seps
700 3399 764 3472 ἱερᾶς
779 3402 870 3472 laisum
892 3400 1014 3472 τραπέζης
1029 3406 1073 3456 riv
1092 3399 1166 3468 ἀμνὸν
1182 3401 1228 3453 tou
1247 3399 1302 3454 deod

104 3534 112 3552 ·
136 3536 145 3553 ·
164 3536 172 3553 ·
189 3500 421 3564 salamenses„
432 3500 515 3572 ἱεςὲων
526 3501 756 3579 δυόμενον-(Μ
770 3501 860 3560 uerbo
874 3499 910 3558 de
922 3500 1079 3558 incruenta
1099 3517 1119 3557 n
1138 3496 1300 3557 sacerdoti·

103 3598 159 3657 bus
173 3595 376 3657 immolatione
399 3596 501 3656 omisit
518 3597 656 3667 Corinna,
670 3596 760 3668 mab,
775 3604 810 3656 ut
834 3597 934 3675 liquet,
947 3595 1038 3674 fide.)
1061 3604 1121 3653 “et
1141 3594 1300 3672 pretiosum

101 3695 198 3772 ipsius
211 3712 316 3771 corpus
330 3702 359 3750 et
372 3694 541 3771 sanguinem
555 3712 621 3752 vere
635 3693 863 3752 sumentes-aet
880 3696 911 3747 rt
926 3688 1008 3760 ebruc
1027 3689 1102 3746 huon
1119 3695 1188 3759 σῶμα
1205 3689 1300 3762 bsurde

102 3789 271 3862 λαμβάνοντας
281 3789 498 3860 iser—credere
513 3790 574 3848 haec
588 3808 653 3848 esse
667 3799 770 3849 nostrae
786 3789 1000 3849 resurrectionis
1015 3789 1158 3867 symbola.
1179 3789 1304 3867 Pmpter

100 3890 158 3950 hoc
171 3888 250 3949 'enim
271 3906 363 3962 neque
385 3887 505 3947 multum
526 3887 693 3964 accipimus,
708 3887 759 3946 sed
780 3887 982 3966 paruum-tui
1000 3903 1076 3943 rouro
1092 3886 1139 3959 γὰρ
1159 3891 1216 3943 οὔτε
1238 3888 1302 3942 πολὺ

98 3985 328 4058 matrimonio&
340 3984 494 4058 stipor-ut
505 3988 629 4046 sciamus
642 3985 718 4061 quod
732 4006 790 4047 non
799 3988 931 4055 satietati,
941 3986 992 4046 sed
1006 3986 1202 4046 sanctimoniae
1213 3985 1302 4045 sumi·

99 4087 196 4148 mus.”
236 4087 360 4166 Insigne
388 4105 456 4145 sane
476 4095 521 4145 est
548 4085 742 4144 testimouium
767 4085 802 4144 de
831 4085 949 4144 Christo
977 4103 1043 4144 rere
1061 4086 1092 4144 in
1113 4086 1297 4145 Sacramenta

103 4187 250 4266 praesenti,
264 4196 319 4244 eta
333 4183 526 4243 sacerdotibus
540 4183 686 4242 incruente
700 4183 857 4250 immolato,
872 4193 901 4241 et
914 4202 930 4241 a
943 4181 1075 4242 fidelibus
1089 4201 1155 4241 vere
1169 4192 1296 4258 recepto.

101 4283 186 4352 Quod
199 4294 294 4343 autem
306 4281 415 4341 dicatur
429 4280 586 4359 pauxillum
598 4275 684 4348 sumi,
696 4278 730 4337 ad
745 4298 839 4338 sacres
851 4279 963 4357 species
973 4279 1058 4338 obvio
1072 4297 1158 4337 sensu
1168 4278 1295 4344 retertur,

101 4381 151 4442 sed
165 4399 271 4461 corpus
285 4381 442 4458 pretiosum
455 4388 484 4437 et
496 4377 613 4456 sanguis
627 4389 743 4454 accepta
756 4388 959 4454 agnoscuntur,
974 4377 1059 4437 etiam
1072 4375 1125 4433 sub
1139 4373 1290 4452 speciebus
1349 4366 1352 4371 ’

471 4553 513 4620 (l)
532 4553 563 4604 ln
573 4552 634 4605 Vita
645 4548 812 4603 siloamis
823 4567 845 4602 c.
856 4552 925 4605 x'xvi.

399 4699 403 4709 ¹
466 4640 508 4708 (rt)
527 4637 560 4693 ln
570 4639 630 4694 Vita
640 4640 666 4691 S.
677 4639 796 4692 Bsmerdi
806 4655 828 4690 c.
839 4639 875 4691 ix.
