2774 5056
95 268 156 331 ooo
388 270 451 333 nn
472 268 1000 351 rmnsuasrsrtmtmonm

93 429 227 499 somniat,
241 431 281 491 ita
293 449 347 490 nec
360 447 467 509 panem
479 439 509 489 et
522 430 621 491 vinum
633 430 665 491 in
678 448 784 508 corpus
796 439 828 491 ct
839 430 1010 510 “inguinem
1025 428 1149 498 Christi,
1163 444 1287 502 quorum

93 539 161 589 sunt
174 530 257 607 signs
269 540 298 589 at
311 530 441 608 pignora,
456 528 585 589 converti
598 528 695 589 docuit
708 527 883 589 Barnardns.

132 624 222 705 Resp.
244 627 311 705 lpse
325 626 453 687 Cosinus
468 626 572 687 dubius
585 626 696 687 ridetur
709 637 806 688 utrum
820 629 923 686 concio
937 627 999 686 haec
1013 627 1051 685 sit
1064 624 1215 693 Bemardi,
1225 640 1292 683 nam

94 744 158 800 que
172 726 308 805 deinceps
328 727 397 786 citat
410 726 527 787 indubia
547 727 722 805 pronuntiat.
763 727 857 786 Nobis
879 747 896 785 a
915 727 993 804 stylo
1012 726 1187 786 suavissimo
1202 724 1293 784 sancti

93 822 211 881 Abbatis
235 823 320 901 longa
344 823 457 884 videtur
481 822 595 892 distare,
620 823 751 898 quamvis
775 823 848 883 nihil
872 824 1016 883 contineat
1039 823 1107 882 fidei
1129 822 1290 881 adversum.

93 920 211 988 Auctor,
229 922 403 995 quicumque
417 922 510 990 suerit,
526 922 556 980 in
570 920 617 980 dis
631 921 681 995 qui
695 931 811 980 vocatur
828 919 918 980 Circo
937 919 1064 981 Domini
1085 919 1243 987 disserens,
1258 917 1293 977 de

93 1016 284 1077 sacramentis
312 1019 380 1097 egit,
403 1018 459 1078 hoc
486 1019 604 1079 nomine
630 1018 825 1097 complectens
853 1019 991 1096 mysteria
1018 1017 1236 1095 redemptionis,
1265 1026 1294 1073 et

93 1113 200 1192 pedum
214 1115 362 1185 lotionem,
377 1125 407 1175 et
420 1116 593 1194 baptismum
606 1125 635 1175 et
648 1115 858 1174 cucharistiam.
901 1114 1000 1192 Coepit
1013 1115 1100 1192 igitur
1119 1113 1242 1172 dicendo
1256 1112 1292 1170 de

93 1214 228 1291 passione
252 1215 388 1273 Domini:
411 1216 536 1275 “Tanta
557 1213 701 1289 siquidem
715 1225 760 1273 cst
773 1217 815 1272 vis
829 1223 1081 1285 sacramentorum
1104 1231 1206 1275 eorum
1228 1231 1292 1286 que

93 1309 193 1371 diebus
208 1313 270 1370 istis
285 1315 458 1383 recoluntur,
472 1325 504 1371 ut
523 1314 636 1391 possint
655 1312 719 1391 ipsa
732 1330 847 1387 quoque
867 1312 981 1390 lapidea
993 1311 1124 1371 scindere
1145 1309 1243 1376 corda,
1265 1321 1294 1368 et

91 1419 192 1485 pactus
207 1428 292 1468 omne
313 1410 383 1468 licet
401 1411 523 1469 ferreum
548 1410 677 1469 emollire
698 1408 878 1469 sufficiant.”
920 1409 965 1467 Da
991 1408 1037 1467 his
1060 1409 1184 1482 loquens
1206 1408 1293 1466 utitur

90 1505 278 1565 similitudine
303 1507 401 1565 matris
424 1506 579 1584 frangentis
604 1524 694 1585 puero
717 1525 833 1574 nucem,
849 1517 978 1580 utquam
1001 1507 1030 1564 in
1051 1504 1121 1563 fidei
1142 1506 1292 1581 mysteriis

89 1604 257 1662 evolvendis
285 1605 413 1663 adhibuit
433 1605 599 1662 industriam
625 1615 852 1683 repraesentaret.
894 1605 993 1682 Pergit
1019 1602 1133 1662 dicere:
1164 1602 1293 1662 “Multa

91 1700 209 1774 quidem
225 1710 291 1759 sunt
312 1713 488 1760 sacramenta
498 1700 529 1770 ;”
551 1713 580 1759 et
592 1720 681 1775 quum
702 1702 792 1761 otium
813 1720 871 1760 non
899 1712 1066 1779 suppeteret
1087 1701 1235 1768 omnibus,
1256 1700 1292 1758 de

92 1800 182 1858 tribus
197 1810 304 1858 tantum
327 1819 358 1858 sc
373 1812 500 1859 acturum
514 1799 644 1869 affirmat,
659 1802 732 1859 inter
752 1819 816 1874 qua
831 1800 1003 1859 ablutionem
1027 1799 1132 1877 pedum
1148 1811 1290 1858 recenset.

94 1898 245 1957 Premittit
256 1899 400 1957 notionem
412 1899 572 1977 generalem
584 1899 771 1967 sacramenti,
783 1913 923 1973 quatenus
935 1898 980 1956 his
992 1898 1154 1965 conveniat,
1166 1910 1196 1956 et
1205 1899 1293 1957 utitur

92 1994 191 2052 annuli
205 1995 341 2071 imagine,
356 2004 387 2052 ut
401 1994 509 2072 majora
521 1995 604 2053 nobis
620 2013 738 2053 munera
751 1994 812 2053 dari
826 1994 936 2062 doceat,
952 1998 1038 2069 quam
1052 1995 1180 2052 extarios
1196 1993 1293 2052 viden-

92 2102 148 2149 tur.
189 2091 378 2149 Eucharistiae
404 2090 530 2149 divinam
557 2092 699 2160 virtutem,
721 2101 872 2168 postquam
896 2089 931 2149 de
952 2091 1096 2168 baptismo
1116 2103 1225 2167 egerat,
1246 2090 1291 2148 his

91 2188 214 2248 declarat
229 2190 340 2247 verbis:
364 2189 454 2247 “Sed
468 2188 534 2263 quis
550 2190 653 2267 poterit
666 2200 723 2248 tarn
737 2188 841 2248 efferos
858 2200 953 2248 motus
967 2189 1120 2266 frangeret
1142 2190 1210 2263 quis
1225 2207 1291 2266 pru·

91 2287 177 2347 ritum
191 2285 295 2345 ulceris
309 2286 395 2364 hujus
410 2285 481 2344 ferre
496 2265 604 2358 questi
640 2284 786 2344 confidite
800 2285 868 2358 quia
882 2295 911 2344 et
924 2287 954 2345 in
975 2285 1031 2344 hoc
1044 2285 1133 2363 gratia
1147 2287 1292 2352 subvenit,

93 2397 122 2443 et
134 2394 166 2442 ut
179 2385 272 2443 securi
287 2385 359 2451 aitis,
375 2383 544 2442 sacramenti
557 2383 702 2442 Dominici
718 2383 845 2459 corporis
858 2395 887 2441 et
900 2382 1049 2460 sanguinis
1063 2383 1184 2460 pretiosi
1198 2383 1294 2442 iuves

91 2481 207 2539 tituram
223 2481 342 2538 habetis.
373 2481 440 2539 Duo
453 2479 531 2538 enim
545 2477 616 2538 illud
631 2479 846 2538 Sacramentum
858 2489 991 2556 operatur
1003 2479 1032 2538 in
1047 2479 1149 2537 nobis:
1173 2491 1204 2538 ut
1215 2479 1294 2538 vide-

93 2572 159 2630 licet
173 2585 201 2630 et
216 2593 333 2630 sensum
349 2574 458 2630 minuat
473 2574 501 2631 in
517 2572 655 2641 minimis,
666 2572 737 2640 etin
752 2573 928 2648 gravioribus
944 2573 1067 2648 peccatis
1079 2572 1159 2630 tollat
1172 2573 1293 2631 omnino

95 2690 278 2729 consensum.
322 2671 354 2728 Si
369 2671 433 2743 quis
448 2683 574 2728 vestrum
587 2690 644 2728 non
659 2680 715 2727 tam
731 2689 809 2747 saepe
824 2670 921 2737 modo,
931 2690 988 2728 non
1004 2681 1060 2728 tam
1076 2672 1194 2729 acerbos
1206 2673 1294 2730 sentit

93 2766 244 2825 iracundiae
259 2778 362 2832 motus,
373 2765 633 2832 invidiae,luxuriae,
642 2776 689 2823 aut
700 2779 866 2824 coeterorum
878 2766 1058 2843 hujusmodi:
1073 2785 1200 2825 GRATIAS
1212 2786 1293 2826 soar

93 2882 219 2923 coruom
234 2882 274 2921 un
288 2881 429 2921 snucurru
447 2862 571 2931 Douma,
587 2863 722 2936 quoniam
737 2863 824 2921 virtus
841 2865 1016 2922 sacramenti
1032 2876 1165 2941 operatur
1186 2866 1215 2923 in
1239 2884 1291 2923 eo:

92 2973 121 3021 et
140 2962 261 3039 gaudeat
281 2961 357 3034 quod
387 2962 545 3037 pessimum
569 2963 651 3020 ulcus
674 2962 790 3020 accedat
811 2963 845 3021 ad
871 2962 1055 3021 sanitatem.”
1099 2963 1208 3036 Liquet
1229 2964 1292 3022 haec

93 3062 222 3138 apprime
237 3079 364 3119 consona
377 3079 441 3117 esse
455 3060 596 3119 catholico
611 3060 745 3137 dogmati.
789 3061 873 3129 Quod
889 3063 913 3120 si
929 3062 992 3135 quis
1007 3062 1160 3120 contendat
1173 3064 1291 3140 signum

93 3178 152 3218 are
168 3179 184 3216 a
199 3158 343 3217 Bernardo
367 3158 514 3234 distingui,
536 3158 607 3216 nulli
629 3177 832 3236 repugnamus,
856 3178 944 3234 quum
966 3171 1090 3218 externae
1112 3179 1176 3232 quae
1197 3161 1292 3219 oculis

91 3260 276 3317 obversantur
291 3257 403 3334 species
418 3257 545 3333 corporis
561 3268 588 3314 et
602 3258 749 3335 sanguinis
761 3259 844 3336 signa
855 3261 913 3317 sint
926 3271 955 3317 et
969 3258 1119 3319 velamina.
1143 3259 1293 3319 Caeterum

93 3357 315 3417 inverecundum
341 3367 385 3415 est
409 3356 587 3416 Bernardum
614 3356 817 3434 Berengariani
845 3358 947 3416 erroris
972 3358 1114 3417 vindicem
1140 3359 1292 3429 exhibere,

90 3476 178 3532 quum
200 3456 266 3515 fidei
288 3455 382 3514 studio
403 3456 544 3522 claruerit,
556 3455 745 3513 Pontificibus
768 3465 798 3514 et
822 3457 872 3514 toti
895 3456 1036 3515 Ecclesia
1060 3455 1125 3515 ideo
1148 3462 1293 3534 acceptis·

93 3556 193 3614 simus.

134 3655 200 3709 184.
226 3650 292 3729 ooj.
307 3657 356 3708 22.
378 3651 412 3709 In
426 3651 565 3708 concione
579 3649 614 3708 de
629 3651 825 3727 purificatione
841 3651 875 3709 B.
892 3650 992 3710 Mariae
1013 3652 1154 3729 Virginis,
1169 3653 1294 3712 Bernar-

93 3749 147 3806 dus
161 3747 229 3804 dicit
249 3758 381 3823 “corpus
405 3747 514 3804 Christi
535 3746 565 3805 in
580 3747 764 3805 sacramento
778 3748 873 3805 cibum
888 3766 953 3806 esse
968 3749 1080 3815 animae,
1097 3767 1155 3807 non
1171 3751 1291 3818 ventris,

93 3845 214 3916 ideoque
229 3862 281 3900 nos
303 3862 368 3901 eum
390 3843 465 3900 haud
487 3842 656 3901 manducare
678 3844 872 3920 corporaliter,
887 3844 936 3903 sed
959 3863 1017 3916 quo
1032 3859 1114 3921 pacto
1130 3846 1193 3921 ipse
1209 3847 1292 3904 cibus

92 3957 146 4012 cst,
160 3964 177 4000 a
191 3942 273 4000 nobis
287 3941 502 4001 manducatur.”
526 3942 597 4000 Item
619 3941 649 4000 in
669 3961 802 4001 sermone
817 3942 852 4000 de
868 3943 899 4001 S.
917 3943 1041 4001 Martino
1053 3942 1157 4000 docet:
1182 3953 1202 3980 ‘⁴
1213 3945 1291 4018 quod

92 4059 183 4114 usqua
199 4038 283 4095 hodie
298 4039 396 4097 eadem
411 4058 478 4097 caro
492 4038 586 4106 nobis,
602 4038 653 4096 sed
676 4039 860 4117 spiritualiter
874 4040 983 4114 utique,
998 4059 1055 4099 non
1071 4041 1223 4101 carnaliter
1243 4062 1292 4102 ex·

92 4133 253 4197 hibentur.’'
288 4134 485 4195 ItaCosinus.
739 4113 756 4151 ⁰

131 4234 220 4312 Resp.
244 4231 326 4290 Nihil
341 4231 506 4308 hujusmodi
523 4231 552 4290 in
568 4232 692 4305 qualibet
706 4233 845 4291 Bernardi
859 4233 894 4292 de
910 4235 1107 4311 purificatione
1123 4235 1159 4293 B.
1177 4237 1289 4304 Mariae,

93 4333 241 4396 concione,
254 4329 401 4404 diligenter
417 4329 482 4386 licet
493 4329 652 4405 legentibus
664 4330 745 4388 nobis
761 4332 879 4408 contigit
892 4333 1039 4408 reperire.¹
1061 4331 1147 4398 Quod
1161 4334 1218 4393 alio
1227 4334 1289 4392 loco

93 4431 195 4490 (licitur
216 4447 254 4487 ex
277 4437 410 4485 contextu
436 4426 518 4484 facile
541 4427 716 4505 intelligitur.
758 4428 792 4487 ln
817 4430 864 4487 illa
885 4430 1017 4507 Apostoli
1046 4431 1149 4488 verba:
1174 4432 1287 4491 “Jesus

159 4605 201 4672 (1)
220 4603 304 4655 Editio
312 4618 361 4668 qua
371 4603 462 4653 utimur
473 4617 574 4667 operum
586 4601 702 4654 Bemardi
712 4613 750 4656 eat
760 4604 868 4656 Colonia
879 4604 1021 4671 Agrippina
1032 4621 1099 4656 anno
1111 4623 1227 4658 arnam.
