2774 5056
90 298 179 370 aa*
278 317 335 377 nn
355 317 467 385 sous
486 315 541 376 an
560 314 807 378 sararsnun
829 316 1103 380 necessarus.
1231 370 1238 385 .

89 499 191 568 typum
204 492 320 571 impleat
332 502 467 560 veterem,
481 510 519 551 ex
529 493 618 570 grstia
637 493 761 571 Spiritus
775 495 883 564 Sancti,
899 514 962 569 quea
977 514 1058 570 squae-
1072 493 1162 553 veluti
1178 491 1280 551 adneo·

90 586 167 656 titur,
188 589 239 657 fit3
260 608 313 648 neo
332 589 408 647 enim
431 606 548 648 neeesse
572 599 616 648 est
635 600 666 649 ut
684 608 732 649 res
742 591 806 668 ipsa
825 590 898 650 nihil
918 592 1049 651 sensibus
1071 589 1186 668 objiciat
1206 602 1280 667 typo

89 684 195 743 sirnile.

131 787 179 840 bt).
205 781 271 862 Obj.
289 786 336 841 18.
357 781 463 841 Paulus
477 781 611 860 gloriatur
623 801 655 842 se
669 802 776 861 pausos
787 784 959 862 baptizasse,
975 802 1063 859 seque
1077 783 1196 843 omnino
1207 779 1282 841 haud

92 879 213 938 missurn
236 900 252 937 a
266 879 394 938 Domino
408 888 439 936 ut
452 879 608 957 baptizaret
621 880 689 940 dicit
701 900 709 939 a
731 890 752 918 ⁴⁶
766 881 878 940 Gratias
893 902 947 961 ago
966 881 1031 941 Deo
1046 881 1123 956 quod
1137 881 1281 938 neminem

91 985 214 1034 vestrum
239 977 391 1053 baptizavi,
417 976 473 1034 nisi
498 976 635 1055 Crispum
649 988 678 1036 et
692 977 816 1037 caium:
848 1021 856 1036 .
890 1021 898 1037 .
930 1021 938 1037 .
971 978 1113 1057 baptizavi
1138 988 1282 1037 autemst

91 1074 242 1151 Stephanae
255 1073 391 1132 mnium:
413 1085 546 1132 ueterum
567 1075 666 1133 neseio
689 1075 815 1148 siquem
842 1076 929 1134 alium
954 1068 1170 1153 baptizaverim.
1212 1074 1281 1132 Non

90 1170 166 1230 enim
181 1171 259 1230 misit
273 1189 319 1230 me
333 1170 466 1229 Christus
480 1171 634 1249 baptizare,
649 1171 699 1230 sed
708 1173 951 1250 evangelizare.”¹
991 1173 1075 1240 Quod
1087 1173 1176 1250 igitur
1197 1189 1281 1247 quos·

89 1266 154 1327 dam
167 1286 240 1341 aqua
253 1267 381 1335 abluerit,
392 1267 496 1326 laetum
507 1277 552 1326 est
564 1287 602 1327 ex
615 1268 899 1338 eadsmoeoonomia,
915 1270 1052 1343 queritas
1066 1269 1136 1328 alios
1147 1268 1281 1347 judaicos

90 1366 126 1425 ad
139 1375 253 1443 tempus
267 1366 438 1425 servaverit:
460 1365 537 1440 quod
549 1365 584 1424 de
598 1368 707 1425 coeteris
722 1368 868 1445 Apostolis
880 1369 984 1446 pariter
997 1366 1150 1426 dicendum
1165 1378 1220 1425 est.

131 1464 218 1542 Resp.
240 1464 339 1530 Quum
363 1463 507 1523 Corinthii
530 1465 652 1542 partiam
676 1465 771 1525 studio
795 1466 1000 1534 scinderentur,
1014 1465 1077 1525 aliis
1091 1466 1185 1534 Pauli,
1209 1464 1275 1524 aliis

91 1562 206 1640 Apollo,
221 1562 283 1620 aliis
300 1560 420 1640 Cephe,
437 1563 500 1621 aliis
522 1561 631 1622 Christi
651 1583 682 1622 so
703 1563 859 1642 discipulos
872 1565 1081 1642 proliteutibus,l
1094 1560 1282 1623 veliementer

90 1678 140 1718 eos
164 1658 307 1736 redarguit
328 1659 446 1726 Paulus,
458 1660 558 1733 eisque
580 1660 611 1719 in
637 1661 803 1720 memoriam
818 1671 931 1720 revocat
945 1661 1055 1720 Christi
1076 1661 1208 1729 nomine,
1223 1678 1281 1719 non

89 1775 154 1823 suo,
166 1774 216 1814 eos
231 1774 296 1814 esse
309 1756 466 1832 baptizatos
482 1776 489 1815 :
513 1766 532 1793 “
542 1757 661 1816 Disisus
675 1771 720 1816 est
733 1758 892 1817 Christus?
931 1757 1081 1832 Numquid
1102 1757 1211 1816 Paulus
1223 1776 1283 1816 uru-

90 1854 193 1911 oifixus
220 1863 263 1911 est
289 1872 340 1930 pro
360 1852 465 1911 sobisl
487 1861 535 1912 aut
558 1854 589 1913 in
610 1855 728 1914 uomina
748 1854 831 1914 Pauli
845 1855 980 1932 baptizati
1008 1853 1122 1914 ostisi”
1166 1854 1284 1937 Gratias

90 1949 176 2026 igitur
202 1951 260 2027 agit
280 1949 344 2008 Deo
369 1968 401 2008 se
423 1968 528 2027 paucos
551 1951 659 2010 exiliis
681 1952 864 2029 baptizasset
885 1960 953 2010 “ne
968 1951 1034 2024 quis
1056 1950 1133 2010 dioat
1156 1940 1286 2025 quodiu

91 2047 209 2105 nomine
223 2065 287 2105 meo
302 2046 435 2123 baptizati
447 2046 550 2106 estis.”
592 2047 631 2106 Se
645 2055 738 2106 autem
749 2047 783 2105 ad
797 2046 1051 2125 evangelizandum
1063 2047 1195 2114 missum,
1210 2045 1287 2105 hand

90 2143 127 2202 sd
149 2142 362 2220 baptizandum,
377 2142 455 2210 dieit,
469 2142 538 2216 quia
557 2142 637 2202 Deus
651 2143 740 2203 soluit
753 2145 815 2221 ejus
837 2163 924 2222 opera
937 2145 967 2202 in
987 2142 1168 2221 prudiusuda
1190 2144 1287 2203 Esau·

91 2241 161 2320 getii
175 2242 290 2301 veritate
304 2241 461 2320 presertim
475 2240 527 2311 uti,
538 2259 627 2316 quum
638 2241 687 2300 alii
700 2252 819 2320 possent
828 2242 1002 2320 baptismum
1026 2242 1195 2301 ministrare.
1220 2241 1287 2300 *sie

91 2337 266 2398 Petrusaliis
276 2337 456 2397 demandavit
469 2356 574 2398 munus
584 2338 746 2414 baptizandi
756 2338 922 2399 Oomeliurn
937 2358 1004 2399 oum
1013 2339 1090 2399 suis:
1107 2339 1222 2417 “jussit
1235 2356 1286 2398 eos
1321 2384 1324 2391 .

93 2437 279 2516 baptizari.”¹
305 2437 415 2499 Omnes
428 2437 463 2496 sd
478 2455 551 2511 quos
564 2438 679 2515 scripsit
686 2438 792 2498 Paulus
804 2439 961 2516 baptizatos
976 2438 1064 2497 luisse
1076 2438 1167 2512 liquet
1177 2458 1185 2506 3
1197 2456 1287 2513 worn

94 2547 293 2612 argrrmentum
315 2553 352 2593 ex
366 2532 483 2593 nomine
497 2534 573 2592 illins
587 2535 618 2592 iu
631 2553 689 2607 quo
702 2534 837 2611 baptizati
852 2547 927 2601 sunt,
938 2535 1006 2593 alias
1018 2554 1077 2594 non
1089 2533 1288 2594 haboret'vim.

94 2632 195 2708 lpsum
210 2644 303 2690 autem
318 2632 449 2689 antelios
464 2631 618 2708 Apostolos
631 2631 789 2689 oeeouomia
799 2640 829 2688 et
841 2629 1015 2708 indulgentia
1025 2650 1091 2709 erga
1104 2631 1220 2691 Judaos
1235 2632 1289 2691 hae

92 2731 122 2788 in
144 2747 175 2787 re
201 2748 270 2788 usos
293 2729 371 2788 nullo
393 2727 564 2787 documento
585 2727 752 2797 ostenditur,
776 2747 864 2802 quum
886 2729 956 2788 ritus
980 2748 1038 2789 non
1065 2730 1136 2789 soret
1154 2729 1288 2808 judaiuns

94 2826 225 2884 homines
241 2826 357 2884 abluero
379 2844 462 2899 aqua,
484 2825 572 2884 tribus
586 2824 691 2883 divinis
712 2827 844 2902 personis
858 2827 1014 2896 iurooatis3
1036 2836 1065 2885 et
1075 2827 1206 2904 Apostoli
1218 2846 1287 2886 oon·

96 2933 203 2982 stanter
217 2943 281 2982 eum
297 2922 523 2982 commendarint
535 2923 622 2982 veluti
636 2918 789 2996 unicuique
801 2942 917 3000 prorsus
931 2925 1141 2984 necessarium:
1163 2934 1183 2962 ⁴⁶
1192 2925 1290 2985 Poeui-

96 3023 210 3080 teutism
226 3022 312 3098 agite,
327 3035 355 3079 et
369 3021 526 3098 baptizetur
540 3022 735 3095 unusquisque
748 3031 873 3080 vestrum
885 3023 913 3080 in
925 3023 1040 3081 nomine
1054 3022 1125 3082 Jesu
1137 3021 1246 3082 Christi
1260 3024 1289 3082 in

95 3120 292 3177 remissionem
306 3128 484 3196 peecatorum
498 3129 655 3178 vestrorum
667 3138 675 3188 3
689 3119 872 3196 etaecipietis
887 3119 994 3179 donum
1008 3120 1131 3198 Spiritus
1147 3119 1290 3203 Sanotist’f

94 3215 138 3274 lte
171 3215 318 3292 respondit
344 3214 446 3274 Petrus
472 3215 582 3274 Judaais
607 3216 797 3289 quarentibus
823 3214 893 3290 quid
920 3217 975 3275 sibi
1001 3216 1162 3277 faciendum
1190 3229 1277 3278 esset.

96 3311 295 3389 Objeutionem
310 3313 422 3380 hanua
436 3311 554 3389 Osjanis
568 3312 638 3371 olim
652 3312 800 3390 prolatam,
816 3313 949 3389 preclare
964 3313 1049 3373 solvit
1068 3289 1287 3374 Tertullianus:

97 3407 184 3466 “Sed
200 3407 235 3466 de
250 3409 314 3486 ipso
328 3407 468 3486 apostolo
481 3408 639 3475 revolvunt,
654 3407 731 3482 quod
744 3408 857 3477 dixerit,
873 3408 943 3468 Non
956 3410 1036 3469 enim
1048 3429 1095 3468 me
1109 3410 1143 3468 ad
1158 3411 1289 3489 tinguen-

97 3503 166 3566 dum
181 3505 314 3565 Christus
329 3505 416 3574 misit,
431 3507 513 3580 quasi
528 3505 757 3583 boeargumento
768 3506 926 3583 baptismus
941 3506 1090 3566 adimatur.
1132 3505 1197 3566 Our
1207 3510 1286 3569 euim

99 3603 183 3661 tinxit
197 3603 302 3662 Gaium
318 3615 346 3662 et
360 3603 507 3681 Crispum,
522 3611 551 3662 et
564 3601 717 3681 Stephane
738 3602 877 3663 domurnl
899 3623 1069 3679 quamquam
1085 3605 1138 3662 atsi
1151 3624 1208 3664 nun
1223 3625 1291 3667 eum

96 3699 213 3756 miserat
224 3697 357 3757 Christus
369 3699 403 3758 ad
414 3699 610 3776 tinguendum,
625 3710 720 3760 umen
734 3700 797 3758 aliis
807 3701 953 3777 Apostolis
962 3711 1134 3779 preceperat
1148 3702 1290 3780 tinguere.

97 3797 206 3855 Verum
221 3796 283 3854 hoeo
297 3816 348 3874 pro
362 3795 524 3856 conditione
539 3807 605 3856 tuuo
620 3799 755 3876 temporis
769 3797 804 3857 ad
819 3798 985 3858 Corinthios
999 3801 1105 3877 soripta
1118 3809 1194 3868 sunt,
1219 3820 1285 3861 oum

98 3892 253 3950 soliismata
267 3901 295 3950 et
308 3892 502 3954 dissensiones
513 3893 586 3952 inter
598 3893 662 3953 illos
676 3895 870 3963 movebantur,
884 3893 953 3954 dum
968 3895 1040 3953 alius
1055 3897 1145 3955 Paulo
1159 3896 1288 3974 deputat,

98 3989 171 4048 alius
186 3988 300 4065 Apollo.
340 3990 461 4065 Propter
474 3989 554 4063 quod
567 3982 703 4067 pacificus
718 3991 883 4068 Apostolus,
898 4010 934 4051 na
948 3992 1012 4050 sibi·
1024 3993 1120 4052 omnis
1134 3992 1290 4053 defendero

98 4085 251 4155 videretur,
267 4106 323 4146 non
337 4087 373 4146 ad
387 4087 572 4166 tinguendum
592 4090 630 4147 ait
644 4108 675 4150 sa
689 4090 820 4158 missum,
835 4089 886 4149 sed
900 4089 935 4150 ad
949 4091 1171 4169 predicandum.
1213 4093 1292 4158 Nam

494 4362 536 4429 (l)
555 4361 575 4412 1.
587 4360 644 4412 Cor.
656 4362 673 4413 i.
687 4364 726 4414 lt

411 4496 415 4503 ,
497 4447 537 4512 (t)
555 4446 611 4497 Aet.
622 4462 647 4496 x.
658 4447 700 4496 ts.

495 4533 535 4600 (8)
555 4532 604 4583 Act
614 4532 641 4585 ii.
650 4537 690 4586 88.
