2774 5056
144 316 200 374 tet
436 308 492 374 DE
514 304 1038 372 Thsnsnnst'unrtnrlotttt.

141 475 243 536 hiwort
265 480 285 512 ‘⁴
295 472 416 533 Diaconi
440 489 544 549 panem
560 480 589 529 et
602 471 699 530 vinum
714 482 743 528 et
762 488 865 544 aquam
889 468 1037 543 inquibus
1060 468 1157 546 gratiae
1170 474 1242 525 actae
1259 476 1343 535 sunt,

141 573 294 645 unicuique
308 569 490 648 praesentium
504 567 697 646 participanda
708 565 912 626 distribuunt.”
952 566 1007 624 Vis
1021 565 1101 623 vocis
1115 564 1192 622 illius
1205 567 1345 633 δυκοριςη-

138 676 346 746 >swa-prout
358 685 394 725 eo
406 667 462 725 loci
476 666 633 733 adhibetur,
648 664 747 724 eadem
761 666 879 723 omnino
890 672 937 722 est
949 683 982 722 ac
996 661 1218 731 ‘consecratus’
1241 664 1285 721 nti
1299 680 1345 722 ex

140 767 177 827 iis
191 784 253 841 que
267 765 302 823 de
316 764 447 841 precibus
462 773 491 823 at
503 762 672 821 eucharistia
685 762 804 830 dixerat,
819 762 925 836 liquet:
940 763 1187 831 ἐυκαριςιανὺηερτυ
1198 758 1343 830 metm·

139 871 182 928 δαι
203 867 281 919 cirus
298 869 348 930 aad
359 860 419 917 haec
434 862 479 919 tm
498 875 560 915 acto
577 865 698 915 nentem:
719 859 947 919 “eucharistiam
969 878 1022 936 pro
1046 859 1092 916 his
1107 860 1142 916 ab
1155 876 1192 916 eo
1205 859 1349 935 acceptis*

140 960 223 1022 donis
237 960 345 1040 prolixa
359 958 540 1035 exequitur.”
575 960 644 1018 Non
657 959 742 1036 igitur
756 972 858 1035 panem
873 956 1041 1034 simpliciter
1055 967 1148 1025 vocat,
1160 955 1214 1014 sed
1224 974 1338 1034 panem

139 1069 345 1120 consecratum.
387 1057 473 1116 Fallit
486 1057 570 1116 etiarn
586 1055 805 1124 Castrandum
820 1072 919 1114 cunas
931 1063 1041 1113 nostras
1056 1072 1131 1132 pana
1143 1053 1343 1113 eucharistico

139 1157 248 1228 nutriri,
262 1155 349 1215 veluti
361 1155 477 1215 Iustino
491 1164 615 1222 auctore,
629 1154 708 1222 dicit,
723 1154 873 1213 nonenim
888 1170 923 1211 ea
935 1152 989 1211 suit
1002 1152 1069 1211 huic
1083 1171 1176 1220 mens,
1191 1150 1245 1210 sed
1256 1150 1340 1211 illam

139 1254 314 1320 alimoniam,
324 1270 362 1310 ex
373 1270 429 1326 qna
439 1252 555 1329 sanguis
566 1262 595 1310 et
605 1269 704 1309 carues
716 1260 819 1309 nostra
831 1268 882 1327 per
892 1250 1077 1309 mutationem
1087 1247 1210 1316 aluntur,
1222 1248 1343 1323 quando
1370 1298 1377 1317 .

139 1353 224 1412 luerit
234 1351 356 1411 solemni
366 1351 562 1411 benedictione
572 1363 689 1419 sacrata,
697 1368 762 1408 esse
773 1349 879 1407 dieitet
889 1366 1004 1408 carnem
1015 1358 1044 1406 et
1054 1349 1225 1425 sanguinem
1238 1346 1343 1406 Chris·

138 1451 177 1508 ti:
194 1450 350 1508 mirabilem
361 1448 470 1508 scilicet
481 1461 509 1507 et
520 1449 692 1525 singularem
701 1447 917 1506 conversionem
928 1446 990 1523 ejus
1002 1445 1186 1522 praedicarat
1197 1446 1339 1523 agnoscit.

139 1548 211 1607 Ideo
222 1547 371 1625 diligenter
381 1555 463 1605 cavet
472 1565 507 1605 ne
517 1545 582 1620 quis
593 1564 655 1605 earn
667 1565 731 1605 cum
743 1545 870 1622 corporis
882 1544 1054 1603 nutrimento
1064 1540 1231 1604 confundat:
1248 1552 1269 1581 “
1279 1543 1339 1602 Nc·

139 1663 195 1720 que
206 1647 283 1704 enim
296 1656 327 1704 ut
337 1662 518 1704 communem
534 1662 648 1720 panem,
658 1662 752 1719 neque
763 1655 794 1703 ut
804 1660 986 1702 communem
998 1652 1097 1720 potum
1109 1643 1164 1700 ista
1173 1643 1335 1711 sumimus3

106 1766 109 1773 ⁴
139 1743 189 1802 sed
205 1741 444 1817 quemadmodum
460 1759 511 1818 per
525 1740 652 1799 Verbum
667 1740 723 1800 Dei
744 1760 809 1800 caro
830 1740 920 1800 lactus
939 1739 1026 1799 iesus
1048 1737 1184 1797 Christus
1205 1738 1338 1797 Salvator

140 1851 234 1900 noster
243 1853 272 1898 et
285 1858 400 1898 caruem
410 1851 439 1899 et
452 1840 620 1918 sanguinem
634 1839 733 1898 habuit
743 1848 847 1900 nostrae
860 1839 960 1897 salutis
974 1854 1075 1909 causor
1088 1837 1131 1895 sic
1145 1837 1234 1897 etiam
1248 1836 1336 1907 illam,

139 1941 169 1999 in
183 1958 239 2014 qua
252 1956 303 2016 per
317 1956 441 2016 precam,
457 1939 547 2016 ipsius
562 1940 647 1996 verba
660 1939 863 2006 continentem,
876 1937 971 2016 gratiae
986 1948 1055 1995 actae
1067 1945 1144 2004 sunt,
1159 1935 1334 2005 alimoniam,-

139 2056 176 2097 ex
188 2056 244 2112 qua
255 2039 372 2117 sanguis
384 2047 413 2096 et
425 2055 525 2097 carues
540 2048 644 2097 nostra·
657 2056 709 2116 per
723 2038 906 2097 mutationem
920 2035 1041 2103 aluntur,
1056 2048 1225 2095 meantem
1239 2050 1336 2095 utros

137 2135 213 2196 Jnso
227 2154 266 2195 nn
280 2153 401 2195 cannara
415 2154 455 2194 nr
469 2152 642 2194 sauonrnuas
655 2154 725 2194 assu
740 2135 834 2195 edocti
848 2133 981 2193 sumus.’'
1001 2148 1046 2202 την
1057 2131 1274 2206 ethomme
1284 2141 1335 2201 aad

137 2231 197 2288 durs
208 2239 399 2303 ευχσριςηὲεισαν
410 2245 506 2302 rpem,
520 2232 547 2299 ἐξ
557 2231 584 2302 ἧς
594 2232 655 2301 αἱμα.
665 2254 709 2286 sae
720 2249 876 2303 oapxrsxorro
886 2235 1024 2301 μεταβοΜν
1032 2240 1165 2299 respueras
1175 2230 1249 2302 ἡμων,
1261 2234 1338 2285 isius

137 2337 168 2376 sa
179 2328 395 2392 memoratam
405 2328 462 2390 inca
472 2340 516 2374 sac
526 2340 602 2390 capso
613 2342 657 2376 sas
666 2321 727 2391 cipe
736 2324 899 2389 theostum
909 2322 993 2377 trm0²
1021 2317 1094 2376 Hoec
1108 2317 1182 2378 adeo
1196 2330 1264 2378 sunt
1275 2338 1337 2397 per·

138 2411 248 2488 spicua,
260 2423 291 2469 ut
304 2410 399 2469 mirari
414 2411 453 2468 sit
465 2409 484 2469 J
486 2410 612 2468 ustinum
626 2410 795 2486 mysterium
810 2411 994 2473 christianum
1007 2415 1228 2492 imperatoribus
1244 2418 1336 2477 athul-

138 2511 191 2576 cie,
205 2508 240 2566 ad
264 2527 337 2581 quos
362 2507 500 2566 vindicias
520 2507 583 2565 illas
604 2506 717 2575 direxit,
733 2519 788 2565 tarn
811 2507 884 2565 clare
907 2511 1080 2580 enuntiasse,
1104 2522 1205 2572 contra
1225 2530 1334 2572 morem

138 2607 307 2682 scriptorum
321 2606 539 2672 christianorum
554 2606 603 2676 qui
618 2606 785 2681 plerumque
798 2605 832 2662 de
847 2607 986 2666 altissimo
1001 2628 1104 2669 arcano
1116 2613 1166 2670 vix
1181 2612 1290 2686 aliquid
1301 2612 1334 2670 ad

138 2700 317 2759 ethnicorum
332 2701 481 2777 pervenire
496 2700 623 2758 notitiam
639 2701 717 2775 passi
731 2710 806 2757 sunt.

181 2802 247 2857 170.
273 2796 338 2876 obj.
355 2802 383 2855 8.
406 2797 476 2864 Qua
492 2808 602 2873 patrum
617 2799 778 2856 testimonia
794 2798 958 2870 afferuntur,
971 2804 1173 2864 eucharistiam
1188 2824 1294 2883 corpus
1308 2814 1337 2864 ct

139 2895 307 2971 sanguinem
323 2894 432 2952 Christi
447 2913 510 2952 esse
525 2895 693 2953 affirmantia
706 2896 875 2972 explicanda
893 2911 960 2957 sunt
980 2903 1087 2960 ratione
1102 2904 1334 2981 significationis,

139 3011 225 3066 quam
249 2991 354 3049 habent
376 2991 526 3058 elementa,
551 2992 607 3066 ipsi
622 2993 698 3050 enim
723 3004 815 3068 patres
830 2995 899 3052 alias
921 3015 984 3055 eam
999 3008 1102 3056 vocant
1123 3011 1334 3059 sacramentum

139 3089 266 3165 corporis
281 3098 309 3146 et
322 3089 469 3165 sanguinis
481 3087 600 3156 Christi,
613 3101 641 3146 et
654 3091 722 3147 satis
735 3109 815 3150 suam
827 3092 972 3168 explicant
981 3105 1115 3154 mentem.
1137 3097 1181 3155 Ita
1193 3098 1331 3157 Cosinus.

178 3183 267 3262 Resp.
290 3184 395 3241 Nullus
421 3203 489 3242 usus
513 3184 659 3257 loquendi,
682 3185 759 3243 nulla
780 3188 1018 3265 interpretationis
1044 3192 1092 3250 lex
1118 3193 1197 3262 sinit,
1213 3206 1248 3252 ut
1269 3211 1333 3268 quae

139 3284 232 3342 verbis
243 3283 314 3342 adeo
327 3283 485 3360 perspicuis
497 3304 512 3341 a
522 3285 738 3360 quamplurimis
748 3286 932 3362 scriptoribus
942 3290 1035 3347 omnis
1047 3291 1136 3347 aetatis
1146 3291 1334 3359 affirmantur,

138 3383 173 3441 de
188 3402 266 3441 mera
290 3383 425 3440 relatione
450 3382 525 3459 signi
546 3381 580 3439 ad
596 3401 654 3440 rem
678 3384 827 3458 signatam,
843 3386 888 3443 vei
914 3385 949 3444 de
975 3388 1076 3445 virtute
1100 3389 1228 3461 qualibet
1249 3392 1332 3468 signo

138 3480 249 3540 adnexa
271 3480 478 3556 intelligantur:
501 3482 655 3555 prasertim
682 3499 746 3538 oum
772 3494 865 3557 patrae
889 3496 1020 3560 magnam
1043 3485 1071 3542 in
1094 3504 1130 3544 eo
1145 3487 1205 3544 vim
1228 3496 1335 3564 ponant

139 3579 215 3653 quod
229 3580 398 3637 eucharistia
412 3580 449 3636 ait
463 3582 559 3655 ipsum
574 3598 677 3656 corpus
699 3588 728 3636 et
740 3581 857 3658 sanguis
873 3581 992 3649 Christi,
1009 3594 1037 3640 et
1051 3596 1252 3660 argumentum
1268 3585 1339 3644 inde·

139 3676 290 3734 desumant
303 3676 337 3734 ad
352 3676 525 3754 probandam
542 3677 673 3736 humanae
685 3688 791 3736 naturae
806 3679 916 3737 Christi
931 3681 1087 3748 veritatem,
1101 3694 1129 3738 et
1138 3682 1261 3743 futuram
1274 3702 1334 3742 cor·

139 3793 240 3852 porum
256 3787 415 3832 nostrorum
430 3777 674 3834 resurrectionem.
697 3777 783 3834 Falso
797 3778 931 3835 asseritur
945 3797 995 3835 eos
1010 3780 1076 3837 alibi
1091 3799 1173 3839 suam
1188 3783 1335 3859 explicare

140 3881 263 3928 mentem
279 3873 385 3929 ratione
400 3890 462 3944 quar
476 3871 615 3929 dictorum
632 3874 687 3930 vim
703 3873 804 3939 elevet,
818 3875 948 3946 quamvis
963 3876 1039 3933 enim
1056 3876 1091 3933 de
1107 3880 1246 3953 mysterio
1264 3880 1335 3938 adeo

140 3968 254 4027 sublimi
268 3969 426 4042 loquentes,
442 3989 490 4026 eas
505 3970 656 4042 aliquando
671 3983 806 4048 usurpent
821 3992 906 4030 voces
922 3992 984 4046 quoe
1001 3985 1132 4033 externas
1147 3979 1263 4053 species
1276 3997 1334 4036 res·

140 4066 259 4143 piciunt,
276 4065 352 4139 quod
368 4077 396 4124 et
411 4086 463 4124 nos
475 4067 606 4136 iacimus,
621 4069 692 4126 nihil
708 4068 805 4126 dicunt
819 4069 896 4141 quod
916 4089 1000 4138 verae,
1016 4073 1093 4139 reali,
1108 4086 1137 4131 et
1157 4076 1333 4135 substantiali

140 4164 309 4241 praesentiae,
325 4163 450 4236 adeoque
466 4163 588 4240 dogmati
604 4166 659 4242 ipsi
681 4167 986 4226 transubstantiationis
1008 4169 1182 4229 adversetur.
1226 4173 1330 4232 Omnia

139 4261 258 4320 feliciter
272 4260 410 4332 facileque
431 4260 574 4319 cohaerent
594 4262 725 4339 dogmate
752 4262 887 4332 admisso,
903 4276 931 4322 et
951 4284 985 4322 ea
1006 4266 1235 4328 consideratione
1257 4266 1328 4328 haud

141 4359 269 4436 neglecta
283 4359 317 4417 de
332 4359 438 4416 ratione
452 4358 586 4434 loquendi
603 4361 724 4428 diversa,
740 4373 824 4438 prout
838 4363 882 4420 vel
903 4365 1014 4440 species
1030 4377 1158 4435 externa,
1175 4369 1220 4426 vel
1235 4368 1327 4426 Sacra·

499 4553 540 4618 (l)
561 4556 682 4619 Apologia
693 4555 708 4606 i.
721 4557 780 4606 alias
791 4556 816 4606 ii.
827 4573 852 4607 n.
865 4559 905 4606 66.
