<?xml version="1.0" encoding="UTF-8"?>
<!DOCTYPE html PUBLIC "-//W3C//DTD XHTML 1.0 Transitional//EN"
    "http://www.w3.org/TR/xhtml1/DTD/xhtml1-transitional.dtd">
<html xmlns="http://www.w3.org/1999/xhtml" xml:lang="en" lang="en">
 <head>
  <title>
</title>
<meta http-equiv="Content-Type" content="text/html;charset=utf-8" />
  <meta name='ocr-system' content='tesseract 3.04.00' />
  <meta name='ocr-capabilities' content='ocr_page ocr_carea ocr_par ocr_line ocrx_word'/>
</head>
<body>
  <div class='ocr_page' id='page_1' title='image "./theologidogmati03kenrgoog_0127.png"; bbox 0 0 2774 5056; ppageno 0'>
   <div class='ocr_carea' id='block_1_1' title="bbox 145 311 970 375">
    <p class='ocr_par' dir='ltr' id='par_1_1' title="bbox 145 311 970 375">
     <span class='ocr_line' id='line_1_1' title="bbox 145 311 970 375; baseline -0.005 -2"><span class='ocrx_word' id='word_1_1' title='bbox 145 317 201 375; x_wconf 77' lang='lat'>124</span> <span class='ocrx_word' id='word_1_2' title='bbox 507 314 563 375; x_wconf 85' lang='lat' dir='ltr'>DE</span> <span class='ocrx_word' id='word_1_3' title='bbox 585 313 640 374; x_wconf 83' lang='lat' dir='ltr'>RE</span> <span class='ocrx_word' id='word_1_4' title='bbox 661 311 970 373; x_wconf 81' lang='lat' dir='ltr'>EUCHARISTIAE.</span> 
     </span>
    </p>
   </div>
   <div class='ocr_carea' id='block_1_2' title="bbox 89 467 1374 4237">
    <p class='ocr_par' dir='ltr' id='par_1_2' title="bbox 137 467 1344 1407">
     <span class='ocr_line' id='line_1_2' title="bbox 143 467 1344 546; baseline -0.003 -16"><span class='ocrx_word' id='word_1_5' title='bbox 143 474 199 532; x_wconf 88' lang='lat' dir='ltr'>sibi</span> <span class='ocrx_word' id='word_1_6' title='bbox 211 474 391 543; x_wconf 78' lang='lat' dir='ltr'>adscisceret,</span> <span class='ocrx_word' id='word_1_7' title='bbox 402 492 507 534; x_wconf 91' lang='lat' dir='ltr'>novam</span> <span class='ocrx_word' id='word_1_8' title='bbox 520 473 666 532; x_wconf 78' lang='lat' dir='ltr'>adinvenit</span> <span class='ocrx_word' id='word_1_9' title='bbox 679 472 816 530; x_wconf 89' lang='lat' dir='ltr'>rationem</span> <span class='ocrx_word' id='word_1_10' title='bbox 830 489 891 529; x_wconf 90' lang='lat' dir='ltr'>rem</span> <span class='ocrx_word' id='word_1_11' title='bbox 900 467 1063 546; x_wconf 87' lang='lat' dir='ltr'>explicandi</span> <span class='ocrx_word' id='word_1_12' title='bbox 1077 487 1085 537; x_wconf 90' lang='lat'><strong>;</strong></span> <span class='ocrx_word' id='word_1_13' title='bbox 1100 467 1151 526; x_wconf 90' lang='lat' dir='ltr'>sed</span> <span class='ocrx_word' id='word_1_14' title='bbox 1165 469 1261 527; x_wconf 89' lang='lat' dir='ltr'>verbis</span> <span class='ocrx_word' id='word_1_15' title='bbox 1272 468 1344 527; x_wconf 88' lang='lat' dir='ltr'>licet</span> 
     </span>
     <span class='ocr_line' id='line_1_3' title="bbox 144 565 1344 648; baseline -0.005 -19"><span class='ocrx_word' id='word_1_16' title='bbox 144 572 332 648; x_wconf 90' lang='lat' dir='ltr'>amplissimis</span> <span class='ocrx_word' id='word_1_17' title='bbox 341 591 421 637; x_wconf 88' lang='lat' dir='ltr'>usus,</span> <span class='ocrx_word' id='word_1_18' title='bbox 436 591 453 629; x_wconf 91' lang='lat' dir='ltr'>a</span> <span class='ocrx_word' id='word_1_19' title='bbox 466 569 594 647; x_wconf 84' lang='lat' dir='ltr'>Zuirrglii</span> <span class='ocrx_word' id='word_1_20' title='bbox 608 580 702 628; x_wconf 90' lang='lat' dir='ltr'>mcntc</span> <span class='ocrx_word' id='word_1_21' title='bbox 717 587 775 627; x_wconf 92' lang='lat' dir='ltr'>non</span> <span class='ocrx_word' id='word_1_22' title='bbox 790 569 916 626; x_wconf 82' lang='lat' dir='ltr'>recessit.</span> <span class='ocrx_word' id='word_1_23' title='bbox 939 576 959 603; x_wconf 82' lang='lat'>‘⁶</span> <span class='ocrx_word' id='word_1_24' title='bbox 970 565 1101 634; x_wconf 89' lang='lat' dir='ltr'>Primo,”</span> <span class='ocrx_word' id='word_1_25' title='bbox 1114 566 1208 639; x_wconf 89' lang='lat' dir='ltr'>inquit</span> <span class='ocrx_word' id='word_1_26' title='bbox 1226 574 1246 602; x_wconf 87' lang='lat'>“</span> <span class='ocrx_word' id='word_1_27' title='bbox 1259 566 1344 643; x_wconf 79' lang='lat' dir='ltr'>sigua</span> 
     </span>
     <span class='ocr_line' id='line_1_4' title="bbox 142 665 1341 747; baseline -0.003 -21"><span class='ocrx_word' id='word_1_28' title='bbox 142 684 209 729; x_wconf 89' lang='lat' dir='ltr'>sunt</span> <span class='ocrx_word' id='word_1_29' title='bbox 230 671 311 747; x_wconf 91' lang='lat' dir='ltr'>panis</span> <span class='ocrx_word' id='word_1_30' title='bbox 326 682 355 729; x_wconf 93' lang='lat' dir='ltr'>ct</span> <span class='ocrx_word' id='word_1_31' title='bbox 368 671 479 737; x_wconf 90' lang='lat' dir='ltr'>vinum,</span> <span class='ocrx_word' id='word_1_32' title='bbox 491 688 554 743; x_wconf 74' lang='lat' dir='ltr'>qum</span> <span class='ocrx_word' id='word_1_33' title='bbox 570 668 712 727; x_wconf 85' lang='lat' dir='ltr'>invisibile</span> <span class='ocrx_word' id='word_1_34' title='bbox 726 667 902 733; x_wconf 88' lang='lat' dir='ltr'>alimentum,</span> <span class='ocrx_word' id='word_1_35' title='bbox 918 665 994 739; x_wconf 90' lang='lat' dir='ltr'>quod</span> <span class='ocrx_word' id='word_1_36' title='bbox 1009 665 1185 742; x_wconf 84' lang='lat' dir='ltr'>percipimus</span> <span class='ocrx_word' id='word_1_37' title='bbox 1199 683 1238 723; x_wconf 88' lang='lat' dir='ltr'>cx</span> <span class='ocrx_word' id='word_1_38' title='bbox 1252 683 1341 723; x_wconf 87' lang='lat' dir='ltr'>carne</span> 
     </span>
     <span class='ocr_line' id='line_1_5' title="bbox 142 760 1340 844; baseline -0.004 -21"><span class='ocrx_word' id='word_1_39' title='bbox 142 778 170 823; x_wconf 89' lang='lat' dir='ltr'>et</span> <span class='ocrx_word' id='word_1_40' title='bbox 184 769 322 844; x_wconf 82' lang='lat' dir='ltr'>sauguine</span> <span class='ocrx_word' id='word_1_41' title='bbox 338 766 451 825; x_wconf 79' lang='lat' dir='ltr'>Christi</span> <span class='ocrx_word' id='word_1_42' title='bbox 472 766 555 825; x_wconf 91' lang='lat' dir='ltr'>nobis</span> <span class='ocrx_word' id='word_1_43' title='bbox 579 763 812 841; x_wconf 77' lang='lat' dir='ltr'>repraesentant.”</span> <span class='ocrx_word' id='word_1_44' title='bbox 837 805 844 821; x_wconf 91' lang='lat'><strong>.</strong></span> <span class='ocrx_word' id='word_1_45' title='bbox 868 804 875 820; x_wconf 88' lang='lat'><em>.</em></span> <span class='ocrx_word' id='word_1_46' title='bbox 899 805 908 822; x_wconf 88' lang='lat'><strong>.</strong></span> <span class='ocrx_word' id='word_1_47' title='bbox 931 804 939 820; x_wconf 89' lang='lat'><strong>.</strong></span> <span class='ocrx_word' id='word_1_48' title='bbox 961 762 1027 820; x_wconf 93' lang='lat' dir='ltr'>Jam</span> <span class='ocrx_word' id='word_1_49' title='bbox 1050 779 1118 838; x_wconf 85' lang='lat' dir='ltr'>ergo</span> <span class='ocrx_word' id='word_1_50' title='bbox 1141 760 1294 828; x_wconf 86' lang='lat' dir='ltr'>habemus,</span> <span class='ocrx_word' id='word_1_51' title='bbox 1310 761 1340 819; x_wconf 95' lang='lat' dir='ltr'>in</span> 
     </span>
     <span class='ocr_line' id='line_1_6' title="bbox 142 857 1341 940; baseline -0.004 -20"><span class='ocrx_word' id='word_1_52' title='bbox 142 881 228 935; x_wconf 92' lang='lat' dir='ltr'>quem</span> <span class='ocrx_word' id='word_1_53' title='bbox 243 864 329 922; x_wconf 88' lang='lat' dir='ltr'>finem</span> <span class='ocrx_word' id='word_1_54' title='bbox 345 873 454 940; x_wconf 85' lang='lat' dir='ltr'>spectet</span> <span class='ocrx_word' id='word_1_55' title='bbox 468 862 591 938; x_wconf 91' lang='lat' dir='ltr'>mystica</span> <span class='ocrx_word' id='word_1_56' title='bbox 604 862 665 919; x_wconf 86' lang='lat' dir='ltr'>haec</span> <span class='ocrx_word' id='word_1_57' title='bbox 679 860 859 918; x_wconf 85' lang='lat' dir='ltr'>benedictio:</span> <span class='ocrx_word' id='word_1_58' title='bbox 882 877 986 935; x_wconf 89' lang='lat' dir='ltr'>nempe</span> <span class='ocrx_word' id='word_1_59' title='bbox 1002 877 1059 932; x_wconf 92' lang='lat' dir='ltr'>quo</span> <span class='ocrx_word' id='word_1_60' title='bbox 1073 857 1156 916; x_wconf 90' lang='lat' dir='ltr'>nobis</span> <span class='ocrx_word' id='word_1_61' title='bbox 1177 857 1341 924; x_wconf 85' lang='lat' dir='ltr'>confirmet,</span> 
     </span>
     <span class='ocr_line' id='line_1_7' title="bbox 141 957 1339 1035; baseline -0.001 -20"><span class='ocrx_word' id='word_1_62' title='bbox 141 977 245 1034; x_wconf 89' lang='lat' dir='ltr'>corpus</span> <span class='ocrx_word' id='word_1_63' title='bbox 257 959 375 1019; x_wconf 87' lang='lat' dir='ltr'>Domini</span> <span class='ocrx_word' id='word_1_64' title='bbox 386 961 429 1018; x_wconf 93' lang='lat' dir='ltr'>sic</span> <span class='ocrx_word' id='word_1_65' title='bbox 443 978 495 1035; x_wconf 90' lang='lat' dir='ltr'>pro</span> <span class='ocrx_word' id='word_1_66' title='bbox 510 959 592 1017; x_wconf 88' lang='lat' dir='ltr'>nobis</span> <span class='ocrx_word' id='word_1_67' title='bbox 604 957 693 1016; x_wconf 89' lang='lat' dir='ltr'>semel</span> <span class='ocrx_word' id='word_1_68' title='bbox 708 976 773 1015; x_wconf 90' lang='lat' dir='ltr'>esse</span> <span class='ocrx_word' id='word_1_69' title='bbox 788 957 977 1025; x_wconf 88' lang='lat' dir='ltr'>immolatum,</span> <span class='ocrx_word' id='word_1_70' title='bbox 990 967 1022 1013; x_wconf 88' lang='lat' dir='ltr'>ut</span> <span class='ocrx_word' id='word_1_71' title='bbox 1035 974 1111 1014; x_wconf 91' lang='lat' dir='ltr'>nunc</span> <span class='ocrx_word' id='word_1_72' title='bbox 1126 973 1162 1013; x_wconf 89' lang='lat' dir='ltr'>eo</span> <span class='ocrx_word' id='word_1_73' title='bbox 1177 973 1339 1023; x_wconf 79' lang='lat' dir='ltr'>vescamur,</span> 
     </span>
     <span class='ocr_line' id='line_1_8' title="bbox 140 1053 1340 1127; baseline -0.001 -15"><span class='ocrx_word' id='word_1_74' title='bbox 140 1074 173 1113; x_wconf 90' lang='lat' dir='ltr'>ac</span> <span class='ocrx_word' id='word_1_75' title='bbox 189 1056 331 1115; x_wconf 89' lang='lat' dir='ltr'>vescendo</span> <span class='ocrx_word' id='word_1_76' title='bbox 342 1057 419 1115; x_wconf 89' lang='lat' dir='ltr'>unici</span> <span class='ocrx_word' id='word_1_77' title='bbox 429 1057 506 1114; x_wconf 91' lang='lat' dir='ltr'>illius</span> <span class='ocrx_word' id='word_1_78' title='bbox 518 1055 651 1114; x_wconf 89' lang='lat' dir='ltr'>sacrificii</span> <span class='ocrx_word' id='word_1_79' title='bbox 662 1053 819 1112; x_wconf 86' lang='lat' dir='ltr'>efficaciam</span> <span class='ocrx_word' id='word_1_80' title='bbox 834 1055 863 1111; x_wconf 91' lang='lat' dir='ltr'>in</span> <span class='ocrx_word' id='word_1_81' title='bbox 875 1053 959 1111; x_wconf 91' lang='lat' dir='ltr'>nobis</span> <span class='ocrx_word' id='word_1_82' title='bbox 969 1053 1144 1110; x_wconf 86' lang='lat' dir='ltr'>sentiamus:</span> <span class='ocrx_word' id='word_1_83' title='bbox 1167 1053 1340 1127; x_wconf 84' lang='lat' dir='ltr'>sanguinem</span> 
     </span>
     <span class='ocr_line' id='line_1_9' title="bbox 138 1147 1341 1230; baseline -0.003 -21"><span class='ocrx_word' id='word_1_84' title='bbox 138 1153 201 1228; x_wconf 90' lang='lat' dir='ltr'>ejus</span> <span class='ocrx_word' id='word_1_85' title='bbox 216 1154 258 1211; x_wconf 90' lang='lat' dir='ltr'>sic</span> <span class='ocrx_word' id='word_1_86' title='bbox 279 1172 331 1230; x_wconf 89' lang='lat' dir='ltr'>pro</span> <span class='ocrx_word' id='word_1_87' title='bbox 345 1153 429 1212; x_wconf 90' lang='lat' dir='ltr'>nobis</span> <span class='ocrx_word' id='word_1_88' title='bbox 443 1153 534 1211; x_wconf 88' lang='lat' dir='ltr'>semel</span> <span class='ocrx_word' id='word_1_89' title='bbox 548 1152 654 1220; x_wconf 89' lang='lat' dir='ltr'>susum,</span> <span class='ocrx_word' id='word_1_90' title='bbox 669 1162 700 1209; x_wconf 92' lang='lat' dir='ltr'>ut</span> <span class='ocrx_word' id='word_1_91' title='bbox 722 1151 760 1209; x_wconf 88' lang='lat' dir='ltr'>sit</span> <span class='ocrx_word' id='word_1_92' title='bbox 773 1150 855 1208; x_wconf 92' lang='lat' dir='ltr'>nobis</span> <span class='ocrx_word' id='word_1_93' title='bbox 878 1161 1033 1227; x_wconf 89' lang='lat' dir='ltr'>perpetuus</span> <span class='ocrx_word' id='word_1_94' title='bbox 1055 1147 1188 1226; x_wconf 86' lang='lat' dir='ltr'>potus.”¹</span> <span class='ocrx_word' id='word_1_95' title='bbox 1230 1148 1341 1221; x_wconf 86' lang='lat' dir='ltr'>Liquet</span> 
     </span>
     <span class='ocr_line' id='line_1_10' title="bbox 137 1247 1340 1330; baseline -0.004 -20"><span class='ocrx_word' id='word_1_96' title='bbox 137 1252 245 1310; x_wconf 88' lang='lat' dir='ltr'>nullam</span> <span class='ocrx_word' id='word_1_97' title='bbox 260 1253 364 1311; x_wconf 91' lang='lat' dir='ltr'>realem</span> <span class='ocrx_word' id='word_1_98' title='bbox 379 1252 506 1330; x_wconf 90' lang='lat' dir='ltr'>corporis</span> <span class='ocrx_word' id='word_1_99' title='bbox 521 1261 550 1310; x_wconf 92' lang='lat' dir='ltr'>et</span> <span class='ocrx_word' id='word_1_100' title='bbox 563 1250 711 1328; x_wconf 84' lang='lat' dir='ltr'>sanguinis</span> <span class='ocrx_word' id='word_1_101' title='bbox 726 1248 835 1307; x_wconf 80' lang='lat' dir='ltr'>Christi</span> <span class='ocrx_word' id='word_1_102' title='bbox 857 1249 1037 1326; x_wconf 70' lang='lat' dir='ltr'>presentiam</span> <span class='ocrx_word' id='word_1_103' title='bbox 1059 1247 1114 1306; x_wconf 87' lang='lat' dir='ltr'>hac</span> <span class='ocrx_word' id='word_1_104' title='bbox 1127 1248 1274 1306; x_wconf 87' lang='lat' dir='ltr'>sententia</span> <span class='ocrx_word' id='word_1_105' title='bbox 1287 1247 1340 1305; x_wconf 86' lang='lat' dir='ltr'>ha·</span> 
     </span>
     <span class='ocr_line' id='line_1_11' title="bbox 137 1347 451 1407; baseline 0.003 -2"><span class='ocrx_word' id='word_1_106' title='bbox 137 1347 199 1406; x_wconf 88' lang='lat' dir='ltr'>beri</span> <span class='ocrx_word' id='word_1_107' title='bbox 213 1349 242 1407; x_wconf 89' lang='lat' dir='ltr'>in</span> <span class='ocrx_word' id='word_1_108' title='bbox 260 1348 451 1407; x_wconf 84' lang='lat' dir='ltr'>Eucharistia.</span> 
     </span>
    </p>

    <p class='ocr_par' dir='ltr' id='par_1_3' title="bbox 135 1440 1341 3267">
     <span class='ocr_line' id='line_1_12' title="bbox 182 1440 1340 1521; baseline -0.003 -19"><span class='ocrx_word' id='word_1_109' title='bbox 182 1449 228 1503; x_wconf 83' lang='grc'>18.</span> <span class='ocrx_word' id='word_1_110' title='bbox 241 1445 407 1513; x_wconf 89' lang='lat' dir='ltr'>Lutherani,</span> <span class='ocrx_word' id='word_1_111' title='bbox 418 1444 519 1503; x_wconf 90' lang='lat' dir='ltr'>ducem</span> <span class='ocrx_word' id='word_1_112' title='bbox 527 1442 628 1511; x_wconf 87' lang='lat' dir='ltr'>secuti,</span> <span class='ocrx_word' id='word_1_113' title='bbox 638 1443 668 1501; x_wconf 91' lang='lat' dir='ltr'>in</span> <span class='ocrx_word' id='word_1_114' title='bbox 680 1446 847 1521; x_wconf 82' lang='lat' dir='ltr'>Augustana</span> <span class='ocrx_word' id='word_1_115' title='bbox 855 1441 1046 1510; x_wconf 85' lang='lat' dir='ltr'>consessione,</span> <span class='ocrx_word' id='word_1_116' title='bbox 1058 1440 1117 1501; x_wconf 86' lang='lat' dir='ltr'>“de</span> <span class='ocrx_word' id='word_1_117' title='bbox 1125 1460 1207 1500; x_wconf 86' lang='lat' dir='ltr'>coena</span> <span class='ocrx_word' id='word_1_118' title='bbox 1219 1440 1340 1499; x_wconf 89' lang='lat' dir='ltr'>Domini</span> 
     </span>
     <span class='ocr_line' id='line_1_13' title="bbox 138 1538 1341 1619; baseline -0.003 -18"><span class='ocrx_word' id='word_1_119' title='bbox 138 1542 243 1602; x_wconf 87' lang='lat' dir='ltr'>docent</span> <span class='ocrx_word' id='word_1_120' title='bbox 255 1542 333 1616; x_wconf 87' lang='lat' dir='ltr'>quod</span> <span class='ocrx_word' id='word_1_121' title='bbox 348 1561 451 1619; x_wconf 89' lang='lat' dir='ltr'>corpus</span> <span class='ocrx_word' id='word_1_122' title='bbox 467 1552 495 1600; x_wconf 90' lang='lat' dir='ltr'>et</span> <span class='ocrx_word' id='word_1_123' title='bbox 508 1542 625 1619; x_wconf 84' lang='lat' dir='ltr'>sanguis</span> <span class='ocrx_word' id='word_1_124' title='bbox 640 1540 749 1600; x_wconf 89' lang='lat' dir='ltr'>Christi</span> <span class='ocrx_word' id='word_1_125' title='bbox 764 1560 831 1600; x_wconf 88' lang='lat' dir='ltr'>vere</span> <span class='ocrx_word' id='word_1_126' title='bbox 845 1540 948 1609; x_wconf 85' lang='lat' dir='ltr'>adsint,</span> <span class='ocrx_word' id='word_1_127' title='bbox 963 1550 992 1598; x_wconf 90' lang='lat' dir='ltr'>et</span> <span class='ocrx_word' id='word_1_128' title='bbox 1005 1538 1207 1599; x_wconf 90' lang='lat' dir='ltr'>distribuantur</span> <span class='ocrx_word' id='word_1_129' title='bbox 1221 1557 1341 1598; x_wconf 85' lang='lat' dir='ltr'>vescen-</span> 
     </span>
     <span class='ocr_line' id='line_1_14' title="bbox 137 1635 1338 1714; baseline -0.002 -17"><span class='ocrx_word' id='word_1_130' title='bbox 137 1639 213 1697; x_wconf 92' lang='lat' dir='ltr'>tibus</span> <span class='ocrx_word' id='word_1_131' title='bbox 227 1640 258 1697; x_wconf 89' lang='lat' dir='ltr'>in</span> <span class='ocrx_word' id='word_1_132' title='bbox 272 1658 354 1697; x_wconf 85' lang='lat' dir='ltr'>coena</span> <span class='ocrx_word' id='word_1_133' title='bbox 367 1638 521 1698; x_wconf 88' lang='lat' dir='ltr'>Domini.’&#39;</span> <span class='ocrx_word' id='word_1_134' title='bbox 562 1639 696 1697; x_wconf 79' lang='lat' dir='ltr'>Attamen</span> <span class='ocrx_word' id='word_1_135' title='bbox 717 1638 905 1697; x_wconf 86' lang='lat' dir='ltr'>Melanchton</span> <span class='ocrx_word' id='word_1_136' title='bbox 918 1638 1004 1695; x_wconf 90' lang='lat' dir='ltr'>verba</span> <span class='ocrx_word' id='word_1_137' title='bbox 1025 1638 1086 1696; x_wconf 87' lang='lat' dir='ltr'>haec</span> <span class='ocrx_word' id='word_1_138' title='bbox 1100 1637 1254 1714; x_wconf 85' lang='lat' dir='ltr'>mitigavit.</span> <span class='ocrx_word' id='word_1_139' title='bbox 1269 1635 1338 1695; x_wconf 89' lang='lat' dir='ltr'>dum</span> 
     </span>
     <span class='ocr_line' id='line_1_15' title="bbox 137 1733 1338 1812; baseline -0.001 -19"><span class='ocrx_word' id='word_1_140' title='bbox 137 1735 226 1812; x_wconf 86' lang='lat' dir='ltr'>praelo</span> <span class='ocrx_word' id='word_1_141' title='bbox 241 1736 387 1795; x_wconf 84' lang='lat' dir='ltr'>mandaret</span> <span class='ocrx_word' id='word_1_142' title='bbox 400 1736 478 1795; x_wconf 85' lang='lat' dir='ltr'>illam</span> <span class='ocrx_word' id='word_1_143' title='bbox 499 1755 584 1810; x_wconf 89' lang='lat' dir='ltr'>quam</span> <span class='ocrx_word' id='word_1_144' title='bbox 606 1737 669 1812; x_wconf 89' lang='lat' dir='ltr'>ipsc</span> <span class='ocrx_word' id='word_1_145' title='bbox 694 1746 859 1795; x_wconf 85' lang='lat' dir='ltr'>exaraverat</span> <span class='ocrx_word' id='word_1_146' title='bbox 878 1734 1102 1804; x_wconf 84' lang='lat' dir='ltr'>consessionem,</span> <span class='ocrx_word' id='word_1_147' title='bbox 1117 1733 1338 1794; x_wconf 74' lang='lat' dir='ltr'>substituendos</span> 
     </span>
     <span class='ocr_line' id='line_1_16' title="bbox 138 1822 1339 1917; baseline 0.002 -29"><span class='ocrx_word' id='word_1_148' title='bbox 138 1841 158 1867; x_wconf 77' lang='lat'>⁴⁶</span> <span class='ocrx_word' id='word_1_149' title='bbox 171 1850 237 1890; x_wconf 89' lang='lat' dir='ltr'>vere</span> <span class='ocrx_word' id='word_1_150' title='bbox 264 1832 450 1917; x_wconf 79' lang='lat' dir='ltr'>exhibeantur</span> <span class='ocrx_word' id='word_1_151' title='bbox 475 1822 656 1892; x_wconf 80' lang='lat' dir='ltr'>vescentibus</span> <span class='ocrx_word' id='word_1_152' title='bbox 669 1832 699 1901; x_wconf 89' lang='lat'>;”</span> <span class='ocrx_word' id='word_1_153' title='bbox 722 1832 757 1892; x_wconf 92' lang='lat' dir='ltr'>de</span> <span class='ocrx_word' id='word_1_154' title='bbox 779 1853 835 1907; x_wconf 93' lang='lat' dir='ltr'>qua</span> <span class='ocrx_word' id='word_1_155' title='bbox 855 1833 1011 1891; x_wconf 88' lang='lat' dir='ltr'>mutatione</span> <span class='ocrx_word' id='word_1_156' title='bbox 1033 1833 1065 1890; x_wconf 90' lang='lat' dir='ltr'>in</span> <span class='ocrx_word' id='word_1_157' title='bbox 1085 1830 1260 1891; x_wconf 90' lang='lat' dir='ltr'>documento</span> <span class='ocrx_word' id='word_1_158' title='bbox 1276 1832 1339 1909; x_wconf 86' lang='lat' dir='ltr'>jam</span> 
     </span>
     <span class='ocr_line' id='line_1_17' title="bbox 136 1929 1339 2007; baseline 0.001 -20"><span class='ocrx_word' id='word_1_159' title='bbox 136 1929 245 2006; x_wconf 90' lang='lat' dir='ltr'>publici</span> <span class='ocrx_word' id='word_1_160' title='bbox 261 1930 336 2007; x_wconf 89' lang='lat' dir='ltr'>juris</span> <span class='ocrx_word' id='word_1_161' title='bbox 352 1931 435 2000; x_wconf 87' lang='lat' dir='ltr'>sacto,</span> <span class='ocrx_word' id='word_1_162' title='bbox 450 1929 555 1990; x_wconf 87' lang='lat' dir='ltr'>meritd</span> <span class='ocrx_word' id='word_1_163' title='bbox 570 1930 699 2005; x_wconf 90' lang='lat' dir='ltr'>queritur</span> <span class='ocrx_word' id='word_1_164' title='bbox 710 1929 861 1990; x_wconf 90' lang='lat' dir='ltr'>Walchius</span> <span class='ocrx_word' id='word_1_165' title='bbox 876 1949 993 1989; x_wconf 89' lang='lat' dir='ltr'>suorum</span> <span class='ocrx_word' id='word_1_166' title='bbox 1007 1929 1150 1989; x_wconf 66' lang='lat' dir='ltr'>nominc!³</span> <span class='ocrx_word' id='word_1_167' title='bbox 1177 1929 1339 1988; x_wconf 87' lang='lat' dir='ltr'>“Primum</span> 
     </span>
     <span class='ocr_line' id='line_1_18' title="bbox 139 2025 1339 2105; baseline -0.001 -21"><span class='ocrx_word' id='word_1_168' title='bbox 139 2025 246 2087; x_wconf 88' lang='lat' dir='ltr'>delevit</span> <span class='ocrx_word' id='word_1_169' title='bbox 260 2029 377 2089; x_wconf 86' lang='lat' dir='ltr'>verbum</span> <span class='ocrx_word' id='word_1_170' title='bbox 391 2027 503 2097; x_wconf 81' lang='lat' dir='ltr'>adsint,</span> <span class='ocrx_word' id='word_1_171' title='bbox 518 2047 577 2102; x_wconf 89' lang='lat' dir='ltr'>quo</span> <span class='ocrx_word' id='word_1_172' title='bbox 590 2045 658 2085; x_wconf 89' lang='lat' dir='ltr'>vera</span> <span class='ocrx_word' id='word_1_173' title='bbox 671 2047 704 2085; x_wconf 90' lang='lat' dir='ltr'>ac</span> <span class='ocrx_word' id='word_1_174' title='bbox 718 2027 800 2086; x_wconf 86' lang='lat' dir='ltr'>realis</span> <span class='ocrx_word' id='word_1_175' title='bbox 821 2027 973 2105; x_wconf 76' lang='lat' dir='ltr'>prasentia</span> <span class='ocrx_word' id='word_1_176' title='bbox 992 2027 1120 2105; x_wconf 93' lang='lat' dir='ltr'>corporis</span> <span class='ocrx_word' id='word_1_177' title='bbox 1141 2036 1170 2100; x_wconf 80' lang='lat' dir='ltr'>et</span> <span class='ocrx_word' id='word_1_178' title='bbox 1189 2026 1339 2104; x_wconf 82' lang='lat' dir='ltr'>sanguinis</span> 
     </span>
     <span class='ocr_line' id='line_1_19' title="bbox 139 2123 1338 2203; baseline -0.001 -20"><span class='ocrx_word' id='word_1_179' title='bbox 139 2124 158 2183; x_wconf 88' lang='lat' dir='ltr'><strong>J</strong></span> <span class='ocrx_word' id='word_1_180' title='bbox 160 2142 211 2183; x_wconf 91' lang='lat' dir='ltr'>esu</span> <span class='ocrx_word' id='word_1_181' title='bbox 229 2124 338 2184; x_wconf 82' lang='lat' dir='ltr'>Christi</span> <span class='ocrx_word' id='word_1_182' title='bbox 353 2125 383 2184; x_wconf 88' lang='lat' dir='ltr'>in</span> <span class='ocrx_word' id='word_1_183' title='bbox 397 2144 479 2183; x_wconf 85' lang='lat' dir='ltr'>sacra</span> <span class='ocrx_word' id='word_1_184' title='bbox 492 2144 575 2184; x_wconf 89' lang='lat' dir='ltr'>ooena</span> <span class='ocrx_word' id='word_1_185' title='bbox 588 2125 747 2201; x_wconf 88' lang='lat' dir='ltr'>significata</span> <span class='ocrx_word' id='word_1_186' title='bbox 761 2125 869 2193; x_wconf 67' lang='lat' dir='ltr'>suerat}</span> <span class='ocrx_word' id='word_1_187' title='bbox 884 2124 988 2183; x_wconf 87' lang='lat' dir='ltr'>deinde</span> <span class='ocrx_word' id='word_1_188' title='bbox 1002 2125 1144 2203; x_wconf 86' lang='lat' dir='ltr'>expunxit</span> <span class='ocrx_word' id='word_1_189' title='bbox 1158 2143 1263 2182; x_wconf 87' lang='lat' dir='ltr'>vocem</span> <span class='ocrx_word' id='word_1_190' title='bbox 1277 2123 1338 2183; x_wconf 82' lang='lat' dir='ltr'>dis·</span> 
     </span>
     <span class='ocr_line' id='line_1_20' title="bbox 139 2221 1340 2298; baseline 0.002 -18"><span class='ocrx_word' id='word_1_191' title='bbox 139 2221 326 2291; x_wconf 81' lang='lat' dir='ltr'>triduontur,</span> <span class='ocrx_word' id='word_1_192' title='bbox 353 2233 437 2298; x_wconf 87' lang='lat' dir='ltr'>atque</span> <span class='ocrx_word' id='word_1_193' title='bbox 465 2224 610 2282; x_wconf 89' lang='lat' dir='ltr'>substituit</span> <span class='ocrx_word' id='word_1_194' title='bbox 633 2222 805 2282; x_wconf 90' lang='lat' dir='ltr'>vocabulum</span> <span class='ocrx_word' id='word_1_195' title='bbox 833 2222 1036 2292; x_wconf 76' lang='lat' dir='ltr'>cohibeantur,</span> <span class='ocrx_word' id='word_1_196' title='bbox 1065 2232 1096 2282; x_wconf 92' lang='lat' dir='ltr'>ut</span> <span class='ocrx_word' id='word_1_197' title='bbox 1123 2222 1190 2281; x_wconf 88' lang='lat' dir='ltr'>inde</span> <span class='ocrx_word' id='word_1_198' title='bbox 1218 2223 1340 2283; x_wconf 86' lang='lat' dir='ltr'>oriretur</span> 
     </span>
     <span class='ocr_line' id='line_1_21' title="bbox 137 2319 1339 2397; baseline 0.001 -19"><span class='ocrx_word' id='word_1_199' title='bbox 137 2319 252 2379; x_wconf 88' lang='lat' dir='ltr'>licentia</span> <span class='ocrx_word' id='word_1_200' title='bbox 275 2339 332 2380; x_wconf 89' lang='lat' dir='ltr'>non</span> <span class='ocrx_word' id='word_1_201' title='bbox 347 2320 481 2380; x_wconf 90' lang='lat' dir='ltr'>credendi</span> <span class='ocrx_word' id='word_1_202' title='bbox 502 2321 730 2380; x_wconf 87' lang='lat' dir='ltr'>distributionem</span> <span class='ocrx_word' id='word_1_203' title='bbox 752 2320 879 2397; x_wconf 89' lang='lat' dir='ltr'>corporis</span> <span class='ocrx_word' id='word_1_204' title='bbox 900 2330 929 2378; x_wconf 90' lang='lat' dir='ltr'>ct</span> <span class='ocrx_word' id='word_1_205' title='bbox 949 2319 1096 2397; x_wconf 84' lang='lat' dir='ltr'>sanguinis</span> <span class='ocrx_word' id='word_1_206' title='bbox 1118 2319 1230 2381; x_wconf 89' lang='lat' dir='ltr'>Christi</span> <span class='ocrx_word' id='word_1_207' title='bbox 1250 2339 1339 2381; x_wconf 88' lang='lat' dir='ltr'>manu</span> 
     </span>
     <span class='ocr_line' id='line_1_22' title="bbox 138 2402 1338 2494; baseline 0 -19"><span class='ocrx_word' id='word_1_208' title='bbox 138 2417 262 2476; x_wconf 87' lang='lat' dir='ltr'>ministri</span> <span class='ocrx_word' id='word_1_209' title='bbox 286 2417 399 2486; x_wconf 83' lang='lat' dir='ltr'>lectam,</span> <span class='ocrx_word' id='word_1_210' title='bbox 416 2418 463 2476; x_wconf 90' lang='lat' dir='ltr'>vel</span> <span class='ocrx_word' id='word_1_211' title='bbox 474 2402 593 2477; x_wconf 50' lang='lat' dir='ltr'>&#39;ratione</span> <span class='ocrx_word' id='word_1_212' title='bbox 607 2416 839 2477; x_wconf 85' lang='lat' dir='ltr'>manducantium</span> <span class='ocrx_word' id='word_1_213' title='bbox 860 2427 890 2475; x_wconf 94' lang='lat' dir='ltr'>ct</span> <span class='ocrx_word' id='word_1_214' title='bbox 909 2416 1077 2484; x_wconf 90' lang='lat' dir='ltr'>bibentium,</span> <span class='ocrx_word' id='word_1_215' title='bbox 1091 2416 1153 2474; x_wconf 87' lang='lat' dir='ltr'>sive</span> <span class='ocrx_word' id='word_1_216' title='bbox 1174 2416 1233 2474; x_wconf 90' lang='lat' dir='ltr'>siut</span> <span class='ocrx_word' id='word_1_217' title='bbox 1246 2415 1338 2494; x_wconf 84' lang='lat' dir='ltr'>digni,</span> 
     </span>
     <span class='ocr_line' id='line_1_23' title="bbox 138 2513 1338 2593; baseline 0.002 -23"><span class='ocrx_word' id='word_1_218' title='bbox 138 2514 200 2571; x_wconf 91' lang='lat' dir='ltr'>sive</span> <span class='ocrx_word' id='word_1_219' title='bbox 215 2514 335 2592; x_wconf 87' lang='lat' dir='ltr'>indigni,</span> <span class='ocrx_word' id='word_1_220' title='bbox 349 2515 456 2575; x_wconf 86' lang='lat' dir='ltr'>oralem</span> <span class='ocrx_word' id='word_1_221' title='bbox 472 2516 729 2593; x_wconf 88' lang='lat' dir='ltr'>participationem.</span> <span class='ocrx_word' id='word_1_222' title='bbox 771 2515 858 2587; x_wconf 87' lang='lat' dir='ltr'>Atqui</span> <span class='ocrx_word' id='word_1_223' title='bbox 873 2513 934 2572; x_wconf 82' lang='lat' dir='ltr'>hac</span> <span class='ocrx_word' id='word_1_224' title='bbox 948 2526 1015 2572; x_wconf 88' lang='lat' dir='ltr'>suut</span> <span class='ocrx_word' id='word_1_225' title='bbox 1025 2514 1167 2590; x_wconf 89' lang='lat' dir='ltr'>imprimis</span> <span class='ocrx_word' id='word_1_226' title='bbox 1179 2524 1338 2582; x_wconf 89' lang='lat' dir='ltr'>momenta,</span> 
     </span>
     <span class='ocr_line' id='line_1_24' title="bbox 138 2609 1338 2687; baseline 0.002 -20"><span class='ocrx_word' id='word_1_227' title='bbox 138 2610 291 2683; x_wconf 91' lang='lat' dir='ltr'>dequibus</span> <span class='ocrx_word' id='word_1_228' title='bbox 314 2613 342 2669; x_wconf 89' lang='lat' dir='ltr'>iu</span> <span class='ocrx_word' id='word_1_229' title='bbox 359 2611 489 2670; x_wconf 87' lang='lat' dir='ltr'>doctrina</span> <span class='ocrx_word' id='word_1_230' title='bbox 512 2611 547 2669; x_wconf 92' lang='lat' dir='ltr'>dc</span> <span class='ocrx_word' id='word_1_231' title='bbox 562 2631 643 2669; x_wconf 88' lang='lat' dir='ltr'>sacra</span> <span class='ocrx_word' id='word_1_232' title='bbox 663 2631 745 2668; x_wconf 86' lang='lat' dir='ltr'>coena</span> <span class='ocrx_word' id='word_1_233' title='bbox 764 2612 903 2668; x_wconf 90' lang='lat' dir='ltr'>internos</span> <span class='ocrx_word' id='word_1_234' title='bbox 927 2631 959 2669; x_wconf 91' lang='lat' dir='ltr'>ac</span> <span class='ocrx_word' id='word_1_235' title='bbox 978 2611 1145 2669; x_wconf 86' lang='lat' dir='ltr'>reformatos</span> <span class='ocrx_word' id='word_1_236' title='bbox 1167 2609 1338 2687; x_wconf 88' lang='lat' dir='ltr'>disputatur,</span> 
     </span>
     <span class='ocr_line' id='line_1_25' title="bbox 137 2706 1338 2784; baseline 0.003 -21"><span class='ocrx_word' id='word_1_237' title='bbox 137 2707 272 2764; x_wconf 89' lang='lat' dir='ltr'>nimirum</span> <span class='ocrx_word' id='word_1_238' title='bbox 288 2706 323 2764; x_wconf 88' lang='lat' dir='ltr'>de</span> <span class='ocrx_word' id='word_1_239' title='bbox 345 2726 421 2774; x_wconf 87' lang='lat' dir='ltr'>vera,</span> <span class='ocrx_word' id='word_1_240' title='bbox 437 2708 517 2776; x_wconf 92' lang='lat' dir='ltr'>reali,</span> <span class='ocrx_word' id='word_1_241' title='bbox 532 2707 708 2765; x_wconf 88' lang='lat' dir='ltr'>substantiali</span> <span class='ocrx_word' id='word_1_242' title='bbox 731 2708 882 2783; x_wconf 79' lang='lat' dir='ltr'>praesentia</span> <span class='ocrx_word' id='word_1_243' title='bbox 903 2710 1031 2784; x_wconf 89' lang='lat' dir='ltr'>corporis</span> <span class='ocrx_word' id='word_1_244' title='bbox 1045 2718 1073 2766; x_wconf 92' lang='lat' dir='ltr'>ct</span> <span class='ocrx_word' id='word_1_245' title='bbox 1095 2708 1243 2784; x_wconf 87' lang='lat' dir='ltr'>sauguinis</span> <span class='ocrx_word' id='word_1_246' title='bbox 1266 2708 1338 2766; x_wconf 92' lang='lat' dir='ltr'>Jesu</span> 
     </span>
     <span class='ocr_line' id='line_1_26' title="bbox 138 2801 1338 2882; baseline 0.004 -24"><span class='ocrx_word' id='word_1_247' title='bbox 138 2801 249 2860; x_wconf 85' lang='lat' dir='ltr'>Christi</span> <span class='ocrx_word' id='word_1_248' title='bbox 263 2803 291 2860; x_wconf 91' lang='lat' dir='ltr'>in</span> <span class='ocrx_word' id='word_1_249' title='bbox 307 2821 387 2860; x_wconf 87' lang='lat' dir='ltr'>sacra</span> <span class='ocrx_word' id='word_1_250' title='bbox 401 2823 500 2862; x_wconf 86' lang='lat' dir='ltr'>coena:</span> <span class='ocrx_word' id='word_1_251' title='bbox 516 2803 551 2861; x_wconf 90' lang='lat' dir='ltr'>dc</span> <span class='ocrx_word' id='word_1_252' title='bbox 566 2804 637 2863; x_wconf 85' lang='lat' dir='ltr'>orali</span> <span class='ocrx_word' id='word_1_253' title='bbox 652 2803 870 2862; x_wconf 89' lang='lat' dir='ltr'>manducatione</span> <span class='ocrx_word' id='word_1_254' title='bbox 885 2823 917 2862; x_wconf 88' lang='lat' dir='ltr'>ac</span> <span class='ocrx_word' id='word_1_255' title='bbox 931 2806 1080 2873; x_wconf 91' lang='lat' dir='ltr'>bibitione,</span> <span class='ocrx_word' id='word_1_256' title='bbox 1095 2804 1189 2878; x_wconf 90' lang='lat' dir='ltr'>deque</span> <span class='ocrx_word' id='word_1_257' title='bbox 1204 2805 1338 2882; x_wconf 82' lang='lat' dir='ltr'>indigno·</span> 
     </span>
     <span class='ocr_line' id='line_1_27' title="bbox 136 2901 1334 2979; baseline 0.005 -21"><span class='ocrx_word' id='word_1_258' title='bbox 136 2919 198 2959; x_wconf 92' lang='lat' dir='ltr'>rum</span> <span class='ocrx_word' id='word_1_259' title='bbox 221 2901 482 2978; x_wconf 80' lang='lat' dir='ltr'>participatione.’&#39;⁸</span> <span class='ocrx_word' id='word_1_260' title='bbox 523 2902 594 2960; x_wconf 87' lang='lat' dir='ltr'>Haec</span> <span class='ocrx_word' id='word_1_261' title='bbox 608 2903 788 2960; x_wconf 90' lang='lat' dir='ltr'>Lutheranus</span> <span class='ocrx_word' id='word_1_262' title='bbox 811 2902 970 2979; x_wconf 86' lang='lat' dir='ltr'>theologus.</span> <span class='ocrx_word' id='word_1_263' title='bbox 1011 2904 1144 2962; x_wconf 84' lang='lat' dir='ltr'>Attamen</span> <span class='ocrx_word' id='word_1_264' title='bbox 1161 2923 1235 2962; x_wconf 90' lang='lat' dir='ltr'>anno</span> <span class='ocrx_word' id='word_1_265' title='bbox 1256 2909 1334 2964; x_wconf 81' lang='lat'>1817</span> 
     </span>
     <span class='ocr_line' id='line_1_28' title="bbox 138 2995 1337 3076; baseline 0.004 -23"><span class='ocrx_word' id='word_1_266' title='bbox 138 2996 245 3072; x_wconf 90' lang='lat' dir='ltr'>prodiit</span> <span class='ocrx_word' id='word_1_267' title='bbox 266 2995 390 3055; x_wconf 88' lang='lat' dir='ltr'>edictum</span> <span class='ocrx_word' id='word_1_268' title='bbox 413 2998 552 3057; x_wconf 86' lang='lat' dir='ltr'>Gulielmi</span> <span class='ocrx_word' id='word_1_269' title='bbox 575 2999 630 3058; x_wconf 89' lang='grc' dir='ltr'><strong>ΙΙΙ.</strong></span> <span class='ocrx_word' id='word_1_270' title='bbox 652 3000 728 3076; x_wconf 86' lang='lat' dir='ltr'>regis</span> <span class='ocrx_word' id='word_1_271' title='bbox 753 2999 909 3068; x_wconf 89' lang='lat' dir='ltr'>Borussiae,</span> <span class='ocrx_word' id='word_1_272' title='bbox 924 3018 982 3072; x_wconf 88' lang='lat' dir='ltr'>quo</span> <span class='ocrx_word' id='word_1_273' title='bbox 1003 3010 1088 3057; x_wconf 88' lang='lat' dir='ltr'>sectae</span> <span class='ocrx_word' id='word_1_274' title='bbox 1110 3000 1165 3058; x_wconf 85' lang='lat' dir='ltr'>illae</span> <span class='ocrx_word' id='word_1_275' title='bbox 1187 2999 1337 3059; x_wconf 86' lang='lat' dir='ltr'>discordes</span> 
     </span>
     <span class='ocr_line' id='line_1_29' title="bbox 137 3093 1338 3170; baseline 0.005 -20"><span class='ocrx_word' id='word_1_276' title='bbox 137 3093 230 3151; x_wconf 86' lang='lat' dir='ltr'>arnico</span> <span class='ocrx_word' id='word_1_277' title='bbox 247 3094 406 3170; x_wconf 85' lang='lat' dir='ltr'>junguntur</span> <span class='ocrx_word' id='word_1_278' title='bbox 420 3094 536 3163; x_wconf 76' lang='lat' dir='ltr'>fodere,</span> <span class='ocrx_word' id='word_1_279' title='bbox 552 3097 582 3153; x_wconf 90' lang='lat' dir='ltr'>in</span> <span class='ocrx_word' id='word_1_280' title='bbox 594 3115 684 3154; x_wconf 90' lang='lat' dir='ltr'>unum</span> <span class='ocrx_word' id='word_1_281' title='bbox 705 3095 909 3163; x_wconf 87' lang='lat' dir='ltr'>coalescentes,</span> <span class='ocrx_word' id='word_1_282' title='bbox 923 3096 1021 3155; x_wconf 87' lang='lat' dir='ltr'>relicta</span> <span class='ocrx_word' id='word_1_283' title='bbox 1044 3096 1171 3156; x_wconf 89' lang='lat' dir='ltr'>libertate</span> <span class='ocrx_word' id='word_1_284' title='bbox 1193 3098 1338 3157; x_wconf 90' lang='lat' dir='ltr'>sentiendi</span> 
     </span>
     <span class='ocr_line' id='line_1_30' title="bbox 135 3188 597 3267; baseline 0.011 -21"><span class='ocrx_word' id='word_1_285' title='bbox 135 3188 170 3247; x_wconf 89' lang='lat' dir='ltr'>dc</span> <span class='ocrx_word' id='word_1_286' title='bbox 184 3189 355 3248; x_wconf 87' lang='lat' dir='ltr'>eucharistia</span> <span class='ocrx_word' id='word_1_287' title='bbox 369 3200 453 3267; x_wconf 90' lang='lat' dir='ltr'>prout</span> <span class='ocrx_word' id='word_1_288' title='bbox 465 3191 597 3251; x_wconf 90' lang='lat' dir='ltr'>libuerit!</span> 
     </span>
    </p>

    <p class='ocr_par' dir='ltr' id='par_1_4' title="bbox 177 3286 1353 3367">
     <span class='ocr_line' id='line_1_31' title="bbox 177 3286 1353 3367; baseline 0.005 -22"><span class='ocrx_word' id='word_1_289' title='bbox 177 3291 222 3347; x_wconf 92' lang='grc'>19.</span> <span class='ocrx_word' id='word_1_290' title='bbox 246 3286 360 3345; x_wconf 89' lang='lat' dir='ltr'>Calvini</span> <span class='ocrx_word' id='word_1_291' title='bbox 375 3289 497 3347; x_wconf 90' lang='lat' dir='ltr'>obtinuit</span> <span class='ocrx_word' id='word_1_292' title='bbox 516 3289 591 3366; x_wconf 88' lang='lat' dir='ltr'>apud</span> <span class='ocrx_word' id='word_1_293' title='bbox 616 3290 768 3367; x_wconf 89' lang='lat' dir='ltr'>plerosque</span> <span class='ocrx_word' id='word_1_294' title='bbox 790 3291 925 3348; x_wconf 89' lang='lat' dir='ltr'>sectarios</span> <span class='ocrx_word' id='word_1_295' title='bbox 941 3292 1090 3358; x_wconf 88' lang='lat' dir='ltr'>sententia,</span> <span class='ocrx_word' id='word_1_296' title='bbox 1107 3291 1156 3364; x_wconf 90' lang='lat' dir='ltr'>qui</span> <span class='ocrx_word' id='word_1_297' title='bbox 1180 3293 1353 3351; x_wconf 68' lang='lat' dir='ltr'>verborum⁴</span> 
     </span>
    </p>

    <p class='ocr_par' dir='ltr' id='par_1_5' title="bbox 89 3360 1374 4237">
     <span class='ocr_line' id='line_1_32' title="bbox 104 3360 1336 3506; baseline 0.005 -64"><span class='ocrx_word' id='word_1_298' title='bbox 104 3360 123 3506; x_wconf 44' lang='grc' dir='ltr'><strong><em>ἵ</em></strong></span> <span class='ocrx_word' id='word_1_299' title='bbox 134 3385 290 3444; x_wconf 88' lang='lat' dir='ltr'>involucris</span> <span class='ocrx_word' id='word_1_300' title='bbox 305 3386 355 3444; x_wconf 84' lang='lat' dir='ltr'>vix</span> <span class='ocrx_word' id='word_1_301' title='bbox 369 3385 484 3444; x_wconf 89' lang='lat' dir='ltr'>student</span> <span class='ocrx_word' id='word_1_302' title='bbox 498 3405 560 3445; x_wconf 91' lang='lat' dir='ltr'>eam</span> <span class='ocrx_word' id='word_1_303' title='bbox 575 3389 718 3465; x_wconf 84' lang='lat' dir='ltr'>obtegere.</span> <span class='ocrx_word' id='word_1_304' title='bbox 761 3389 914 3466; x_wconf 86' lang='lat' dir='ltr'>Anglicani</span> <span class='ocrx_word' id='word_1_305' title='bbox 934 3389 992 3446; x_wconf 88' lang='lat' dir='ltr'>scre</span> <span class='ocrx_word' id='word_1_306' title='bbox 1008 3388 1062 3446; x_wconf 91' lang='lat' dir='ltr'>soli</span> <span class='ocrx_word' id='word_1_307' title='bbox 1077 3407 1143 3446; x_wconf 89' lang='lat' dir='ltr'>eum</span> <span class='ocrx_word' id='word_1_308' title='bbox 1158 3389 1336 3462; x_wconf 90' lang='lat' dir='ltr'>antiquitatis</span> 
     </span>
     <span class='ocr_line' id='line_1_33' title="bbox 99 3481 1336 3571; baseline 0.006 -33"><span class='ocrx_word' id='word_1_309' title='bbox 99 3510 110 3571; x_wconf 57' lang='lat' dir='ltr'>p</span> <span class='ocrx_word' id='word_1_310' title='bbox 134 3481 301 3540; x_wconf 84' lang='lat' dir='ltr'>venerandae</span> <span class='ocrx_word' id='word_1_311' title='bbox 317 3482 455 3558; x_wconf 91' lang='lat' dir='ltr'>pudorem</span> <span class='ocrx_word' id='word_1_312' title='bbox 470 3496 593 3552; x_wconf 89' lang='lat' dir='ltr'>servant,</span> <span class='ocrx_word' id='word_1_313' title='bbox 608 3493 639 3542; x_wconf 92' lang='lat' dir='ltr'>ut</span> <span class='ocrx_word' id='word_1_314' title='bbox 653 3486 745 3543; x_wconf 88' lang='lat' dir='ltr'>verbis</span> <span class='ocrx_word' id='word_1_315' title='bbox 760 3486 900 3562; x_wconf 91' lang='lat' dir='ltr'>speciosis</span> <span class='ocrx_word' id='word_1_316' title='bbox 911 3484 946 3542; x_wconf 88' lang='lat' dir='ltr'>de</span> <span class='ocrx_word' id='word_1_317' title='bbox 962 3483 1034 3544; x_wconf 76' lang='lat' dir='ltr'>reoli</span> <span class='ocrx_word' id='word_1_318' title='bbox 1047 3485 1200 3561; x_wconf 86' lang='lat' dir='ltr'>praescntia</span> <span class='ocrx_word' id='word_1_319' title='bbox 1213 3496 1243 3543; x_wconf 90' lang='lat' dir='ltr'>et</span> <span class='ocrx_word' id='word_1_320' title='bbox 1257 3506 1336 3546; x_wconf 92' lang='lat' dir='ltr'>com-</span> 
     </span>
     <span class='ocr_line' id='line_1_34' title="bbox 100 3572 1374 3665; baseline 0.004 -28"><span class='ocrx_word' id='word_1_321' title='bbox 100 3572 109 3665; x_wconf 90' lang='grc' dir='ltr'>Ξ</span> <span class='ocrx_word' id='word_1_322' title='bbox 134 3580 271 3638; x_wconf 88' lang='lat' dir='ltr'>munione</span> <span class='ocrx_word' id='word_1_323' title='bbox 298 3579 408 3639; x_wconf 88' lang='lat' dir='ltr'>Christi</span> <span class='ocrx_word' id='word_1_324' title='bbox 433 3581 583 3640; x_wconf 91' lang='lat' dir='ltr'>nobiscum</span> <span class='ocrx_word' id='word_1_325' title='bbox 606 3580 758 3649; x_wconf 89' lang='lat' dir='ltr'>disserant,</span> <span class='ocrx_word' id='word_1_326' title='bbox 774 3584 904 3656; x_wconf 88' lang='lat' dir='ltr'>quamvis</span> <span class='ocrx_word' id='word_1_327' title='bbox 925 3600 1023 3640; x_wconf 89' lang='lat' dir='ltr'>revera</span> <span class='ocrx_word' id='word_1_328' title='bbox 1043 3601 1148 3659; x_wconf 91' lang='lat' dir='ltr'>corpus</span> <span class='ocrx_word' id='word_1_329' title='bbox 1169 3594 1198 3642; x_wconf 88' lang='lat' dir='ltr'>et</span> <span class='ocrx_word' id='word_1_330' title='bbox 1215 3587 1335 3662; x_wconf 80' lang='lat' dir='ltr'>sanguis</span> <span class='ocrx_word' id='word_1_331' title='bbox 1372 3598 1374 3600; x_wconf 77' lang='grc'>’</span> 
     </span>
     <span class='ocr_line' id='line_1_35' title="bbox 106 3677 1335 3782; baseline 0.008 -51"><span class='ocrx_word' id='word_1_332' title='bbox 106 3678 117 3782; x_wconf 55' lang='lat' dir='ltr'>p</span> <span class='ocrx_word' id='word_1_333' title='bbox 133 3677 354 3735; x_wconf 87' lang='lat' dir='ltr'>substantialiter</span> <span class='ocrx_word' id='word_1_334' title='bbox 368 3677 478 3746; x_wconf 88' lang='lat' dir='ltr'>adesse,</span> <span class='ocrx_word' id='word_1_335' title='bbox 494 3689 521 3737; x_wconf 90' lang='lat' dir='ltr'>et</span> <span class='ocrx_word' id='word_1_336' title='bbox 535 3700 552 3737; x_wconf 93' lang='lat' dir='ltr'>a</span> <span class='ocrx_word' id='word_1_337' title='bbox 565 3681 695 3738; x_wconf 90' lang='lat' dir='ltr'>ministro</span> <span class='ocrx_word' id='word_1_338' title='bbox 710 3680 849 3747; x_wconf 88' lang='lat' dir='ltr'>distribui,</span> <span class='ocrx_word' id='word_1_339' title='bbox 871 3691 899 3738; x_wconf 89' lang='lat' dir='ltr'>et</span> <span class='ocrx_word' id='word_1_340' title='bbox 913 3698 961 3738; x_wconf 90' lang='lat' dir='ltr'>ore</span> <span class='ocrx_word' id='word_1_341' title='bbox 976 3680 1084 3757; x_wconf 88' lang='lat' dir='ltr'>suscipi</span> <span class='ocrx_word' id='word_1_342' title='bbox 1099 3700 1116 3738; x_wconf 89' lang='lat' dir='ltr'>a</span> <span class='ocrx_word' id='word_1_343' title='bbox 1129 3680 1264 3740; x_wconf 88' lang='lat' dir='ltr'>fidelibus</span> <span class='ocrx_word' id='word_1_344' title='bbox 1287 3683 1335 3742; x_wconf 90' lang='lat' dir='ltr'>vel</span> 
     </span>
     <span class='ocr_line' id='line_1_36' title="bbox 100 3774 1333 3858; baseline 0.01 -30"><span class='ocrx_word' id='word_1_345' title='bbox 100 3782 111 3839; x_wconf 74' lang='lat' dir='ltr'>t</span> <span class='ocrx_word' id='word_1_346' title='bbox 133 3783 248 3848; x_wconf 86' lang='lat' dir='ltr'>negent,</span> <span class='ocrx_word' id='word_1_347' title='bbox 264 3774 309 3831; x_wconf 89' lang='lat' dir='ltr'>vel</span> <span class='ocrx_word' id='word_1_348' title='bbox 323 3792 355 3831; x_wconf 88' lang='lat' dir='ltr'>se</span> <span class='ocrx_word' id='word_1_349' title='bbox 369 3774 484 3834; x_wconf 89' lang='lat' dir='ltr'>credere</span> <span class='ocrx_word' id='word_1_350' title='bbox 499 3777 600 3836; x_wconf 87' lang='lat' dir='ltr'>srustra</span> <span class='ocrx_word' id='word_1_351' title='bbox 614 3779 669 3837; x_wconf 91' lang='lat' dir='ltr'>sibi</span> <span class='ocrx_word' id='word_1_352' title='bbox 682 3779 879 3847; x_wconf 76' lang='lat' dir='ltr'>blandiantur,</span> <span class='ocrx_word' id='word_1_353' title='bbox 900 3797 937 3836; x_wconf 88' lang='lat' dir='ltr'>cx</span> <span class='ocrx_word' id='word_1_354' title='bbox 952 3779 1016 3855; x_wconf 91' lang='lat' dir='ltr'>ipsa</span> <span class='ocrx_word' id='word_1_355' title='bbox 1029 3779 1107 3837; x_wconf 90' lang='lat' dir='ltr'>enim</span> <span class='ocrx_word' id='word_1_356' title='bbox 1122 3798 1222 3838; x_wconf 89' lang='lat' dir='ltr'>eorum</span> <span class='ocrx_word' id='word_1_357' title='bbox 1239 3781 1333 3858; x_wconf 84' lang='lat' dir='ltr'>expli-</span> 
     </span>
     <span class='ocr_line' id='line_1_37' title="bbox 89 3838 1334 4237; baseline 0.01 -314"><span class='ocrx_word' id='word_1_358' title='bbox 89 3838 244 4237; x_wconf 42' lang='lat' dir='ltr'>Xatione</span> <span class='ocrx_word' id='word_1_359' title='bbox 270 3869 339 3925; x_wconf 88' lang='lat' dir='ltr'>satis</span> <span class='ocrx_word' id='word_1_360' title='bbox 363 3880 440 3946; x_wconf 89' lang='lat' dir='ltr'>patet</span> <span class='ocrx_word' id='word_1_361' title='bbox 462 3872 544 3948; x_wconf 85' lang='lat' dir='ltr'>signa</span> <span class='ocrx_word' id='word_1_362' title='bbox 569 3883 676 3933; x_wconf 89' lang='lat' dir='ltr'>tantum</span> <span class='ocrx_word' id='word_1_363' title='bbox 697 3885 725 3932; x_wconf 91' lang='lat' dir='ltr'>et</span> <span class='ocrx_word' id='word_1_364' title='bbox 744 3874 877 3951; x_wconf 87' lang='lat' dir='ltr'>symbola</span> <span class='ocrx_word' id='word_1_365' title='bbox 898 3873 1007 3942; x_wconf 87' lang='lat' dir='ltr'>haberi,</span> <span class='ocrx_word' id='word_1_366' title='bbox 1022 3893 1085 3948; x_wconf 85' lang='lat' dir='ltr'>quae</span> <span class='ocrx_word' id='word_1_367' title='bbox 1105 3895 1122 3932; x_wconf 91' lang='lat' dir='ltr'>a</span> <span class='ocrx_word' id='word_1_368' title='bbox 1143 3875 1275 3935; x_wconf 90' lang='lat' dir='ltr'>ministro</span> <span class='ocrx_word' id='word_1_369' title='bbox 1298 3877 1334 3935; x_wconf 93' lang='lat' dir='ltr'>ad</span> 
     </span>
    </p>
   </div>
   <div class='ocr_carea' id='block_1_3' title="bbox 132 3961 1333 4138">
    <p class='ocr_par' dir='ltr' id='par_1_6' title="bbox 132 3961 1333 4138">
     <span class='ocr_line' id='line_1_38' title="bbox 133 3961 1333 4048; baseline 0.01 -28"><span class='ocrx_word' id='word_1_370' title='bbox 133 3964 393 4041; x_wconf 77' lang='lat' dir='ltr'>repraesentandum</span> <span class='ocrx_word' id='word_1_371' title='bbox 419 3968 528 4028; x_wconf 90' lang='lat' dir='ltr'>Christi</span> <span class='ocrx_word' id='word_1_372' title='bbox 553 3989 657 4047; x_wconf 88' lang='lat' dir='ltr'>corpus</span> <span class='ocrx_word' id='word_1_373' title='bbox 679 3980 708 4029; x_wconf 92' lang='lat' dir='ltr'>et</span> <span class='ocrx_word' id='word_1_374' title='bbox 732 3974 899 4048; x_wconf 85' lang='lat' dir='ltr'>sanguinem</span> <span class='ocrx_word' id='word_1_375' title='bbox 926 3972 1058 4046; x_wconf 90' lang='lat' dir='ltr'>precibus</span> <span class='ocrx_word' id='word_1_376' title='bbox 1084 3961 1234 4041; x_wconf 81' lang='lat' dir='ltr'>destinata,</span> <span class='ocrx_word' id='word_1_377' title='bbox 1260 3975 1333 4032; x_wconf 89' lang='lat' dir='ltr'>fiunt</span> 
     </span>
     <span class='ocr_line' id='line_1_39' title="bbox 132 4060 1333 4138; baseline 0.012 -22"><span class='ocrx_word' id='word_1_378' title='bbox 132 4060 365 4135; x_wconf 88' lang='lat' dir='ltr'>suscipientibus,</span> <span class='ocrx_word' id='word_1_379' title='bbox 380 4083 417 4121; x_wconf 86' lang='lat' dir='ltr'>ex</span> <span class='ocrx_word' id='word_1_380' title='bbox 429 4065 484 4123; x_wconf 88' lang='lat' dir='ltr'>fide</span> <span class='ocrx_word' id='word_1_381' title='bbox 499 4077 526 4124; x_wconf 88' lang='lat' dir='ltr'>et</span> <span class='ocrx_word' id='word_1_382' title='bbox 541 4067 629 4125; x_wconf 88' lang='lat' dir='ltr'>animi</span> <span class='ocrx_word' id='word_1_383' title='bbox 643 4068 756 4138; x_wconf 86' lang='lat' dir='ltr'>affectu,</span> <span class='ocrx_word' id='word_1_384' title='bbox 772 4068 885 4127; x_wconf 88' lang='lat' dir='ltr'>occasio</span> <span class='ocrx_word' id='word_1_385' title='bbox 899 4068 1010 4125; x_wconf 90' lang='lat' dir='ltr'>virtutis</span> <span class='ocrx_word' id='word_1_386' title='bbox 1025 4078 1053 4127; x_wconf 89' lang='lat' dir='ltr'>ct</span> <span class='ocrx_word' id='word_1_387' title='bbox 1067 4069 1202 4129; x_wconf 81' lang='lat' dir='ltr'>efficaciae</span> <span class='ocrx_word' id='word_1_388' title='bbox 1217 4069 1333 4130; x_wconf 92' lang='lat' dir='ltr'>Christi</span> 
     </span>
    </p>
   </div>
   <div class='ocr_carea' id='block_1_4' title="bbox 130 4155 1332 4269">
    <p class='ocr_par' dir='ltr' id='par_1_7' title="bbox 130 4155 1332 4269">
     <span class='ocr_line' id='line_1_40' title="bbox 132 4155 1332 4245; baseline 0.013 -32"><span class='ocrx_word' id='word_1_389' title='bbox 132 4155 277 4245; x_wconf 13' lang='lat' dir='ltr'>passionis</span> <span class='ocrx_word' id='word_1_390' title='bbox 291 4159 495 4234; x_wconf 85' lang='lat' dir='ltr'>experiendae.⁴</span> <span class='ocrx_word' id='word_1_391' title='bbox 537 4164 637 4222; x_wconf 86' lang='lat' dir='ltr'>Manet</span> <span class='ocrx_word' id='word_1_392' title='bbox 656 4166 738 4242; x_wconf 86' lang='lat' dir='ltr'>panis</span> <span class='ocrx_word' id='word_1_393' title='bbox 757 4183 822 4222; x_wconf 88' lang='lat' dir='ltr'>cum</span> <span class='ocrx_word' id='word_1_394' title='bbox 836 4165 914 4233; x_wconf 88' lang='lat' dir='ltr'>vino,</span> <span class='ocrx_word' id='word_1_395' title='bbox 929 4182 983 4223; x_wconf 90' lang='lat' dir='ltr'>nec</span> <span class='ocrx_word' id='word_1_396' title='bbox 1004 4165 1073 4239; x_wconf 88' lang='lat' dir='ltr'>quid</span> <span class='ocrx_word' id='word_1_397' title='bbox 1087 4166 1117 4225; x_wconf 93' lang='lat' dir='ltr'>in</span> <span class='ocrx_word' id='word_1_398' title='bbox 1138 4167 1174 4225; x_wconf 86' lang='lat' dir='ltr'>iis</span> <span class='ocrx_word' id='word_1_399' title='bbox 1196 4178 1332 4237; x_wconf 91' lang='lat' dir='ltr'>mutatur,</span> 
     </span>
     <span class='ocr_line' id='line_1_41' title="bbox 130 4248 137 4269; baseline 0 0"><span class='ocrx_word' id='word_1_400' title='bbox 130 4248 137 4269; x_wconf 79' lang='grc'><strong>.</strong></span> 
     </span>
    </p>
   </div>
   <div class='ocr_carea' id='block_1_5' title="bbox 0 0 1392 5056">
    <p class='ocr_par' dir='ltr' id='par_1_8' title="bbox 0 0 1392 5056">
     <span class='ocr_line' id='line_1_42' title="bbox 0 0 1392 5056; baseline 0 3"><span class='ocrx_word' id='word_1_401' title='bbox 0 0 1392 5056; x_wconf 95' lang='lat' dir='ltr'> </span> 
     </span>
    </p>
   </div>
  </div>
 </body>
</html>
