2774 5056
214 286 290 394 'nn
311 333 562 394 nonnarum:
584 332 860 394 nautarunnr
880 331 1090 394 runcina.
1198 338 1257 394 ms

52 493 138 554 novit
151 492 236 552 Deus
250 494 300 567 qui
314 492 386 552 mibi
407 493 530 571 ignoscit
551 491 621 566 quid
641 493 671 552 in
691 491 776 552 corde
796 511 862 551 meo
882 512 947 570 ago.
987 492 1067 570 Ergo
1088 492 1151 551 sine
1175 511 1263 552 causa

55 593 167 652 dictum
182 600 247 651 est:
270 601 355 666 ‘qne
369 591 511 650 solveritis
525 592 555 651 in
570 601 657 650 terras
672 592 764 650 soluta
778 601 860 650 erunt
873 593 942 650 etin
957 590 1030 651 cmlo
1040 592 1062 649 l’
1102 593 1183 671 Ergo
1196 593 1260 650 sine

55 698 224 748 canescunt
237 687 332 747 clares
346 685 416 745 datae
431 687 572 747 Eccleeiae
587 687 667 747 Deii
709 688 891 747 Frustramns
912 688 1124 766 Evangelium:
1145 689 1261 747 frustra·

57 799 127 846 mus
142 786 229 844 verba
243 783 403 844 Christi.’'²

103 886 151 944 17.
179 883 213 941 S.
238 881 305 941 Lao
329 881 470 941 Maouns
494 882 538 941 sic
558 881 660 941 docete
683 881 857 941 “Mediator
877 881 934 941 Dei
954 891 983 940 et
1003 881 1152 941 hominurn
1173 882 1264 941 homo

59 980 198 1040 Christus
211 979 299 1038 Jesus
313 979 387 1038 hanc
402 979 563 1057 praepositis
578 978 719 1038 Ecclesiae
734 979 848 1038 tradidit
872 988 1052 1057 potestatem,
1067 989 1099 1036 ut
1121 987 1150 1036 et
1171 977 1263 1036 confi·

58 1077 187 1137 tentibus
206 1078 347 1136 actionem
363 1077 537 1154 poenitentias
551 1074 660 1144 darent,
676 1085 704 1134 et
718 1074 837 1135 eoadem
859 1075 966 1135 salubri
988 1074 1180 1133 satisfactione
1195 1092 1261 1150 pur·

57 1185 154 1253 gatos,
169 1172 205 1232 ad
215 1173 448 1232 communionem
460 1181 703 1231 sacramentorum
718 1191 769 1249 per
776 1173 894 1250 januam
908 1172 1148 1231 reconciliationis
1162 1169 1264 1229 admit·

58 1279 174 1328 terent:
189 1269 236 1328 cui
250 1269 349 1343 utique
360 1269 442 1346 operi
454 1268 660 1327 incessabiliter
672 1269 737 1345 ipse
752 1269 883 1327 Salvator
896 1269 1058 1335 intervenit,
1068 1287 1121 1327 nec
1135 1285 1263 1341 unquam

57 1367 96 1426 ab
112 1366 158 1425 his
173 1365 253 1425 abest
266 1384 331 1439 quae
343 1365 482 1424 ministris
497 1366 558 1423 suis
570 1365 740 1440 exequenda
753 1365 949 1424 commisit.’'²

104 1465 152 1520 18.
174 1461 294 1521 Vroaoa
301 1461 447 1520 Vinansrs
462 1462 692 1538 persecutionem
706 1461 893 1520 'Vandalicam
904 1479 1032 1528 narrans,
1042 1460 1160 1519 exhibet
1171 1477 1263 1536 popu·

56 1562 105 1622 los
121 1560 165 1619 sic
178 1559 354 1634 alloquentes
369 1560 531 1618 sacerdotes
554 1560 584 1619 in
595 1559 715 1618 exilium
737 1560 879 1619 abituros:
903 1561 1047 1628 “Quibus
1072 1577 1126 1618 nos
1139 1559 1263 1617 miseros

58 1657 233 1732 relinquitis,
248 1655 316 1716 dum
332 1657 448 1735 pergitis
470 1655 505 1715 ad
529 1658 671 1716 coronasl
713 1656 781 1734 Quil
791 1658 845 1716 hos
859 1657 1031 1735 baptizaturi
1045 1668 1112 1715 snnt
1127 1655 1262 1734 parvulos

59 1756 189 1816 lontibus
202 1775 284 1830 aqua
299 1755 433 1833 perennis
446 1756 457 1812 i
499 1755 559 1823 Qui
579 1756 663 1814 nobis
685 1775 790 1815 munus
810 1756 984 1832 poenitentias
999 1755 1129 1815 collaturi
1142 1765 1219 1822 sunt,
1234 1765 1265 1812 et

57 1853 302 1913 reconciliationis
316 1852 492 1931 indulgentia
511 1853 662 1912 obstrictos
682 1865 864 1929 peccatorum
886 1853 1008 1910 vinculis
1030 1852 1171 1911 soluturil
1193 1834 1269 1927 quia'

59 1950 144 2011 vobis
159 1948 266 2010 dictum
280 1959 344 2010 este
367 1959 575 2025 ‘quercumque
589 1949 732 2008 solveritis
747 1959 962 2026 superterram,
977 1948 1072 2009 δεῦθ’*

103 2050 152 2108 19.
174 2047 380 2107 lnuocanurns
394 2046 419 2117 1,
431 2046 466 2105 ad
481 2047 653 2106 Decentium
669 2047 856 2126 Eugubinnm
871 2047 1040 2124 episcopum
1053 2046 1192 2114 scribens,
1203 2044 1262 2103 ait:

61 2145 241 2205 “Gestarum
256 2143 433 2224 dependere
454 2143 622 2204 aestimando
643 2144 821 2215 delictorum,
842 2142 998 2204 sacerdotis
1013 2153 1058 2202 est
1077 2143 1218 2221 judicare,
1233 2152 1266 2200 ut

63 2239 194 2303 attendat
206 2241 240 2301 ad
255 2240 468 2300 confessionem
493 2241 671 2317 poenitcntls,
687 2249 716 2299 et
739 2239 775 2299 ad
795 2241 880 2300 fletus
901 2251 984 2315 atque
1000 2239 1165 2315 lachrymas
1179 2237 1265 2296 corri-

61 2336 169 2416 gentis,
184 2355 218 2396 ac
231 2345 291 2396 tom
301 2336 404 2414 jubere
417 2335 532 2404 dimitti,
547 2355 614 2397 cum
629 2321 732 2395 viderit
744 2355 900 2415 congruam
914 2332 1185 2395 satisfactionem.”⁴

100 2440 153 2494 20.
182 2436 214 2494 S.
231 2434 406 2495 Gunaonms
421 2435 572 2493 Muenna:
595 2443 616 2471 ‘⁴
627 2435 731 2493 Causae
745 2454 814 2513 ergo
829 2433 982 2512 pensandae
1002 2443 1078 2501 sunt,
1104 2443 1133 2490 et
1153 2441 1219 2491 tunc
1229 2431 1264 2490 li·

62 2532 150 2614 gandi
159 2544 245 2608 atque
257 2533 388 2593 solvendi
396 2532 697 2610 potestasexercenda.
715 2533 881 2593 Videndum
890 2532 1097 2609 estquaeculpa
1106 2528 1263 2610 precessit,

61 2642 112 2691 aut
125 2649 191 2706 que
205 2631 243 2689 eit
256 2631 424 2708 paenitentia
443 2641 541 2689 secuta
554 2640 620 2708 post
633 2631 748 2709 culpam
761 2651 768 2699 ;
792 2640 822 2689 ut
833 2620 906 2706 qnos
920 2631 1101 2708 omnipotens
1118 2630 1197 2690 Deus
1212 2647 1265 2706 per

62 2728 293 2807 compunctionis
318 2729 437 2806 gratiam
461 2729 565 2797 visitat,
592 2729 657 2789 illos
683 2731 804 2808 pastoris
831 2732 973 2790 sententia
996 2729 1133 2789 absolvat.
1174 2728 1261 2788 Tunc

63 2829 143 2889 enim
156 2845 224 2886 vera
237 2835 282 2886 est
294 2826 435 2886 absolutio
455 2826 646 2904 presidentis,
663 2848 729 2888 cum
754 2831 851 2889 eterni
872 2829 1018 2887 arbitrium
1039 2829 1169 2902 sequitur
1184 2825 1261 2906 judi·

65 2924 158 2985 cis.”³

103 3023 259 3083 Probatur
271 3019 332 3082 III.
349 3041 386 3082 en
403 3022 576 3082 Graecorum
594 3041 748 3085 cenaeneu.

104 3125 157 3181 21.
179 3121 285 3180 Veram
299 3121 461 3180 remittendi
475 3132 592 3198 peccata
614 3132 783 3200 potestatem
797 3124 992 3184 sacerdotibus
1006 3144 1023 3183 a
1037 3123 1155 3183 Olrristo
1170 3122 1265 3183 datam

28 3240 31 3245 ‘
66 3229 226 3298 agnoscunt
244 3219 352 3287 Gracci,
374 3219 414 3277 uti
441 3219 532 3293 liquet
557 3238 595 3277 ex
619 3221 807 3279 absolutionis
835 3222 943 3281 forma:
974 3222 1071 3299 “lpse
1092 3223 1216 3281 humane
1237 3231 1268 3279 et

66 3318 207 3378 malorum
221 3318 362 3386 tolerator,
377 3317 513 3387 Domine,
528 3335 646 3376 exorare
672 3337 748 3377 nunc
768 3338 884 3393 quoqne
898 3338 986 3397 super
998 3339 1114 3378 servum
1128 3331 1220 3388 tuum,
1235 3329 1265 3378 et

67 3415 186 3476 modum
210 3415 396 3493 penitentia,
411 3424 650 3491 peccatorumque
671 3416 785 3473 veniam
807 3416 848 3475 illi
871 3417 1014 3484 concede;
1036 3414 1202 3474 condonans
1223 3415 1266 3475 illi

68 3532 120 3592 per
132 3531 179 3573 ure
195 3511 345 3589 indignum
360 3509 497 3569 famulum
512 3521 593 3569 tuum
607 3529 692 3571 omne
707 3511 841 3571 delictum
857 3506 1045 3590 spontaneum
1061 3513 1164 3589 pariter
1178 3532 1211 3571 ac
1224 3513 1267 3570 in·

67 3611 270 3673 voluntarium.
311 3609 358 3667 Tu
372 3609 451 3667 enirn
464 3608 573 3677 dixisti,
591 3609 725 3678 Domine,
742 3610 846 3669 divinis
861 3623 890 3669 et
902 3613 1007 3695 sanctis
1030 3610 1178 3687 discipulis
1200 3611 1269 3681 tuis,

67 3723 96 3771 et
118 3708 291 3790 Apostolisz
314 3705 465 3782 ‘Accipite
490 3707 629 3784 Spiritum
651 3708 799 3776 Sanctum,
815 3727 936 3782 quorum
958 3708 1123 3768 remiseritis
1138 3719 1266 3786 peccata,

66 3810 249 3869 remittuntur
262 3803 327 3863 eisr
349 3821 470 3877 quorum
495 3804 680 3872 retinueritis,
700 3816 900 3865 retentasunt.
941 3806 982 3865 Et
995 3824 1184 3881 quaecumque
1210 3808 1269 3886 iga·

65 3899 161 3970 veritis
175 3917 206 3968 et
218 3901 364 3965 solveritis
377 3920 465 3980 super
476 3913 589 3972 terram,
600 3915 684 3963 erunt
696 3905 782 3984 ligata
795 3916 824 3964 ct
837 3905 931 3965 soluta
944 3905 974 3965 in
983 3905 1112 3968 coelis.'’⁸

405 4161 447 4228 (1)
467 4160 547 4212 Serra.
558 4161 659 4214 cccxcii.

405 4247 449 4315 (2)
468 4247 516 4313 Ep.
527 4247 576 4298 xci.
587 4247 619 4298 ad
629 4247 788 4299 Theodorum
799 4247 909 4314 Forojnl.

407 4333 447 4399 (3)
465 4333 496 4384 L.
506 4333 533 4384 ii.
540 4333 571 4384 de
583 4334 651 4384 Pers.
663 4333 745 4386 Vand.

410 4422 452 4488 (t)
470 4419 520 4486 up.
532 4419 564 4470 ad
574 4420 722 4472 Decentium
733 4438 755 4472 c.
766 4420 808 4471 vii.

405 4504 448 4571 (b)
468 4505 499 4563 L,
509 4505 536 4556 ii.
547 4506 624 4556 Hom.
635 4506 703 4557 xxvi.
714 4507 742 4558 in
759 4507 859 4572 Erang.

409 4591 453 4661 (6)
473 4593 537 4644 Vide
547 4591 738 4657 Encbologlnm.
758 4583 761 4587 ⁴
