<?xml version="1.0" encoding="UTF-8"?>
<!DOCTYPE html PUBLIC "-//W3C//DTD XHTML 1.0 Transitional//EN"
    "http://www.w3.org/TR/xhtml1/DTD/xhtml1-transitional.dtd">
<html xmlns="http://www.w3.org/1999/xhtml" xml:lang="en" lang="en">
 <head>
  <title>
</title>
<meta http-equiv="Content-Type" content="text/html;charset=utf-8" />
  <meta name='ocr-system' content='tesseract 3.04.00' />
  <meta name='ocr-capabilities' content='ocr_page ocr_carea ocr_par ocr_line ocrx_word'/>
</head>
<body>
  <div class='ocr_page' id='page_1' title='image "./theologidogmati03kenrgoog_0364.png"; bbox 0 0 2774 5056; ppageno 0'>
   <div class='ocr_carea' id='block_1_1' title="bbox 484 318 1293 384">
    <p class='ocr_par' dir='ltr' id='par_1_1' title="bbox 484 318 1293 384">
     <span class='ocr_line' id='line_1_1' title="bbox 484 318 1293 384; baseline 0.002 -2"><span class='ocrx_word' id='word_1_1' title='bbox 484 319 542 382; x_wconf 85' lang='lat' dir='ltr'>DE</span> <span class='ocrx_word' id='word_1_2' title='bbox 562 318 907 382; x_wconf 74' lang='lat' dir='ltr'>sarlsnac&#39;rlonn.</span> <span class='ocrx_word' id='word_1_3' title='bbox 1237 328 1293 384; x_wconf 86' lang='grc'>361</span> 
     </span>
    </p>
   </div>
   <div class='ocr_carea' id='block_1_2' title="bbox 91 480 1314 3001">
    <p class='ocr_par' dir='ltr' id='par_1_2' title="bbox 91 480 1298 959">
     <span class='ocr_line' id='line_1_2' title="bbox 91 480 1294 559; baseline 0.002 -18"><span class='ocrx_word' id='word_1_4' title='bbox 91 481 258 542; x_wconf 79' lang='lat' dir='ltr'>oeconomia</span> <span class='ocrx_word' id='word_1_5' title='bbox 272 481 302 540; x_wconf 89' lang='lat' dir='ltr'>in</span> <span class='ocrx_word' id='word_1_6' title='bbox 316 480 471 557; x_wconf 75' lang='lat' dir='ltr'>scripturis</span> <span class='ocrx_word' id='word_1_7' title='bbox 486 480 622 550; x_wconf 84' lang='lat' dir='ltr'>exhibita,</span> <span class='ocrx_word' id='word_1_8' title='bbox 631 493 661 539; x_wconf 91' lang='lat' dir='ltr'>et</span> <span class='ocrx_word' id='word_1_9' title='bbox 673 499 710 539; x_wconf 84' lang='lat' dir='ltr'>ex</span> <span class='ocrx_word' id='word_1_10' title='bbox 722 492 859 559; x_wconf 87' lang='lat' dir='ltr'>perpetuo</span> <span class='ocrx_word' id='word_1_11' title='bbox 869 480 1013 542; x_wconf 83' lang='lat' dir='ltr'>Ecclesiae</span> <span class='ocrx_word' id='word_1_12' title='bbox 1022 500 1110 542; x_wconf 88' lang='lat' dir='ltr'>sensu</span> <span class='ocrx_word' id='word_1_13' title='bbox 1122 481 1274 543; x_wconf 78' lang='lat' dir='ltr'>didicimus</span> <span class='ocrx_word' id='word_1_14' title='bbox 1286 505 1294 543; x_wconf 81' lang='lat' dir='ltr'>r</span> 
     </span>
     <span class='ocr_line' id='line_1_3' title="bbox 92 577 1295 658; baseline 0.002 -19"><span class='ocrx_word' id='word_1_15' title='bbox 92 598 150 640; x_wconf 86' lang='lat' dir='ltr'>neo</span> <span class='ocrx_word' id='word_1_16' title='bbox 163 578 219 639; x_wconf 85' lang='lat' dir='ltr'>heo</span> <span class='ocrx_word' id='word_1_17' title='bbox 234 580 342 638; x_wconf 87' lang='lat' dir='ltr'>ratione</span> <span class='ocrx_word' id='word_1_18' title='bbox 357 579 461 655; x_wconf 88' lang='lat' dir='ltr'>injuria</span> <span class='ocrx_word' id='word_1_19' title='bbox 473 579 506 637; x_wconf 87' lang='lat' dir='ltr'>fit</span> <span class='ocrx_word' id='word_1_20' title='bbox 521 577 631 637; x_wconf 79' lang='lat' dir='ltr'>Christi</span> <span class='ocrx_word' id='word_1_21' title='bbox 645 579 840 648; x_wconf 89' lang='lat' dir='ltr'>satisfactioni,</span> <span class='ocrx_word' id='word_1_22' title='bbox 856 598 921 654; x_wconf 83' lang='lat' dir='ltr'>quae</span> <span class='ocrx_word' id='word_1_23' title='bbox 936 580 1102 657; x_wconf 87' lang='lat' dir='ltr'>plenissima</span> <span class='ocrx_word' id='word_1_24' title='bbox 1123 582 1295 658; x_wconf 84' lang='lat' dir='ltr'>agnoscitur.</span> 
     </span>
     <span class='ocr_line' id='line_1_4' title="bbox 93 675 1298 755; baseline 0 -16"><span class='ocrx_word' id='word_1_25' title='bbox 93 677 223 739; x_wconf 80' lang='lat' dir='ltr'>Pulchre</span> <span class='ocrx_word' id='word_1_26' title='bbox 240 677 423 736; x_wconf 83' lang='lat' dir='ltr'>Oxoniensos</span> <span class='ocrx_word' id='word_1_27' title='bbox 438 675 665 736; x_wconf 88' lang='lat' dir='ltr'>animadvertunt</span> <span class='ocrx_word' id='word_1_28' title='bbox 688 696 741 735; x_wconf 86' lang='lat' dir='ltr'>nos</span> <span class='ocrx_word' id='word_1_29' title='bbox 765 696 822 737; x_wconf 91' lang='lat' dir='ltr'>non</span> <span class='ocrx_word' id='word_1_30' title='bbox 844 678 925 736; x_wconf 86' lang='lat' dir='ltr'>aliter</span> <span class='ocrx_word' id='word_1_31' title='bbox 944 697 1030 755; x_wconf 85' lang='lat' dir='ltr'>posse</span> <span class='ocrx_word' id='word_1_32' title='bbox 1051 677 1087 738; x_wconf 94' lang='lat' dir='ltr'>ad</span> <span class='ocrx_word' id='word_1_33' title='bbox 1107 677 1203 739; x_wconf 86' lang='lat' dir='ltr'>Deum</span> <span class='ocrx_word' id='word_1_34' title='bbox 1218 700 1298 740; x_wconf 88' lang='lat' dir='ltr'>accc-</span> 
     </span>
     <span class='ocr_line' id='line_1_5' title="bbox 93 764 1297 855; baseline 0.002 -21"><span class='ocrx_word' id='word_1_35' title='bbox 93 764 277 849; x_wconf 38' lang='lat' dir='ltr'>dere,⁴quam</span> <span class='ocrx_word' id='word_1_36' title='bbox 292 774 432 833; x_wconf 86' lang='lat' dir='ltr'>sacrificio</span> <span class='ocrx_word' id='word_1_37' title='bbox 454 794 471 833; x_wconf 91' lang='lat' dir='ltr'>a</span> <span class='ocrx_word' id='word_1_38' title='bbox 490 774 573 833; x_wconf 87' lang='lat' dir='ltr'>nobis</span> <span class='ocrx_word' id='word_1_39' title='bbox 594 774 698 844; x_wconf 86' lang='lat' dir='ltr'>oblato,</span> <span class='ocrx_word' id='word_1_40' title='bbox 714 775 791 848; x_wconf 91' lang='lat' dir='ltr'>quod</span> <span class='ocrx_word' id='word_1_41' title='bbox 812 773 923 833; x_wconf 80' lang='lat' dir='ltr'>Christi</span> <span class='ocrx_word' id='word_1_42' title='bbox 943 794 1009 834; x_wconf 90' lang='lat' dir='ltr'>cum</span> <span class='ocrx_word' id='word_1_43' title='bbox 1024 775 1164 836; x_wconf 86' lang='lat' dir='ltr'>sacrificio</span> <span class='ocrx_word' id='word_1_44' title='bbox 1178 781 1297 855; x_wconf 88' lang='lat' dir='ltr'>conjun-</span> 
     </span>
     <span class='ocr_line' id='line_1_6' title="bbox 95 878 726 959; baseline -0.003 -25"><span class='ocrx_word' id='word_1_45' title='bbox 95 878 203 953; x_wconf 84' lang='lat' dir='ltr'>gatur.¹</span> <span class='ocrx_word' id='word_1_46' title='bbox 720 940 726 959; x_wconf 30' lang='grc' dir='ltr'><strong><em>ι</em></strong></span> 
     </span>
    </p>

    <p class='ocr_par' dir='ltr' id='par_1_3' title="bbox 98 968 1298 1249">
     <span class='ocr_line' id='line_1_7' title="bbox 139 968 1298 1049; baseline 0.001 -19"><span class='ocrx_word' id='word_1_47' title='bbox 139 975 208 1030; x_wconf 86' lang='grc'><strong>134.</strong></span> <span class='ocrx_word' id='word_1_48' title='bbox 233 968 301 1049; x_wconf 81' lang='lat' dir='ltr'><strong><em>Obj.</em></strong></span> <span class='ocrx_word' id='word_1_49' title='bbox 318 972 348 1028; x_wconf 79' lang='lat'>4.</span> <span class='ocrx_word' id='word_1_50' title='bbox 370 969 517 1029; x_wconf 87' lang='lat' dir='ltr'>Remissio</span> <span class='ocrx_word' id='word_1_51' title='bbox 538 969 587 1028; x_wconf 90' lang='lat' dir='ltr'>illa</span> <span class='ocrx_word' id='word_1_52' title='bbox 606 968 753 1028; x_wconf 89' lang='lat' dir='ltr'>dimidiata</span> <span class='ocrx_word' id='word_1_53' title='bbox 777 969 872 1029; x_wconf 90' lang='lat' dir='ltr'>Deum</span> <span class='ocrx_word' id='word_1_54' title='bbox 893 969 1031 1029; x_wconf 77' lang='lat' dir='ltr'>dedecet:</span> <span class='ocrx_word' id='word_1_55' title='bbox 1052 990 1106 1030; x_wconf 85' lang='lat' dir='ltr'>nec</span> <span class='ocrx_word' id='word_1_56' title='bbox 1131 972 1208 1030; x_wconf 89' lang='lat' dir='ltr'>enim</span> <span class='ocrx_word' id='word_1_57' title='bbox 1231 991 1298 1031; x_wconf 88' lang='lat' dir='ltr'>vere</span> 
     </span>
     <span class='ocr_line' id='line_1_8' title="bbox 98 1064 1298 1148; baseline 0.001 -21"><span class='ocrx_word' id='word_1_58' title='bbox 98 1068 251 1145; x_wconf 76' lang='lat' dir='ltr'>ignoscere</span> <span class='ocrx_word' id='word_1_59' title='bbox 265 1065 403 1124; x_wconf 86' lang='lat' dir='ltr'>dicendus</span> <span class='ocrx_word' id='word_1_60' title='bbox 418 1066 526 1140; x_wconf 89' lang='lat' dir='ltr'>estqui</span> <span class='ocrx_word' id='word_1_61' title='bbox 540 1083 655 1143; x_wconf 75' lang='lat' dir='ltr'>paenam</span> <span class='ocrx_word' id='word_1_62' title='bbox 669 1064 762 1124; x_wconf 88' lang='lat' dir='ltr'>adhuc</span> <span class='ocrx_word' id='word_1_63' title='bbox 772 1066 888 1144; x_wconf 79' lang='lat' dir='ltr'>irrogat.</span> <span class='ocrx_word' id='word_1_64' title='bbox 929 1067 1071 1127; x_wconf 72' lang='lat' dir='ltr'>Praeterea</span> <span class='ocrx_word' id='word_1_65' title='bbox 1079 1069 1198 1128; x_wconf 87' lang='lat' dir='ltr'>remissa</span> <span class='ocrx_word' id='word_1_66' title='bbox 1213 1070 1298 1148; x_wconf 92' lang='lat' dir='ltr'>culpa</span> 
     </span>
     <span class='ocr_line' id='line_1_9' title="bbox 98 1163 1013 1249; baseline 0.001 -27"><span class='ocrx_word' id='word_1_67' title='bbox 98 1163 206 1223; x_wconf 90' lang='lat' dir='ltr'>tollitur</span> <span class='ocrx_word' id='word_1_68' title='bbox 220 1163 314 1222; x_wconf 83' lang='lat' dir='ltr'>omnia</span> <span class='ocrx_word' id='word_1_69' title='bbox 329 1182 421 1241; x_wconf 77' lang='lat' dir='ltr'>prenae</span> <span class='ocrx_word' id='word_1_70' title='bbox 435 1163 517 1231; x_wconf 88' lang='lat' dir='ltr'>ratio,</span> <span class='ocrx_word' id='word_1_71' title='bbox 532 1180 598 1237; x_wconf 83' lang='lat' dir='ltr'>quae</span> <span class='ocrx_word' id='word_1_72' title='bbox 611 1164 730 1241; x_wconf 86' lang='lat' dir='ltr'>proinde</span> <span class='ocrx_word' id='word_1_73' title='bbox 745 1163 850 1240; x_wconf 89' lang='lat' dir='ltr'>injusta</span> <span class='ocrx_word' id='word_1_74' title='bbox 863 1164 926 1223; x_wconf 88' lang='lat' dir='ltr'>erit.</span> <span class='ocrx_word' id='word_1_75' title='bbox 1009 1241 1013 1249; x_wconf 33' lang='grc' dir='ltr'>Ι</span> 
     </span>
    </p>

    <p class='ocr_par' dir='ltr' id='par_1_4' title="bbox 96 1259 1299 1730">
     <span class='ocr_line' id='line_1_10' title="bbox 138 1259 1298 1342; baseline 0.003 -22"><span class='ocrx_word' id='word_1_76' title='bbox 138 1260 231 1339; x_wconf 82' lang='lat' dir='ltr'>Resp.</span> <span class='ocrx_word' id='word_1_77' title='bbox 253 1260 349 1320; x_wconf 89' lang='lat' dir='ltr'>Deum</span> <span class='ocrx_word' id='word_1_78' title='bbox 363 1262 489 1320; x_wconf 83' lang='lat' dir='ltr'>maxime</span> <span class='ocrx_word' id='word_1_79' title='bbox 503 1259 585 1319; x_wconf 88' lang='lat' dir='ltr'>decet</span> <span class='ocrx_word' id='word_1_80' title='bbox 600 1260 822 1320; x_wconf 87' lang='lat' dir='ltr'>misericordiam</span> <span class='ocrx_word' id='word_1_81' title='bbox 848 1280 913 1320; x_wconf 92' lang='lat' dir='ltr'>cum</span> <span class='ocrx_word' id='word_1_82' title='bbox 931 1262 1042 1339; x_wconf 89' lang='lat' dir='ltr'>justitia</span> <span class='ocrx_word' id='word_1_83' title='bbox 1055 1264 1239 1342; x_wconf 85' lang='lat' dir='ltr'>conjungere,</span> <span class='ocrx_word' id='word_1_84' title='bbox 1261 1284 1298 1324; x_wconf 87' lang='lat' dir='ltr'>ne</span> 
     </span>
     <span class='ocr_line' id='line_1_11' title="bbox 98 1358 1298 1439; baseline 0.002 -20"><span class='ocrx_word' id='word_1_85' title='bbox 98 1374 235 1439; x_wconf 87' lang='lat' dir='ltr'>peccator</span> <span class='ocrx_word' id='word_1_86' title='bbox 247 1360 338 1417; x_wconf 73' lang='lat' dir='ltr'>veniae</span> <span class='ocrx_word' id='word_1_87' title='bbox 352 1358 485 1416; x_wconf 77' lang='lat' dir='ltr'>facilitate</span> <span class='ocrx_word' id='word_1_88' title='bbox 506 1359 655 1417; x_wconf 87' lang='lat' dir='ltr'>relabatur.</span> <span class='ocrx_word' id='word_1_89' title='bbox 697 1358 794 1417; x_wconf 82' lang='lat' dir='ltr'>Semel</span> <span class='ocrx_word' id='word_1_90' title='bbox 815 1376 953 1417; x_wconf 85' lang='lat' dir='ltr'>concessa</span> <span class='ocrx_word' id='word_1_91' title='bbox 966 1360 997 1418; x_wconf 90' lang='lat' dir='ltr'>in</span> <span class='ocrx_word' id='word_1_92' title='bbox 1010 1360 1152 1438; x_wconf 89' lang='lat' dir='ltr'>baptismo</span> <span class='ocrx_word' id='word_1_93' title='bbox 1167 1373 1298 1439; x_wconf 88' lang='lat' dir='ltr'>peccato·</span> 
     </span>
     <span class='ocr_line' id='line_1_12' title="bbox 96 1453 1298 1537; baseline 0.002 -21"><span class='ocrx_word' id='word_1_94' title='bbox 96 1476 162 1516; x_wconf 90' lang='lat' dir='ltr'>rum</span> <span class='ocrx_word' id='word_1_95' title='bbox 184 1453 360 1534; x_wconf 80' lang='lat' dir='ltr'>indulgentia</span> <span class='ocrx_word' id='word_1_96' title='bbox 382 1455 558 1533; x_wconf 86' lang='lat' dir='ltr'>plenissima,</span> <span class='ocrx_word' id='word_1_97' title='bbox 580 1457 723 1533; x_wconf 81' lang='lat' dir='ltr'>sapienter</span> <span class='ocrx_word' id='word_1_98' title='bbox 743 1455 945 1514; x_wconf 76' lang='lat' dir='ltr'>misericordie</span> <span class='ocrx_word' id='word_1_99' title='bbox 973 1458 1140 1517; x_wconf 85' lang='lat' dir='ltr'>exercitium</span> <span class='ocrx_word' id='word_1_100' title='bbox 1161 1459 1298 1537; x_wconf 88' lang='lat' dir='ltr'>deinceps</span> 
     </span>
     <span class='ocr_line' id='line_1_13' title="bbox 97 1553 1299 1633; baseline 0.003 -19"><span class='ocrx_word' id='word_1_101' title='bbox 97 1564 277 1632; x_wconf 86' lang='lat' dir='ltr'>attemperat,</span> <span class='ocrx_word' id='word_1_102' title='bbox 292 1564 324 1612; x_wconf 90' lang='lat' dir='ltr'>ut</span> <span class='ocrx_word' id='word_1_103' title='bbox 338 1565 469 1631; x_wconf 73' lang='lat' dir='ltr'>peccator</span> <span class='ocrx_word' id='word_1_104' title='bbox 482 1554 621 1633; x_wconf 81' lang='lat' dir='ltr'>intelligat</span> <span class='ocrx_word' id='word_1_105' title='bbox 642 1573 700 1613; x_wconf 90' lang='lat' dir='ltr'>non</span> <span class='ocrx_word' id='word_1_106' title='bbox 713 1553 785 1613; x_wconf 89' lang='lat' dir='ltr'>adeo</span> <span class='ocrx_word' id='word_1_107' title='bbox 800 1554 892 1613; x_wconf 83' lang='lat' dir='ltr'>levem</span> <span class='ocrx_word' id='word_1_108' title='bbox 907 1571 1003 1613; x_wconf 87' lang='lat' dir='ltr'>essem</span> <span class='ocrx_word' id='word_1_109' title='bbox 1018 1554 1132 1633; x_wconf 91' lang='lat' dir='ltr'>culpam</span> <span class='ocrx_word' id='word_1_110' title='bbox 1153 1556 1219 1615; x_wconf 91' lang='lat' dir='ltr'>data</span> <span class='ocrx_word' id='word_1_111' title='bbox 1242 1559 1299 1618; x_wconf 90' lang='lat' dir='ltr'>sibi</span> 
     </span>
     <span class='ocr_line' id='line_1_14' title="bbox 98 1650 931 1730; baseline -0.008 -19"><span class='ocrx_word' id='word_1_112' title='bbox 98 1652 177 1713; x_wconf 87' lang='lat' dir='ltr'>dona</span> <span class='ocrx_word' id='word_1_113' title='bbox 191 1650 335 1730; x_wconf 86' lang='lat' dir='ltr'>peccando</span> <span class='ocrx_word' id='word_1_114' title='bbox 349 1651 482 1728; x_wconf 87' lang='lat' dir='ltr'>abjicere.</span> <span class='ocrx_word' id='word_1_115' title='bbox 926 1657 931 1668; x_wconf 86' lang='lat'><strong>·</strong></span> 
     </span>
    </p>

    <p class='ocr_par' dir='ltr' id='par_1_5' title="bbox 98 1745 1314 2020">
     <span class='ocr_line' id='line_1_15' title="bbox 142 1745 1302 1826; baseline 0.003 -20"><span class='ocrx_word' id='word_1_116' title='bbox 142 1751 211 1806; x_wconf 89' lang='grc'><strong>135.</strong></span> <span class='ocrx_word' id='word_1_117' title='bbox 236 1745 303 1826; x_wconf 81' lang='lat' dir='ltr'>ouj.</span> <span class='ocrx_word' id='word_1_118' title='bbox 320 1747 350 1805; x_wconf 93' lang='grc'>5.</span> <span class='ocrx_word' id='word_1_119' title='bbox 385 1745 457 1813; x_wconf 77' lang='lat' dir='ltr'>Qum</span> <span class='ocrx_word' id='word_1_120' title='bbox 477 1746 507 1805; x_wconf 92' lang='lat' dir='ltr'>in</span> <span class='ocrx_word' id='word_1_121' title='bbox 529 1745 684 1825; x_wconf 75' lang='lat' dir='ltr'>scripturis</span> <span class='ocrx_word' id='word_1_122' title='bbox 706 1756 870 1806; x_wconf 83' lang='lat' dir='ltr'>enarrantur</span> <span class='ocrx_word' id='word_1_123' title='bbox 889 1748 1086 1824; x_wconf 89' lang='lat' dir='ltr'>peccatoribus</span> <span class='ocrx_word' id='word_1_124' title='bbox 1101 1758 1169 1826; x_wconf 90' lang='lat' dir='ltr'>post</span> <span class='ocrx_word' id='word_1_125' title='bbox 1180 1751 1302 1809; x_wconf 88' lang='lat' dir='ltr'>remissa</span> 
     </span>
     <span class='ocr_line' id='line_1_16' title="bbox 98 1842 1298 1924; baseline 0.003 -20"><span class='ocrx_word' id='word_1_126' title='bbox 98 1854 230 1924; x_wconf 85' lang='lat' dir='ltr'>peccata,</span> <span class='ocrx_word' id='word_1_127' title='bbox 245 1843 363 1912; x_wconf 90' lang='lat' dir='ltr'>inflicta,</span> <span class='ocrx_word' id='word_1_128' title='bbox 378 1844 409 1901; x_wconf 93' lang='lat' dir='ltr'>in</span> <span class='ocrx_word' id='word_1_129' title='bbox 424 1843 545 1902; x_wconf 90' lang='lat' dir='ltr'>aliorum</span> <span class='ocrx_word' id='word_1_130' title='bbox 559 1853 693 1901; x_wconf 91' lang='lat' dir='ltr'>terrorem</span> <span class='ocrx_word' id='word_1_131' title='bbox 709 1853 738 1901; x_wconf 88' lang='lat' dir='ltr'>et</span> <span class='ocrx_word' id='word_1_132' title='bbox 751 1842 785 1901; x_wconf 93' lang='lat' dir='ltr'>ad</span> <span class='ocrx_word' id='word_1_133' title='bbox 800 1842 988 1920; x_wconf 88' lang='lat' dir='ltr'>reparandum</span> <span class='ocrx_word' id='word_1_134' title='bbox 1002 1843 1168 1905; x_wconf 88' lang='lat' dir='ltr'>scandalum</span> <span class='ocrx_word' id='word_1_135' title='bbox 1184 1846 1298 1907; x_wconf 91' lang='lat' dir='ltr'>decreta</span> 
     </span>
     <span class='ocr_line' id='line_1_17' title="bbox 100 1935 1314 2020; baseline -0.006 -14"><span class='ocrx_word' id='word_1_136' title='bbox 100 1943 248 2006; x_wconf 80' lang='lat' dir='ltr'>censenda</span> <span class='ocrx_word' id='word_1_137' title='bbox 259 1954 335 2011; x_wconf 90' lang='lat' dir='ltr'>sunt,</span> <span class='ocrx_word' id='word_1_138' title='bbox 350 1943 446 2020; x_wconf 88' lang='lat' dir='ltr'>potius</span> <span class='ocrx_word' id='word_1_139' title='bbox 460 1960 547 2015; x_wconf 89' lang='lat' dir='ltr'>quam</span> <span class='ocrx_word' id='word_1_140' title='bbox 561 1941 596 1999; x_wconf 88' lang='lat' dir='ltr'>ad</span> <span class='ocrx_word' id='word_1_141' title='bbox 611 1954 727 2018; x_wconf 88' lang='lat' dir='ltr'>peccata</span> <span class='ocrx_word' id='word_1_142' title='bbox 738 1942 890 2019; x_wconf 87' lang='lat' dir='ltr'>expianda.</span> <span class='ocrx_word' id='word_1_143' title='bbox 1307 1935 1314 1945; x_wconf 83' lang='grc'><em>’</em></span> 
     </span>
    </p>

    <p class='ocr_par' dir='ltr' id='par_1_6' title="bbox 97 2038 1301 2415">
     <span class='ocr_line' id='line_1_18' title="bbox 139 2038 1300 2120; baseline -0.001 -19"><span class='ocrx_word' id='word_1_144' title='bbox 139 2040 233 2120; x_wconf 83' lang='lat' dir='ltr'>Reap.</span> <span class='ocrx_word' id='word_1_145' title='bbox 255 2039 367 2098; x_wconf 85' lang='lat' dir='ltr'>inflicta</span> <span class='ocrx_word' id='word_1_146' title='bbox 381 2039 491 2098; x_wconf 90' lang='lat' dir='ltr'>suntin</span> <span class='ocrx_word' id='word_1_147' title='bbox 504 2056 618 2116; x_wconf 75' lang='lat' dir='ltr'>paenam</span> <span class='ocrx_word' id='word_1_148' title='bbox 634 2048 824 2114; x_wconf 87' lang='lat' dir='ltr'>peccatorum,</span> <span class='ocrx_word' id='word_1_149' title='bbox 834 2039 875 2097; x_wconf 90' lang='lat' dir='ltr'>uti</span> <span class='ocrx_word' id='word_1_150' title='bbox 886 2057 923 2098; x_wconf 87' lang='lat' dir='ltr'>ex</span> <span class='ocrx_word' id='word_1_151' title='bbox 935 2038 1089 2117; x_wconf 75' lang='lat' dir='ltr'>Scriptura</span> <span class='ocrx_word' id='word_1_152' title='bbox 1100 2041 1193 2099; x_wconf 87' lang='lat' dir='ltr'>verbis</span> <span class='ocrx_word' id='word_1_153' title='bbox 1205 2051 1300 2118; x_wconf 88' lang='lat' dir='ltr'>patet;</span> 
     </span>
     <span class='ocr_line' id='line_1_19' title="bbox 99 2135 1301 2215; baseline -0.001 -14"><span class='ocrx_word' id='word_1_154' title='bbox 99 2148 252 2202; x_wconf 87' lang='lat' dir='ltr'>cesserunt</span> <span class='ocrx_word' id='word_1_155' title='bbox 265 2146 359 2197; x_wconf 86' lang='lat' dir='ltr'>autem</span> <span class='ocrx_word' id='word_1_156' title='bbox 374 2138 404 2196; x_wconf 90' lang='lat' dir='ltr'>in</span> <span class='ocrx_word' id='word_1_157' title='bbox 419 2137 539 2196; x_wconf 90' lang='lat' dir='ltr'>aliorum</span> <span class='ocrx_word' id='word_1_158' title='bbox 554 2145 700 2204; x_wconf 89' lang='lat' dir='ltr'>terrorem,</span> <span class='ocrx_word' id='word_1_159' title='bbox 715 2145 744 2194; x_wconf 90' lang='lat' dir='ltr'>et</span> <span class='ocrx_word' id='word_1_160' title='bbox 757 2137 788 2196; x_wconf 90' lang='lat' dir='ltr'>in</span> <span class='ocrx_word' id='word_1_161' title='bbox 798 2135 928 2196; x_wconf 80' lang='lat' dir='ltr'>scandali</span> <span class='ocrx_word' id='word_1_162' title='bbox 948 2139 1165 2215; x_wconf 85' lang='lat' dir='ltr'>reparationem.</span> <span class='ocrx_word' id='word_1_163' title='bbox 1208 2139 1301 2200; x_wconf 80' lang='lat' dir='ltr'>Cate-</span> 
     </span>
     <span class='ocr_line' id='line_1_20' title="bbox 97 2235 1299 2313; baseline 0 -14"><span class='ocrx_word' id='word_1_164' title='bbox 97 2259 166 2301; x_wconf 92' lang='lat' dir='ltr'>rum</span> <span class='ocrx_word' id='word_1_165' title='bbox 180 2256 239 2313; x_wconf 87' lang='lat' dir='ltr'>uon</span> <span class='ocrx_word' id='word_1_166' title='bbox 259 2246 371 2296; x_wconf 85' lang='lat' dir='ltr'>constat</span> <span class='ocrx_word' id='word_1_167' title='bbox 390 2235 529 2313; x_wconf 90' lang='lat' dir='ltr'>populum</span> <span class='ocrx_word' id='word_1_168' title='bbox 551 2235 715 2293; x_wconf 87' lang='lat' dir='ltr'>scandalum</span> <span class='ocrx_word' id='word_1_169' title='bbox 741 2253 857 2312; x_wconf 87' lang='lat' dir='ltr'>passum</span> <span class='ocrx_word' id='word_1_170' title='bbox 885 2253 951 2294; x_wconf 88' lang='lat' dir='ltr'>esse</span> <span class='ocrx_word' id='word_1_171' title='bbox 978 2254 1015 2295; x_wconf 87' lang='lat' dir='ltr'>ex</span> <span class='ocrx_word' id='word_1_172' title='bbox 1036 2255 1125 2296; x_wconf 89' lang='lat' dir='ltr'>censu</span> <span class='ocrx_word' id='word_1_173' title='bbox 1147 2237 1299 2308; x_wconf 73' lang='lat' dir='ltr'>Dauidica,</span> 
     </span>
     <span class='ocr_line' id='line_1_21' title="bbox 99 2332 865 2415; baseline -0.007 -18"><span class='ocrx_word' id='word_1_174' title='bbox 99 2356 189 2415; x_wconf 86' lang='lat' dir='ltr'>quem</span> <span class='ocrx_word' id='word_1_175' title='bbox 201 2346 298 2395; x_wconf 72' lang='lat' dir='ltr'>mutan</span> <span class='ocrx_word' id='word_1_176' title='bbox 309 2353 409 2412; x_wconf 86' lang='lat' dir='ltr'>poenas</span> <span class='ocrx_word' id='word_1_177' title='bbox 424 2333 606 2410; x_wconf 80' lang='lat' dir='ltr'>gravissimas</span> <span class='ocrx_word' id='word_1_178' title='bbox 621 2332 750 2390; x_wconf 86' lang='lat' dir='ltr'>attulisse</span> <span class='ocrx_word' id='word_1_179' title='bbox 763 2333 865 2406; x_wconf 89' lang='lat' dir='ltr'>liquet.</span> 
     </span>
    </p>

    <p class='ocr_par' dir='ltr' id='par_1_7' title="bbox 98 2429 1300 2606">
     <span class='ocr_line' id='line_1_22' title="bbox 143 2429 1300 2512; baseline 0 -18"><span class='ocrx_word' id='word_1_180' title='bbox 143 2439 212 2494; x_wconf 85' lang='grc'><strong>136.</strong></span> <span class='ocrx_word' id='word_1_181' title='bbox 230 2431 297 2511; x_wconf 79' lang='lat' dir='ltr'>obj.</span> <span class='ocrx_word' id='word_1_182' title='bbox 315 2436 344 2491; x_wconf 89' lang='grc'>6.</span> <span class='ocrx_word' id='word_1_183' title='bbox 375 2433 406 2490; x_wconf 84' lang='lat' dir='ltr'>S.</span> <span class='ocrx_word' id='word_1_184' title='bbox 421 2431 591 2489; x_wconf 81' lang='lat' dir='ltr'>Ambrosius</span> <span class='ocrx_word' id='word_1_185' title='bbox 606 2429 641 2488; x_wconf 86' lang='lat' dir='ltr'>de</span> <span class='ocrx_word' id='word_1_186' title='bbox 666 2431 751 2489; x_wconf 89' lang='lat' dir='ltr'>Petro</span> <span class='ocrx_word' id='word_1_187' title='bbox 765 2429 853 2490; x_wconf 86' lang='lat' dir='ltr'>dicit:</span> <span class='ocrx_word' id='word_1_188' title='bbox 875 2439 895 2468; x_wconf 83' lang='lat'><strong>“</strong></span> <span class='ocrx_word' id='word_1_189' title='bbox 908 2430 1064 2510; x_wconf 85' lang='lat' dir='ltr'>Lacrymas</span> <span class='ocrx_word' id='word_1_190' title='bbox 1079 2433 1141 2511; x_wconf 85' lang='lat' dir='ltr'>ejus</span> <span class='ocrx_word' id='word_1_191' title='bbox 1155 2433 1278 2512; x_wconf 83' lang='lat' dir='ltr'>legimus</span> <span class='ocrx_word' id='word_1_192' title='bbox 1291 2455 1300 2504; x_wconf 83' lang='lat'>3</span> 
     </span>
     <span class='ocr_line' id='line_1_23' title="bbox 98 2527 569 2606; baseline -0.017 -13"><span class='ocrx_word' id='word_1_193' title='bbox 98 2531 326 2593; x_wconf 81' lang='lat' dir='ltr'>satisfactionem</span> <span class='ocrx_word' id='word_1_194' title='bbox 337 2547 396 2588; x_wconf 90' lang='lat' dir='ltr'>non</span> <span class='ocrx_word' id='word_1_195' title='bbox 412 2527 569 2606; x_wconf 81' lang='lat' dir='ltr'>legimus.”</span> 
     </span>
    </p>

    <p class='ocr_par' dir='ltr' id='par_1_8' title="bbox 101 2626 1301 3001">
     <span class='ocr_line' id='line_1_24' title="bbox 140 2626 1300 2709; baseline -0.002 -18"><span class='ocrx_word' id='word_1_196' title='bbox 140 2630 232 2709; x_wconf 85' lang='lat' dir='ltr'>Resp.</span> <span class='ocrx_word' id='word_1_197' title='bbox 256 2628 421 2687; x_wconf 72' lang='lat' dir='ltr'>satisfactio</span> <span class='ocrx_word' id='word_1_198' title='bbox 442 2627 518 2705; x_wconf 89' lang='lat' dir='ltr'>apud</span> <span class='ocrx_word' id='word_1_199' title='bbox 546 2636 674 2685; x_wconf 86' lang='lat' dir='ltr'>auctores</span> <span class='ocrx_word' id='word_1_200' title='bbox 696 2626 830 2703; x_wconf 89' lang='lat' dir='ltr'>profanos</span> <span class='ocrx_word' id='word_1_201' title='bbox 851 2627 1066 2687; x_wconf 88' lang='lat' dir='ltr'>excusationem</span> <span class='ocrx_word' id='word_1_202' title='bbox 1087 2647 1140 2686; x_wconf 90' lang='lat' dir='ltr'>seu</span> <span class='ocrx_word' id='word_1_203' title='bbox 1161 2629 1300 2690; x_wconf 88' lang='lat' dir='ltr'>vindicias</span> 
     </span>
     <span class='ocr_line' id='line_1_25' title="bbox 101 2723 1301 2808; baseline -0.003 -20"><span class='ocrx_word' id='word_1_204' title='bbox 101 2727 257 2808; x_wconf 80' lang='lat' dir='ltr'>significat,</span> <span class='ocrx_word' id='word_1_205' title='bbox 279 2743 337 2799; x_wconf 91' lang='lat' dir='ltr'>quo</span> <span class='ocrx_word' id='word_1_206' title='bbox 366 2742 454 2782; x_wconf 86' lang='lat' dir='ltr'>sensu</span> <span class='ocrx_word' id='word_1_207' title='bbox 476 2742 539 2782; x_wconf 87' lang='lat' dir='ltr'>eam</span> <span class='ocrx_word' id='word_1_208' title='bbox 561 2735 678 2800; x_wconf 82' lang='lat' dir='ltr'>usurpat</span> <span class='ocrx_word' id='word_1_209' title='bbox 705 2723 886 2792; x_wconf 84' lang='lat' dir='ltr'>Ambrosius,</span> <span class='ocrx_word' id='word_1_210' title='bbox 907 2723 949 2782; x_wconf 90' lang='lat' dir='ltr'>uti</span> <span class='ocrx_word' id='word_1_211' title='bbox 973 2742 1010 2782; x_wconf 82' lang='lat' dir='ltr'>ex</span> <span class='ocrx_word' id='word_1_212' title='bbox 1035 2735 1169 2784; x_wconf 84' lang='lat' dir='ltr'>contextu</span> <span class='ocrx_word' id='word_1_213' title='bbox 1190 2726 1301 2801; x_wconf 86' lang='lat' dir='ltr'>liquet:</span> 
     </span>
     <span class='ocr_line' id='line_1_26' title="bbox 104 2800 1301 2901; baseline -0.003 -16"><span class='ocrx_word' id='word_1_214' title='bbox 104 2837 124 2865; x_wconf 77' lang='lat'>‘⁴</span> <span class='ocrx_word' id='word_1_215' title='bbox 136 2826 208 2886; x_wconf 90' lang='lat' dir='ltr'>Non</span> <span class='ocrx_word' id='word_1_216' title='bbox 230 2800 437 2894; x_wconf 51' lang='lat' dir='ltr'>inveniohrid</span> <span class='ocrx_word' id='word_1_217' title='bbox 458 2820 571 2888; x_wconf 86' lang='lat' dir='ltr'>dixerit,</span> <span class='ocrx_word' id='word_1_218' title='bbox 593 2819 710 2877; x_wconf 87' lang='lat' dir='ltr'>invenio</span> <span class='ocrx_word' id='word_1_219' title='bbox 730 2817 807 2892; x_wconf 92' lang='lat' dir='ltr'>quod</span> <span class='ocrx_word' id='word_1_220' title='bbox 827 2819 955 2879; x_wconf 86' lang='lat' dir='ltr'>fleverit:</span> <span class='ocrx_word' id='word_1_221' title='bbox 975 2819 1118 2896; x_wconf 86' lang='lat' dir='ltr'>lacrymas</span> <span class='ocrx_word' id='word_1_222' title='bbox 1138 2822 1201 2899; x_wconf 86' lang='lat' dir='ltr'>ejus</span> <span class='ocrx_word' id='word_1_223' title='bbox 1225 2822 1301 2901; x_wconf 84' lang='lat' dir='ltr'>lego,</span> 
     </span>
     <span class='ocr_line' id='line_1_27' title="bbox 102 2917 1224 3001; baseline -0.005 -14"><span class='ocrx_word' id='word_1_224' title='bbox 102 2924 326 2986; x_wconf 85' lang='lat' dir='ltr'>satisfactionem</span> <span class='ocrx_word' id='word_1_225' title='bbox 341 2938 399 2980; x_wconf 91' lang='lat' dir='ltr'>non</span> <span class='ocrx_word' id='word_1_226' title='bbox 412 2919 497 2998; x_wconf 81' lang='lat' dir='ltr'>lego:</span> <span class='ocrx_word' id='word_1_227' title='bbox 520 2917 571 2978; x_wconf 88' lang='lat' dir='ltr'>sed</span> <span class='ocrx_word' id='word_1_228' title='bbox 585 2917 661 2992; x_wconf 89' lang='lat' dir='ltr'>quod</span> <span class='ocrx_word' id='word_1_229' title='bbox 676 2917 791 2977; x_wconf 87' lang='lat' dir='ltr'>defendi</span> <span class='ocrx_word' id='word_1_230' title='bbox 805 2936 862 2978; x_wconf 91' lang='lat' dir='ltr'>non</span> <span class='ocrx_word' id='word_1_231' title='bbox 877 2927 979 2997; x_wconf 89' lang='lat' dir='ltr'>potest,</span> <span class='ocrx_word' id='word_1_232' title='bbox 994 2919 1071 2980; x_wconf 94' lang='lat' dir='ltr'>ablui</span> <span class='ocrx_word' id='word_1_233' title='bbox 1084 2920 1224 3001; x_wconf 85' lang='lat' dir='ltr'>potest.”&#39;</span> 
     </span>
    </p>
   </div>
   <div class='ocr_carea' id='block_1_3' title="bbox 358 3395 1045 3476">
    <p class='ocr_par' dir='ltr' id='par_1_9' title="bbox 358 3395 1045 3476">
     <span class='ocr_line' id='line_1_28' title="bbox 358 3395 1045 3476; baseline -0.001 -17"><span class='ocrx_word' id='word_1_234' title='bbox 358 3398 385 3476; x_wconf 81' lang='lat'>§.</span> <span class='ocrx_word' id='word_1_235' title='bbox 397 3395 445 3459; x_wconf 89' lang='lat'><em>.11.</em></span> <span class='ocrx_word' id='word_1_236' title='bbox 487 3398 536 3459; x_wconf 86' lang='lat' dir='ltr'>Da</span> <span class='ocrx_word' id='word_1_237' title='bbox 550 3414 671 3458; x_wconf 82' lang='lat' dir='ltr'>orarum</span> <span class='ocrx_word' id='word_1_238' title='bbox 684 3414 890 3459; x_wconf 82' lang='lat' dir='ltr'>rmnrranrrm</span> <span class='ocrx_word' id='word_1_239' title='bbox 904 3414 1045 3458; x_wconf 82' lang='lat' dir='ltr'>maruan.</span> 
     </span>
    </p>
   </div>
   <div class='ocr_carea' id='block_1_4' title="bbox 105 3591 1307 3963">
    <p class='ocr_par' dir='ltr' id='par_1_10' title="bbox 105 3591 1307 3963">
     <span class='ocr_line' id='line_1_29' title="bbox 148 3591 1304 3671; baseline -0.003 -14"><span class='ocrx_word' id='word_1_240' title='bbox 148 3601 217 3657; x_wconf 81' lang='grc'><strong>137.</strong></span> <span class='ocrx_word' id='word_1_241' title='bbox 249 3595 372 3655; x_wconf 86' lang='lat' dir='ltr'>Poenam</span> <span class='ocrx_word' id='word_1_242' title='bbox 387 3591 584 3670; x_wconf 87' lang='lat' dir='ltr'>temporalem,</span> <span class='ocrx_word' id='word_1_243' title='bbox 606 3611 670 3667; x_wconf 80' lang='lat' dir='ltr'>que</span> <span class='ocrx_word' id='word_1_244' title='bbox 690 3592 775 3670; x_wconf 89' lang='lat' dir='ltr'>culpa</span> <span class='ocrx_word' id='word_1_245' title='bbox 799 3593 920 3651; x_wconf 86' lang='lat' dir='ltr'>remissa</span> <span class='ocrx_word' id='word_1_246' title='bbox 940 3611 1017 3671; x_wconf 85' lang='lat' dir='ltr'>saepe</span> <span class='ocrx_word' id='word_1_247' title='bbox 1038 3602 1178 3671; x_wconf 87' lang='lat' dir='ltr'>superest,</span> <span class='ocrx_word' id='word_1_248' title='bbox 1195 3592 1304 3655; x_wconf 73' lang='lat' dir='ltr'>,redimi</span> 
     </span>
     <span class='ocr_line' id='line_1_30' title="bbox 106 3688 1305 3773; baseline -0.003 -20"><span class='ocrx_word' id='word_1_249' title='bbox 106 3712 194 3773; x_wconf 85' lang='lat' dir='ltr'>posse</span> <span class='ocrx_word' id='word_1_250' title='bbox 208 3692 344 3770; x_wconf 87' lang='lat' dir='ltr'>operibus</span> <span class='ocrx_word' id='word_1_251' title='bbox 358 3690 533 3770; x_wconf 83' lang='lat' dir='ltr'>poenitentiae</span> <span class='ocrx_word' id='word_1_252' title='bbox 546 3688 676 3749; x_wconf 89' lang='lat' dir='ltr'>definivit</span> <span class='ocrx_word' id='word_1_253' title='bbox 685 3689 837 3748; x_wconf 85' lang='lat' dir='ltr'>concilium</span> <span class='ocrx_word' id='word_1_254' title='bbox 849 3688 1072 3748; x_wconf 82' lang='lat' dir='ltr'>Tridentinum:</span> <span class='ocrx_word' id='word_1_255' title='bbox 1094 3699 1114 3727; x_wconf 80' lang='lat'>‘⁶</span> <span class='ocrx_word' id='word_1_256' title='bbox 1125 3690 1157 3748; x_wconf 86' lang='lat' dir='ltr'>Si</span> <span class='ocrx_word' id='word_1_257' title='bbox 1167 3690 1231 3764; x_wconf 87' lang='lat' dir='ltr'>quis</span> <span class='ocrx_word' id='word_1_258' title='bbox 1242 3690 1305 3750; x_wconf 87' lang='lat' dir='ltr'>dix-</span> 
     </span>
     <span class='ocr_line' id='line_1_31' title="bbox 105 3785 1305 3867; baseline -0.002 -17"><span class='ocrx_word' id='word_1_259' title='bbox 105 3792 169 3859; x_wconf 91' lang='lat' dir='ltr'>erit,</span> <span class='ocrx_word' id='word_1_260' title='bbox 186 3808 239 3867; x_wconf 89' lang='lat' dir='ltr'>pro</span> <span class='ocrx_word' id='word_1_261' title='bbox 261 3789 397 3866; x_wconf 87' lang='lat' dir='ltr'>pcccatis,</span> <span class='ocrx_word' id='word_1_262' title='bbox 419 3786 513 3861; x_wconf 88' lang='lat' dir='ltr'>quoad</span> <span class='ocrx_word' id='word_1_263' title='bbox 535 3805 648 3864; x_wconf 87' lang='lat' dir='ltr'>poenam</span> <span class='ocrx_word' id='word_1_264' title='bbox 675 3787 873 3864; x_wconf 86' lang='lat' dir='ltr'>temporalem,</span> <span class='ocrx_word' id='word_1_265' title='bbox 896 3785 1015 3845; x_wconf 91' lang='lat' dir='ltr'>minime</span> <span class='ocrx_word' id='word_1_266' title='bbox 1037 3786 1101 3847; x_wconf 90' lang='lat' dir='ltr'>Deo</span> <span class='ocrx_word' id='word_1_267' title='bbox 1121 3806 1172 3865; x_wconf 93' lang='lat' dir='ltr'>per</span> <span class='ocrx_word' id='word_1_268' title='bbox 1194 3787 1305 3848; x_wconf 80' lang='lat' dir='ltr'>Christi</span> 
     </span>
     <span class='ocr_line' id='line_1_32' title="bbox 107 3883 1307 3963; baseline -0.002 -16"><span class='ocrx_word' id='word_1_269' title='bbox 107 3887 211 3947; x_wconf 87' lang='lat' dir='ltr'>merita</span> <span class='ocrx_word' id='word_1_270' title='bbox 235 3885 380 3952; x_wconf 83' lang='lat' dir='ltr'>satisfieri,</span> <span class='ocrx_word' id='word_1_271' title='bbox 394 3885 489 3963; x_wconf 85' lang='lat' dir='ltr'>poenis</span> <span class='ocrx_word' id='word_1_272' title='bbox 510 3885 544 3944; x_wconf 87' lang='lat' dir='ltr'>ab</span> <span class='ocrx_word' id='word_1_273' title='bbox 564 3902 601 3943; x_wconf 89' lang='lat' dir='ltr'>eo</span> <span class='ocrx_word' id='word_1_274' title='bbox 620 3883 747 3952; x_wconf 90' lang='lat' dir='ltr'>inflictis,</span> <span class='ocrx_word' id='word_1_275' title='bbox 762 3894 791 3942; x_wconf 90' lang='lat' dir='ltr'>et</span> <span class='ocrx_word' id='word_1_276' title='bbox 804 3883 943 3962; x_wconf 83' lang='lat' dir='ltr'>patienter</span> <span class='ocrx_word' id='word_1_277' title='bbox 962 3883 1097 3953; x_wconf 89' lang='lat' dir='ltr'>toleratis,</span> <span class='ocrx_word' id='word_1_278' title='bbox 1112 3885 1158 3944; x_wconf 84' lang='lat' dir='ltr'>vel</span> <span class='ocrx_word' id='word_1_279' title='bbox 1178 3905 1196 3944; x_wconf 92' lang='lat' dir='ltr'>a</span> <span class='ocrx_word' id='word_1_280' title='bbox 1215 3904 1307 3946; x_wconf 86' lang='lat' dir='ltr'>sacer·</span> 
     </span>
    </p>
   </div>
   <div class='ocr_carea' id='block_1_5' title="bbox 105 4040 1312 4628">
    <p class='ocr_par' dir='ltr' id='par_1_11' title="bbox 105 4040 1312 4628">
     <span class='ocr_line' id='line_1_33' title="bbox 143 4040 1308 4112; baseline 0.002 -18"><span class='ocrx_word' id='word_1_281' title='bbox 143 4045 188 4112; x_wconf 91' lang='lat' dir='ltr'>(l)</span> <span class='ocrx_word' id='word_1_282' title='bbox 208 4049 223 4075; x_wconf 83' lang='lat'>‘⁴</span> <span class='ocrx_word' id='word_1_283' title='bbox 232 4042 259 4093; x_wconf 87' lang='lat' dir='ltr'>If</span> <span class='ocrx_word' id='word_1_284' title='bbox 270 4042 313 4094; x_wconf 88' lang='lat' dir='ltr'>the</span> <span class='ocrx_word' id='word_1_285' title='bbox 324 4042 433 4094; x_wconf 88' lang='lat' dir='ltr'>doctrine</span> <span class='ocrx_word' id='word_1_286' title='bbox 443 4041 472 4092; x_wconf 87' lang='lat' dir='ltr'>ol</span> <span class='ocrx_word' id='word_1_287' title='bbox 480 4041 521 4093; x_wconf 89' lang='lat' dir='ltr'>the</span> <span class='ocrx_word' id='word_1_288' title='bbox 532 4042 682 4093; x_wconf 75' lang='lat' dir='ltr'>htonement</span> <span class='ocrx_word' id='word_1_289' title='bbox 691 4042 713 4092; x_wconf 89' lang='lat' dir='ltr'>is</span> <span class='ocrx_word' id='word_1_290' title='bbox 723 4041 848 4108; x_wconf 84' lang='lat' dir='ltr'>conveyed</span> <span class='ocrx_word' id='word_1_291' title='bbox 859 4042 886 4095; x_wconf 88' lang='lat' dir='ltr'>in</span> <span class='ocrx_word' id='word_1_292' title='bbox 896 4041 938 4094; x_wconf 85' lang='lat' dir='ltr'>tha</span> <span class='ocrx_word' id='word_1_293' title='bbox 949 4040 1090 4108; x_wconf 81' lang='lat' dir='ltr'>expression</span> <span class='ocrx_word' id='word_1_294' title='bbox 1101 4042 1131 4093; x_wconf 86' lang='lat' dir='ltr'>ol</span> <span class='ocrx_word' id='word_1_295' title='bbox 1137 4041 1243 4094; x_wconf 77' lang='lat' dir='ltr'>Ouarsa</span> <span class='ocrx_word' id='word_1_296' title='bbox 1255 4060 1308 4096; x_wconf 86' lang='lat' dir='ltr'>cru·</span> 
     </span>
     <span class='ocr_line' id='line_1_34' title="bbox 106 4128 1309 4196; baseline -0.001 -11"><span class='ocrx_word' id='word_1_297' title='bbox 106 4131 187 4193; x_wconf 79' lang='lat' dir='ltr'>elfled,</span> <span class='ocrx_word' id='word_1_298' title='bbox 196 4147 224 4182; x_wconf 84' lang='lat' dir='ltr'>aa</span> <span class='ocrx_word' id='word_1_299' title='bbox 233 4130 295 4181; x_wconf 87' lang='lat' dir='ltr'>used</span> <span class='ocrx_word' id='word_1_300' title='bbox 305 4131 337 4196; x_wconf 75' lang='lat' dir='ltr'>by</span> <span class='ocrx_word' id='word_1_301' title='bbox 347 4130 382 4181; x_wconf 71' lang='lat' dir='ltr'>St.</span> <span class='ocrx_word' id='word_1_302' title='bbox 394 4128 466 4191; x_wconf 87' lang='lat' dir='ltr'>Paul,</span> <span class='ocrx_word' id='word_1_303' title='bbox 473 4129 493 4180; x_wconf 91' lang='lat' dir='ltr'>it</span> <span class='ocrx_word' id='word_1_304' title='bbox 503 4129 525 4180; x_wconf 85' lang='lat' dir='ltr'>is</span> <span class='ocrx_word' id='word_1_305' title='bbox 535 4131 568 4196; x_wconf 82' lang='lat' dir='ltr'>by</span> <span class='ocrx_word' id='word_1_306' title='bbox 579 4130 701 4194; x_wconf 83' lang='lat' dir='ltr'>teaching,</span> <span class='ocrx_word' id='word_1_307' title='bbox 708 4138 734 4181; x_wconf 86' lang='lat' dir='ltr'>st</span> <span class='ocrx_word' id='word_1_308' title='bbox 743 4130 785 4181; x_wconf 89' lang='lat' dir='ltr'>the</span> <span class='ocrx_word' id='word_1_309' title='bbox 796 4145 863 4182; x_wconf 85' lang='lat' dir='ltr'>same</span> <span class='ocrx_word' id='word_1_310' title='bbox 870 4130 937 4192; x_wconf 86' lang='lat' dir='ltr'>time,</span> <span class='ocrx_word' id='word_1_311' title='bbox 947 4129 989 4180; x_wconf 88' lang='lat' dir='ltr'>the</span> <span class='ocrx_word' id='word_1_312' title='bbox 1000 4129 1120 4194; x_wconf 72' lang='lat' dir='ltr'>neaemity</span> <span class='ocrx_word' id='word_1_313' title='bbox 1131 4130 1161 4180; x_wconf 92' lang='lat' dir='ltr'>of</span> <span class='ocrx_word' id='word_1_314' title='bbox 1173 4147 1218 4181; x_wconf 91' lang='lat' dir='ltr'>our</span> <span class='ocrx_word' id='word_1_315' title='bbox 1229 4133 1309 4184; x_wconf 87' lang='lat' dir='ltr'>morti·</span> 
     </span>
     <span class='ocr_line' id='line_1_35' title="bbox 105 4215 1310 4282; baseline -0.002 -11"><span class='ocrx_word' id='word_1_316' title='bbox 105 4218 214 4278; x_wconf 68' lang='lat' dir='ltr'>hennon,</span> <span class='ocrx_word' id='word_1_317' title='bbox 226 4216 307 4268; x_wconf 79' lang='lat' dir='ltr'>which</span> <span class='ocrx_word' id='word_1_318' title='bbox 318 4217 340 4268; x_wconf 87' lang='lat' dir='ltr'>is</span> <span class='ocrx_word' id='word_1_319' title='bbox 350 4224 489 4282; x_wconf 77' lang='lat' dir='ltr'>repugnant</span> <span class='ocrx_word' id='word_1_320' title='bbox 499 4225 525 4266; x_wconf 92' lang='lat' dir='ltr'>to</span> <span class='ocrx_word' id='word_1_321' title='bbox 536 4216 650 4282; x_wconf 88' lang='lat' dir='ltr'>opinions</span> <span class='ocrx_word' id='word_1_322' title='bbox 660 4233 718 4267; x_wconf 85' lang='lat' dir='ltr'>now</span> <span class='ocrx_word' id='word_1_323' title='bbox 728 4217 844 4268; x_wconf 85' lang='lat' dir='ltr'>received.</span> <span class='ocrx_word' id='word_1_324' title='bbox 878 4215 903 4267; x_wconf 91' lang='lat' dir='ltr'>It</span> <span class='ocrx_word' id='word_1_325' title='bbox 913 4217 935 4268; x_wconf 87' lang='lat' dir='ltr'>is</span> <span class='ocrx_word' id='word_1_326' title='bbox 945 4215 1094 4282; x_wconf 73' lang='lat' dir='ltr'>expressing,</span> <span class='ocrx_word' id='word_1_327' title='bbox 1105 4215 1133 4267; x_wconf 90' lang='lat' dir='ltr'>in</span> <span class='ocrx_word' id='word_1_328' title='bbox 1144 4216 1213 4267; x_wconf 90' lang='lat' dir='ltr'>other</span> <span class='ocrx_word' id='word_1_329' title='bbox 1222 4217 1310 4279; x_wconf 84' lang='lat' dir='ltr'>words,</span> 
     </span>
     <span class='ocr_line' id='line_1_36' title="bbox 107 4301 1312 4368; baseline 0 -13"><span class='ocrx_word' id='word_1_330' title='bbox 107 4320 153 4356; x_wconf 87' lang='lat' dir='ltr'>aar</span> <span class='ocrx_word' id='word_1_331' title='bbox 165 4301 313 4356; x_wconf 80' lang='lat' dir='ltr'>Sarroua’s</span> <span class='ocrx_word' id='word_1_332' title='bbox 325 4302 481 4362; x_wconf 84' lang='lat' dir='ltr'>declaration,</span> <span class='ocrx_word' id='word_1_333' title='bbox 496 4301 543 4353; x_wconf 85' lang='lat' dir='ltr'>‘hs</span> <span class='ocrx_word' id='word_1_334' title='bbox 553 4302 607 4353; x_wconf 85' lang='lat' dir='ltr'>that</span> <span class='ocrx_word' id='word_1_335' title='bbox 617 4302 714 4353; x_wconf 69' lang='lat' dir='ltr'>comem</span> <span class='ocrx_word' id='word_1_336' title='bbox 725 4303 785 4354; x_wconf 78' lang='lat' dir='ltr'>atter</span> <span class='ocrx_word' id='word_1_337' title='bbox 803 4314 844 4354; x_wconf 84' lang='lat' dir='ltr'>me</span> <span class='ocrx_word' id='word_1_338' title='bbox 860 4310 927 4354; x_wconf 90' lang='lat' dir='ltr'>must</span> <span class='ocrx_word' id='word_1_339' title='bbox 943 4303 999 4354; x_wconf 79' lang='lat' dir='ltr'>telae</span> <span class='ocrx_word' id='word_1_340' title='bbox 1015 4317 1050 4368; x_wconf 90' lang='lat' dir='ltr'>up</span> <span class='ocrx_word' id='word_1_341' title='bbox 1061 4301 1100 4353; x_wconf 85' lang='lat' dir='ltr'>his</span> <span class='ocrx_word' id='word_1_342' title='bbox 1109 4318 1175 4353; x_wconf 85' lang='lat' dir='ltr'>erosa</span> <span class='ocrx_word' id='word_1_343' title='bbox 1185 4302 1251 4368; x_wconf 84' lang='lat' dir='ltr'>daily</span> <span class='ocrx_word' id='word_1_344' title='bbox 1262 4305 1312 4355; x_wconf 85' lang='lat' dir='ltr'>aad</span> 
     </span>
     <span class='ocr_line' id='line_1_37' title="bbox 107 4388 1311 4455; baseline 0 -12"><span class='ocrx_word' id='word_1_345' title='bbox 107 4392 192 4443; x_wconf 83' lang='lat' dir='ltr'>follow</span> <span class='ocrx_word' id='word_1_346' title='bbox 202 4390 259 4441; x_wconf 82' lang='lat' dir='ltr'>rna’</span> <span class='ocrx_word' id='word_1_347' title='bbox 292 4388 365 4454; x_wconf 82' lang='lat' dir='ltr'>They</span> <span class='ocrx_word' id='word_1_348' title='bbox 376 4388 436 4438; x_wconf 91' lang='lat' dir='ltr'>both</span> <span class='ocrx_word' id='word_1_349' title='bbox 452 4389 529 4453; x_wconf 85' lang='lat' dir='ltr'>imply</span> <span class='ocrx_word' id='word_1_350' title='bbox 541 4388 594 4438; x_wconf 87' lang='lat' dir='ltr'>that</span> <span class='ocrx_word' id='word_1_351' title='bbox 610 4405 648 4438; x_wconf 82' lang='lat' dir='ltr'>wc</span> <span class='ocrx_word' id='word_1_352' title='bbox 665 4396 756 4439; x_wconf 89' lang='lat' dir='ltr'>cannot</span> <span class='ocrx_word' id='word_1_353' title='bbox 773 4388 895 4455; x_wconf 78' lang='lat' dir='ltr'>approach</span> <span class='ocrx_word' id='word_1_354' title='bbox 914 4388 971 4440; x_wconf 82' lang='lat' dir='ltr'>Gon</span> <span class='ocrx_word' id='word_1_355' title='bbox 992 4389 1097 4441; x_wconf 81' lang='lat' dir='ltr'>without</span> <span class='ocrx_word' id='word_1_356' title='bbox 1114 4405 1130 4439; x_wconf 87' lang='lat' dir='ltr'>a</span> <span class='ocrx_word' id='word_1_357' title='bbox 1147 4389 1311 4453; x_wconf 65' lang='lat' dir='ltr'>amrium-a</span> 
     </span>
     <span class='ocr_line' id='line_1_38' title="bbox 107 4474 1312 4549; baseline -0.001 -20"><span class='ocrx_word' id='word_1_358' title='bbox 107 4476 218 4530; x_wconf 67' lang='lat' dir='ltr'>acrium</span> <span class='ocrx_word' id='word_1_359' title='bbox 232 4492 264 4527; x_wconf 89' lang='lat' dir='ltr'>on</span> <span class='ocrx_word' id='word_1_360' title='bbox 276 4475 317 4527; x_wconf 90' lang='lat' dir='ltr'>the</span> <span class='ocrx_word' id='word_1_361' title='bbox 328 4484 382 4541; x_wconf 85' lang='lat' dir='ltr'>part</span> <span class='ocrx_word' id='word_1_362' title='bbox 393 4477 422 4527; x_wconf 91' lang='lat' dir='ltr'>of</span> <span class='ocrx_word' id='word_1_363' title='bbox 434 4474 528 4526; x_wconf 89' lang='lat' dir='ltr'>human</span> <span class='ocrx_word' id='word_1_364' title='bbox 548 4483 635 4526; x_wconf 82' lang='lat' dir='ltr'>nature</span> <span class='ocrx_word' id='word_1_365' title='bbox 645 4475 672 4526; x_wconf 93' lang='lat' dir='ltr'>in</span> <span class='ocrx_word' id='word_1_366' title='bbox 684 4476 762 4527; x_wconf 90' lang='lat' dir='ltr'>nnion</span> <span class='ocrx_word' id='word_1_367' title='bbox 773 4475 834 4527; x_wconf 83' lang='lat' dir='ltr'>arith</span> <span class='ocrx_word' id='word_1_368' title='bbox 852 4475 906 4549; x_wconf 82' lang='lat' dir='ltr'>that</span> <span class='ocrx_word' id='word_1_369' title='bbox 921 4475 951 4527; x_wconf 86' lang='lat' dir='ltr'>of</span> <span class='ocrx_word' id='word_1_370' title='bbox 963 4491 1009 4528; x_wconf 86' lang='lat' dir='ltr'>our</span> <span class='ocrx_word' id='word_1_371' title='bbox 1024 4476 1172 4530; x_wconf 54' lang='lat' dir='ltr'>Sarrana?</span> <span class='ocrx_word' id='word_1_372' title='bbox 1204 4477 1262 4532; x_wconf 87' lang='lat' dir='ltr'>Vol.</span> <span class='ocrx_word' id='word_1_373' title='bbox 1278 4479 1312 4530; x_wconf 85' lang='lat' dir='ltr'>iv.</span> 
     </span>
     <span class='ocr_line' id='line_1_39' title="bbox 108 4560 392 4628; baseline -0.011 -12"><span class='ocrx_word' id='word_1_374' title='bbox 108 4560 188 4616; x_wconf 67' lang='lat' dir='ltr'>&#39;l‘ract</span> <span class='ocrx_word' id='word_1_375' title='bbox 198 4563 250 4614; x_wconf 85' lang='lat' dir='ltr'>No.</span> <span class='ocrx_word' id='word_1_376' title='bbox 261 4563 302 4613; x_wconf 80' lang='lat'>80.</span> <span class='ocrx_word' id='word_1_377' title='bbox 313 4579 338 4628; x_wconf 92' lang='lat' dir='ltr'>p.</span> <span class='ocrx_word' id='word_1_378' title='bbox 350 4565 392 4613; x_wconf 83' lang='grc'>75.</span> 
     </span>
    </p>
   </div>
   <div class='ocr_carea' id='block_1_6' title="bbox 54 4622 1328 4796">
    <p class='ocr_par' dir='ltr' id='par_1_12' title="bbox 54 4622 1328 4796">
     <span class='ocr_line' id='line_1_40' title="bbox 54 4622 1328 4796; baseline 0 -2"><span class='ocrx_word' id='word_1_379' title='bbox 54 4622 506 4796; x_wconf 42' lang='grc'>1311123181</span> <span class='ocrx_word' id='word_1_380' title='bbox 1147 4622 1328 4764; x_wconf 60' lang='lat' dir='ltr'>fl</span> 
     </span>
    </p>
   </div>
   <div class='ocr_carea' id='block_1_7' title="bbox 0 0 1408 5056">
    <p class='ocr_par' dir='ltr' id='par_1_13' title="bbox 0 0 1408 5056">
     <span class='ocr_line' id='line_1_41' title="bbox 0 0 1408 5056; baseline 0 0"><span class='ocrx_word' id='word_1_381' title='bbox 0 0 1408 5056; x_wconf 95' lang='lat' dir='ltr'> </span> 
     </span>
    </p>
   </div>
  </div>
 </body>
</html>
