2774 5056
281 319 342 381 DE
362 316 670 378 INS'I'PPUTIONE
692 317 1003 381 EUOHARISTIAE.
1184 324 1240 383 lb'l

80 480 188 559 sanguine
216 479 327 538 Christi
351 477 484 544 vescitur,
499 489 530 536 ut
544 478 638 535 enims
651 475 687 535 de
701 477 766 536 Deo
786 479 978 555 saginetur.⁸'¹
1017 479 1058 539 Et
1071 480 1140 539 elias
1156 480 1191 541 de
1207 483 1242 540 iis
1360 532 1364 555 ,

79 580 113 652 qui
123 597 226 658 operam
241 574 441 655 impendebant
454 577 553 655 statuis
568 575 707 634 idolorum
728 575 903 654 sculpendis,
918 588 947 635 et
961 588 1059 654 postes
1073 579 1241 640 Sacramen-

10 718 12 723 -
78 684 120 733 ton
131 674 299 733 eucharistie
313 659 457 731 audebant
470 672 615 749 recipere:
638 681 658 708 ‘⁴
668 671 744 729 Tota
758 670 804 729 die
820 670 941 731 adhunc
954 683 1063 750 partem
1078 675 1159 735 zelus
1173 676 1243 736 fidei

10 804 12 811 ·
77 772 198 847 perorabit,
213 771 368 847 ingemens
384 768 580 826 Christianum
600 768 635 825 ab
649 767 732 825 idolis
746 769 776 826 in
790 768 952 827 Ecclesiam
975 771 1081 839 venire,
1097 759 1132 830 de
1146 772 1243 832 adrer-

75 868 129 926 saria
140 868 250 927 officina
264 868 296 926 in
321 866 439 924 domurn
463 864 520 923 Dei
545 865 651 932 venire,
667 866 794 924 attollere
820 866 855 924 ad
883 867 980 926 Deum
1004 868 1118 928 Patrem
1142 889 1243 929 manus

75 975 153 1024 matres
166 966 318 1034 idolorum,
334 963 379 1023 his
393 964 523 1022 manibus
534 961 649 1021 adorere
664 981 727 1036 que
741 962 809 1021 foris
824 963 960 1023 adversus
972 964 1066 1025 Deum
1082 966 1242 1037 adorantur,

73 1078 209 1120 emmanue
232 1059 384 1120 admovere
407 1060 519 1136 corpori
530 1058 660 1127 Domini,
682 1077 745 1132 quoe
766 1054 916 1119 daemoniis
943 1080 1064 1140 corpora
1084 1063 1241 1123 conferunt.

73 1156 122 1216 Neo
133 1157 190 1227 hoe¹
210 1157 327 1216 sufficit.
369 1156 475 1215 Parum
489 1156 559 1214 sitsi
574 1156 608 1214 eb
622 1155 685 1213 aliis
700 1157 829 1215 manibus
854 1158 996 1235 accipiant
1015 1159 1091 1232 quod
1106 1162 1243 1219 contami·

74 1263 133 1323 nent,
145 1255 194 1314 sed
210 1254 296 1314 etiam
317 1255 388 1332 ipse
402 1253 515 1312 tradunt
528 1252 604 1327 quod
619 1254 681 1312 aliis
702 1253 975 1314 contaminaverunt.
1016 1252 1199 1335 Adleguntur
1212 1259 1243 1317 in

71 1350 175 1411 ordinem
203 1351 430 1411 ecclesiasticum
457 1350 579 1409 artifices
602 1349 752 1409 idolorum.
793 1351 851 1409 Pro
876 1351 992 1412 scelus!
1034 1353 1133 1412 Semel
1146 1355 1241 1414 Junci

69 1447 164 1508 Christo
177 1467 279 1507 manue
291 1446 464 1506 intulerunt·
486 1447 534 1505 isti
545 1446 670 1521 quotidie
681 1465 785 1525 corpus
800 1432 862 1525 ejus
875 1447 1030 1508 lacessunt.
1071 1451 1117 1510 O!
1140 1469 1241 1510 manus

68 1545 273 1622 precidendae!”
286 1549 299 1581 ¹

95 1648 136 1704 78.
158 1642 286 1723 Obj.1n.
308 1642 449 1720 Origenes
473 1643 564 1701 ait:‘
567 1643 706 1700 ⁴-Panis
698 1654 752 1701 rste
773 1661 859 1716 quem
880 1642 961 1703 Deus
984 1644 1112 1749 Verbum
1137 1665 1241 1724 corpus

65 1759 132 1802 suum
144 1741 252 1811 latetur,
267 1741 385 1800 verbum
400 1751 445 1798 est
459 1739 639 1799 nutritorium
654 1739 859 1799 animarum.”⁸

93 1838 173 1919 Reep.
195 1839 229 1898 lu
253 1857 333 1898 more
355 1839 479 1916 positum
493 1846 538 1896 est
557 1837 676 1914 Origeni
701 1836 736 1895 ad
758 1839 894 1915 mysticus
908 1839 1081 1917 confugere
1075 1851 1242 1919 interpreta-

64 1939 149 2008 tiones,
160 1940 244 1997 obvio
264 1937 415 1996 verborum
440 1936 526 1995 sensu
551 1936 658 2003 relicto,
674 1954 759 2008 quem
775 1946 870 1996 tamen
886 1937 941 1996 lroc
954 1937 1019 1998 loco
1034 1958 1092 1998 non
1104 1940 1240 2010 excludit,

61 2055 116 2096 nam
128 2055 228 2115 corpus
242 2035 363 2095 Domini
383 2035 491 2112 suscipi
506 2035 535 2094 in
560 2035 705 2110 mysteriis
727 2046 822 2112 aperte
837 2036 997 2104 confitetur,
1012 2038 1053 2095 uti
1070 2038 1133 2114 jam
1148 2048 1242 2097 osten-

61 2131 153 2192 dirum.

46 2306 54 2317 ·
92 2234 136 2290 79.
159 2228 224 2309 obj.
241 2233 289 2288 lu.
304 2227 445 2306 Origenes
460 2228 545 2285 etiam
559 2227 647 2288 dicit:
670 2236 689 2264 ‘⁶
700 2228 770 2287 Non
783 2229 859 2286 enim
874 2247 975 2306 panem
992 2230 1071 2289 illum
1088 2231 1239 2299 visibilem,
1303 2228 1305 2233 ’

59 2344 134 2401 quem
145 2330 258 2387 tenebat
271 2326 453 2393 inmanibus,
466 2344 570 2402 corpus
581 2315 665 2382 suurn
675 2323 785 2382 dicebat
799 2325 879 2383 Deus
892 2325 1029 2394 Verbum,
1044 2327 1095 2385 sed
1111 2330 1239 2397 verbum,
1300 2328 1302 2337 '

56 2424 169 2503 iconius
182 2424 321 2502 mysterio
334 2424 424 2482 suerat
437 2423 519 2500 panis
534 2421 581 2479 ille
595 2419 776 2498 frangendus.
828 2422 892 2479 Nec
914 2431 1014 2495 potum
1037 2422 1117 2482 illum
1142 2424 1239 2482 visibi-

56 2522 108 2583 lem
132 2523 296 2603 sanguinem
323 2540 406 2581 suum
430 2520 551 2588 dicebat,
566 2518 617 2577 sed
642 2520 769 2587 verbum,
791 2519 821 2577 in
836 2520 918 2596 cujus
933 2521 1070 2596 mysterio
1086 2531 1169 2598 potus
1190 2522 1239 2582 ille

56 2617 341 2680 lucrateliuudeudus.
383 2617 461 2676 Nam
475 2635 579 2693 corpus
594 2615 650 2673 Dei
664 2615 762 2684 Verbi,
785 2625 832 2674 aut
854 2617 981 2693 sanguis,
997 2616 1066 2690 quid
1081 2617 1238 2677 aliudesse

10 2776 12 2797 2
56 2727 149 2797 potest,
163 2717 218 2777 nisi
231 2718 350 2776 verbum
364 2713 441 2790 quod
455 2716 552 2782 nutrit,
567 2724 595 2772 et
609 2714 727 2772 verbum
741 2711 818 2786 quod
832 2712 957 2772 laetilicat
971 2732 1021 2772 cor
1032 2713 1081 2771 2⁹⁹⁴

27 2876 33 2887 ,
88 2812 173 2895 Resp.
193 2815 300 2889 Liquet
313 2811 483 2889 Origenem,
499 2830 550 2887 pro
571 2828 660 2879 more,
682 2812 836 2886 mysticum
865 2811 1015 2884 exquirere
1036 2830 1164 2881 sensum,
1190 2815 1240 2887 qui

55 2918 140 2973 lunen
152 2932 169 2969 a
182 2909 386 2970 Protestsntica
405 2907 647 2983 interpretatione,
662 2905 697 2964 de
712 2906 852 2982 symbolis
866 2916 894 2964 et
905 2907 1006 2984 signis,
1021 2918 1049 2965 et
1063 2907 1098 2966 de
1122 2929 1240 2989 percep·

55 3010 124 3070 tione
136 3009 200 3079 fide,
211 3010 296 3086 longe
310 3006 404 3065 distat.
447 3005 591 3063 Oaeterum
607 3023 659 3062 nec
673 3004 790 3062 obvium
801 3022 919 3062 sensum
930 3005 1073 3064 exclusit
1066 3026 1139 3084 rpse,
1150 3026 1238 3083 quum

55 3107 165 3165 scribat:
187 3105 321 3164 “Bibere
335 3101 458 3160 dicimur
477 3100 646 3176 sanguinem
661 3098 782 3166 Christi,
798 3119 856 3158 non
876 3098 970 3159 solum
996 3112 1238 3164 sacramentorum

55 3206 113 3274 situ,
126 3205 174 3265 sed
187 3216 293 3264 etcum
308 3218 456 3261 sermones
470 3199 533 3277 ejus
548 3199 712 3275 recipimus,
728 3198 757 3256 in
773 3199 876 3272 quibus
890 3199 949 3256 vita
963 3201 1114 3258 consistit.
1118 3201 1141 3237 ‘⁵

10 3332 12 3355 ι
89 3307 133 3362 88.
157 3300 223 3383 ooj.
242 3306 289 3361 17.
310 3298 489 3376 Augustinus
504 3297 591 3365 ait3‘
595 3296 685 3355 ‘Non
706 3294 842 3354 dubitavit
853 3295 998 3355 Dominus
1010 3296 1124 3355 dicere
1148 3298 1239 3358 ‘Hoc

10 3396 13 3477 j
54 3412 93 3460 est
103 3421 201 3481 corpus
215 3397 333 3466 meum,’
349 3416 414 3455 cum
429 3397 543 3474 siguum
556 3395 635 3463 duret
647 3394 774 3469 corporis
796 3395 851 3450 sui.
855 3392 889 3428 ”⁰
928 3394 968 3453 Et
983 3395 1038 3452 alio
1058 3394 1122 3453 loco
1144 3394 1231 3453 dicit:

10 3486 13 3551 l
52 3509 71 3539 ‘⁴
81 3499 205 3559 Christus
219 3496 348 3557 adhibuit
359 3493 379 3553 J
382 3493 465 3553 udam
477 3491 511 3551 ad
526 3492 689 3551 convivium
700 3491 731 3548 in
745 3509 801 3563 quo
815 3491 942 3566 corporis
957 3491 1002 3548 sui
1014 3491 1134 3566 figuram
1149 3491 1234 3550 disci·

51 3591 389 3677 pulisoommendsvit.’'⁷

10 3686 13 3773 f
83 3694 166 3775 Resp.
191 3694 314 3771 Signum
329 3689 416 3768 priori
428 3688 493 3746 loco
508 3694 673 3761 usurpatum
686 3682 794 3740 videtur
809 3680 844 3739 ed
860 3693 984 3742 mentem
1007 3683 1236 3747 Manichaeorum

10 3800 13 3861 ξ
51 3811 106 3854 cum
114 3793 217 3868 quibus
226 3788 402 3867 disputabatr
418 3783 512 3842 sedne
522 3781 650 3840 obscuris
660 3799 758 3839 eorum
768 3779 909 3838 erroribus
918 3780 1037 3839 lectores
1048 3780 1237 3855 detineamus,

10 3886 14 3955 l
47 3887 156 3949 boner
168 3904 275 3967 panem
290 3881 509 3943 eucharisticum
524 3879 639 3956 signum
653 3888 683 3934 et
695 3875 815 3954 figuram
832 3876 1044 3951 quodammodo
1059 3877 1115 3937 dici
1137 3898 1235 3955 posse,

48 3987 199 4068 obspeeiea
213 3992 360 4049 externae,
375 3978 479 4054 quibus
499 3976 607 4034 velatur
630 3993 735 4052 corpus
757 3973 894 4033 Domini:
916 3993 970 4033 nec
984 3975 1061 4035 enim
1083 3976 1237 4036 manifestb

339 4136 382 4205 (1)
400 4134 456 4186 Lib.
472 4134 503 4185 de
513 4149 589 4185 resur.
600 4149 647 4184 cer.

339 4222 383 4290 (2)
401 4220 457 4272 Lib.
464 4220 495 4271 de
501 4219 645 4271 idololatris.

342 4309 382 4375 (8)
400 4306 431 4359 Ιιι
442 4323 465 4357 ο.
476 4305 544 4356 xxvi.
556 4298 617 4357 Mat.

339 4395 382 4462 (4)
402 4394 541 4443 comment.
553 4391 627 4440 series
638 4389 665 4440 in
674 4387 762 4439 Metth.
773 4403 799 4436 n.
811 4387 852 4434 85.

341 4482 383 4548 (b)
405 4479 482 4530 Hom.
492 4477 543 4528 xvi.
554 4477 581 4528 iu
592 4475 670 4526 Num.

342 4567 384 4634 (6)
405 4564 435 4616 L.
446 4573 533 4616 contre
543 4562 706 4614 Adimantum
718 4574 740 4608 o.
749 4556 793 4608 xii.

344 4652 387 4721 (7)
407 4651 506 4703 Dorum·
517 4651 545 4702 iu
562 4649 628 4700 Psal.
640 4647 675 4699 iii.

109 4730 193 4790 Ver..
206 4722 347 4785 tlt-1⁴

10 4844 14 4897 l
101 4872 105 4883 .

10 4900 14 4981 l
