2812 5062
404 314 462 375 oe
483 313 584 375 niro
601 313 929 375 uucnsnisrico
1178 297 1259 370 ‘121
1362 294 1397 385 ”i

10 540 14 549 ‚
107 475 155 552 10.
174 472 241 552 ooj.
257 478 285 532 6.
306 474 443 543 loannes,
453 475 502 548 qul
514 473 716 552 spiritaliserat
726 473 894 551 discipulus,
909 481 1005 551 utpote
1018 473 1100 532 sinus
1113 473 1262 532 Domiuiei
1289 428 1334 630 j

10 644 13 649 .
64 588 233 630 areanorum
247 572 390 639 conscius,
405 569 440 629 de
454 589 527 648 pane
542 582 571 629 et
583 571 650 628 rino
664 571 695 629 iu
710 590 791 630 eoena
805 569 892 639 siluit,
907 570 1030 647 plurima
1049 571 1104 629 alia
1124 569 1262 630 referens.
1290 624 1296 631 ,

106 666 197 746 Resp.
222 669 309 727 Siluit
322 668 439 742 quidem
452 670 580 729 Joannes
594 667 630 727 de
645 667 822 727 eucharistie
836 668 1023 737 institutione,
1038 687 1124 741 quam
1140 670 1201 746 jam
1222 687 1264 727 re-

23 834 28 839 ·
63 763 189 823 tulerant
209 766 257 823 alii
271 767 423 844 scriptores
437 766 520 825 sacri.
557 766 631 825 Haee
644 765 749 824 idonea
763 765 869 823 silentii
881 765 962 833 ratio,
978 776 1167 842 praeterquam
1182 765 1260 839 quod

67 861 133 939 ipse
147 863 380 938 pollicitationem
397 864 507 923 Christi
520 863 556 922 de
570 881 643 942 pane
659 862 770 922 eoelesti
783 862 878 920 dando
892 861 1046 922 retulisset.

107 961 157 1016 ll.
182 956 247 1037 obj.
263 966 292 1019 7.
314 960 389 1028 Quae
402 970 484 1019 sexto
498 959 590 1038 capite
604 959 650 1017 sui
670 958 822 1035 Evangelii
842 957 927 1017 refert
946 958 1074 1018 loannes
1089 978 1105 1016 a
1120 960 1263 1018 versiculo

62 1057 104 1112 32
119 1055 155 1113 ad
168 1056 256 1115 finem
270 1076 372 1131 usque,
389 1056 424 1116 de
439 1076 559 1135 corpore
574 1056 684 1115 Christi
698 1055 818 1124 coelesti,
830 1073 935 1133 nempe
950 1054 985 1114 de
1006 1056 1117 1114 semine
1134 1056 1207 1124 vitre,
1224 1058 1264 1116 in·

61 1152 218 1230 telligenda
231 1165 306 1222 suut,
319 1153 388 1213 dioit
400 1154 496 1213 enim:
519 1164 539 1191 “
549 1154 635 1213 Pater
645 1171 727 1212 meus
736 1150 874 1220 ‹tatjvobis
885 1171 988 1229 panem
996 1151 1032 1211 de
1044 1153 1116 1211 eoelo
1128 1153 1264 1212 verum.”

60 1234 162 1328 lugo
175 1269 239 1310 sum
261 1253 344 1328 panis
365 1253 414 1326 qui
438 1252 473 1310 de
494 1251 567 1311 eoelo
588 1250 755 1309 deseendi.”
797 1250 894 1309 Nemo
914 1261 1009 1310 autem
1029 1249 1134 1309 dixerit
1158 1269 1262 1328 corpus

59 1366 151 1408 snum
164 1358 314 1408 externum
328 1349 405 1423 quod
418 1350 449 1408 in
463 1349 544 1408 terris
557 1349 656 1408 habuit
669 1367 685 1407 e
699 1348 773 1407 eoelo
793 1351 858 1408 esse
874 1346 1034 1424 delapsum.

49 1446 56 1457 ’
90 1444 197 1524 ·Resp.
219 1446 264 1505 De
275 1464 307 1504 se
319 1447 445 1520 loquitur
459 1446 603 1516 Christus,
615 1465 704 1520 seque
719 1466 735 1505 a
749 1446 822 1505 eoelo
836 1444 1030 1514 descendisse,
1040 1456 1069 1503 et
1079 1463 1143 1503 esse
1154 1446 1183 1503 in
1192 1447 1265 1506 eoelo

57 1541 144 1611 dieit,
159 1556 191 1603 ut
212 1562 294 1604 susm
311 1545 451 1622 originem
467 1565 484 1602 a
504 1545 598 1613 Patre,
615 1557 644 1603 et
664 1544 793 1604 intimam
814 1553 920 1603 naturae
942 1543 1175 1621 conjunctionem
1196 1563 1264 1605 eum

59 1638 152 1699 Patre
164 1641 300 1700 insinuet.
343 1642 381 1701 Se
397 1641 525 1701 nominat
545 1660 660 1719 panem,
675 1641 777 1700 animae
791 1641 899 1709 eibum,
914 1641 964 1715 qui
984 1641 1096 1699 ooelitus
1112 1641 1198 1699 veluti
1218 1642 1266 1700 de·

59 1738 163 1815 lapsus
177 1748 231 1807 est,
245 1739 309 1815 ipse
322 1739 400 1798 enim
415 1739 508 1813 quiin
523 1740 605 1798 terris
625 1740 800 1807 versabatur,
815 1747 874 1797 erat
894 1737 972 1797 idem
987 1738 1081 1811 quiin
1096 1739 1176 1796 eoelis
1199 1759 1265 1798 eum

60 1835 149 1894 Putre
163 1836 198 1894 ab
213 1854 275 1894 aevo
288 1837 431 1913 regnabat.
473 1836 560 1894 Pater
575 1835 642 1893 dare
665 1835 742 1894 hune
756 1836 853 1895 cibum
871 1828 984 1903 dieitur,
1000 1835 1068 1908 quia
1088 1835 1193 1894 Filium
1215 1836 1266 1894 hu·

60 1951 177 1992 monam
192 1951 305 1992 earnem
320 1933 400 1992 indui
415 1933 514 1992 voluit.
556 1932 641 1990 Hane
661 1951 785 2001 earnem,
802 1932 895 2010 ipsam
910 1951 974 2005 quae
996 1951 1047 2008 pro
1062 1931 1161 1990 muudi
1175 1933 1266 1992 salute

59 2027 155 2087 danda
169 2038 237 2097 erat,
252 2048 284 2088 se
298 2028 427 2088 daturum
442 2028 586 2106 pollicitus
600 2038 653 2087 est.
694 2028 816 2088 Nullum
831 2029 878 2088 hie
893 2027 1030 2088 indicium
1045 2029 1173 2106 corporis
1188 2029 1264 2088 illius

58 2126 154 2185 fictitii
170 2125 247 2200 quod
261 2126 377 2186 eoeleste
392 2136 495 2186 vocant
510 2125 651 2193 Quakeri.
