2774 5056
104 309 143 365 sa
418 304 479 367 nu
499 303 697 389 prement
719 304 992 369 neruosusne.

103 473 132 523 et
145 463 274 525 btemder
283 465 347 525 rite
361 473 484 524 eume.
512 463 616 525 llerbis
626 462 791 527 clarioribus
805 464 939 542 baptismi
949 463 1071 525 effectis
1086 460 1228 527 annonari
1239 479 1299 554 non

103 575 232 640 merant.

142 658 294 719 Probatur
307 658 350 719 II.
372 658 501 719 Petrum
514 657 705 719 ttrtitnoniie.
1271 713 1275 720 ,

142 759 192 815 ot.
213 755 248 815 In
262 756 397 818 Barnabae
408 755 539 834 epistola,
550 755 701 831 quamjom
714 753 904 824 laudavimus,
914 755 1017 815 dicitnr
1032 775 1043 825 ς
1064 752 1297 815 “descendimus

102 852 218 926 quidem
239 853 384 927 inaquam
398 853 474 931 pleni
491 853 612 930 peccatis
627 871 660 913 oc
673 852 815 920 sordibus,
830 853 896 913 inde
910 865 1005 913 autem
1019 853 1207 930 emergimus,
1222 851 1300 911 fruc·

101 957 160 1007 tum
176 947 325 1008 afferentes
339 949 369 1008 in
380 948 474 1017 corde,
488 951 616 1007 timorem
631 961 660 1006 et
673 967 754 1025 spem
768 950 797 1007 in
813 948 914 1007 iesum
936 950 1072 1009 habentes
1087 969 1124 1008 ex
1145 948 1298 1025 spiritn.”¹

87 1045 88 1048 ’
139 1047 188 1104 95.
211 1046 242 1105 S.
263 1045 455 1106 insumendo
481 1044 658 1123 baptisandis
673 1046 730 1104 ait:
753 1045 830 1104 “Eo
850 1045 1021 1107 ducuntura
1041 1046 1136 1113 nobis,
1152 1045 1201 1103 nbi
1221 1063 1298 1118 aqua

99 1151 171 1201 esta
196 1154 227 1201 et
243 1141 350 1202 eodem
376 1143 597 1220 regenerationis
621 1141 708 1203 modo
733 1155 943 1220 regenerantur,
970 1161 1028 1218 quo
1063 1143 1173 1220 stipsi
1196 1158 1296 1228 sumne

99 1238 304 1317 regenerati.'’¹
739 1295 741 1299 ,

139 1338 188 1394 96.
211 1336 243 1393 S.
264 1333 405 1395 lueremus
426 1335 483 1395 ait:
505 1334 711 1394 “Potestatem
731 1335 957 1412 regenerationis
985 1333 1027 1413 (in
1048 1334 1157 1414 Deum)
1180 1337 1297 1402 deman·

97 1434 168 1493 dans
183 1432 342 1511 discipulis,
356 1434 468 1495 dicebat
480 1434 540 1492 eis:
561 1433 672 1493 Eunter
687 1432 789 1493 docete
801 1451 902 1492 omnes
915 1434 1223 1511 gentenbaptizantes
1243 1457 1296 1499 eos

97 1531 128 1590 in
139 1532 257 1590 nomine
270 1531 363 1591 Patris
373 1542 402 1589 et
414 1531 481 1591 Filii
496 1541 524 1589 et
537 1529 662 1606 Spiritus
673 1527 819 1589 Sancti.”³
1004 1524 1013 1543 ”

137 1629 186 1687 97.
209 1628 442 1687 Transeuntes
455 1628 512 1685 ait:
535 1626 650 1685 “Felix
664 1636 870 1685 sacramentum
891 1643 973 1699 aquae
992 1637 1107 1696 nostre,
1128 1646 1186 1701 qna
1206 1629 1295 1689 abluti

97 1724 209 1785 delictis
223 1725 349 1803 prisona
363 1725 509 1792 caecitotis,
521 1725 551 1783 in
566 1725 651 1783 vitam
673 1733 806 1782 uternam
820 1722 1004 1796 liberamur.”
1027 1765 1162 1784 .....
1185 1736 1205 1763 “
1218 1727 1298 1795 Quid

96 1842 165 1901 ergo
175 1824 208 1881 l’'
222 1825 260 1883 ait
273 1823 402 1892 inferius,
418 1832 438 1860 ‘⁶
447 1841 542 1882 nonne
557 1821 717 1881 mirandum
731 1834 760 1880 et
769 1823 881 1881 lavacro
895 1822 966 1881 dilui
977 1833 1096 1881 mortem
1108 1823 1119 1878 l
1137 1824 1247 1898 Atquin
1261 1845 1297 1886 eo

95 1921 188 2000 magis
203 1922 385 1991 credendum,
400 1923 425 1980 si
440 1923 507 1995 quia
520 1921 680 1981 mirandum
689 1933 742 1989 est,
754 1922 861 1981 idcirco
871 1941 930 1981 non
945 1921 1086 1981 creditur:
1109 1925 1204 1997 qualia
1216 1928 1296 1986 enim

95 2019 179 2079 decet
198 2038 263 2079 esse
291 2038 379 2096 opera
391 2019 497 2088 divina,
511 2019 568 2078 nisi
582 2037 668 2096 snper
690 2038 805 2077 omnem
820 2019 1057 2079 admirationeml
1098 2021 1164 2080 Nos
1179 2042 1296 2097 qnoque

95 2116 243 2184 miramur,
257 2114 309 2174 sed
322 2115 390 2188 qnia
413 2114 578 2173 oredimus:
598 2126 731 2173 caurum
745 2115 927 2174 incredulitas
953 2117 1078 2186 miratur,
1100 2136 1157 2177 non
1186 2120 1291 2180 credit.

95 2212 220 2273 Miratur
228 2213 305 2274 enirn
317 2212 458 2289 simplicia
471 2212 553 2286 quasi
566 2230 649 2280 vana,
661 2212 811 2289 magnifica
826 2213 908 2287 quasi
921 2213 1142 2290 impossibilia.”
1156 2257 1293 2278 .....

37 2316 41 2323 “
96 2321 116 2351 “
125 2311 222 2391 lpsins
236 2311 370 2389 baptismi
378 2311 502 2369 carnalis
517 2318 596 2368 actus
608 2308 685 2383 quod
704 2311 734 2368 in
750 2329 823 2384 aqna
837 2312 1002 2389 mergimur,
1017 2313 1153 2389 spiritalis
1168 2313 1294 2376 effectus

94 2408 206 2468 delictis
220 2405 421 2467 liberamur.''⁴
893 2432 958 2455 -···
967 2429 980 2439 ·

134 2511 184 2566 98.
207 2506 364 2565 oncense
386 2503 534 2562 Christum
554 2521 657 2562 novam
679 2503 852 2564 nativitatem
873 2522 925 2561 seu
947 2506 1190 2582 regenerationem
1204 2508 1296 2568 intro·

94 2601 212 2661 duxisse
225 2603 284 2659 ait:
308 2610 328 2637 ‘⁶
339 2601 459 2658 Mittens
468 2600 575 2657 atenim
590 2598 625 2655 ed
639 2598 695 2657 hoc
709 2617 782 2674 opus
796 2598 952 2676 discipulos
966 2619 1047 2671 suos,
1061 2620 1119 2661 non
1133 2603 1208 2663 dixit
1233 2614 1297 2669 tan·

95 2711 174 2758 tum:
197 2698 250 2766 lte,
264 2698 405 2774 baptizate
429 2714 530 2754 omnes
552 2709 669 2772 gentes3
692 2696 741 2754 sed
764 2697 819 2756 ait:
844 2696 914 2766 ‘Ite,
930 2697 1029 2758 docete
1052 2719 1153 2760 omnes
1178 2714 1294 2781 gentas,

94 2796 271 2873 baptizantes
293 2812 343 2852 eos
369 2793 398 2853 in
423 2793 538 2851 nomine
560 2791 663 2860 Patris,
688 2803 717 2850 et
738 2793 815 2860 Filii,
830 2802 858 2851 et
880 2794 1003 2871 Spiritus
1024 2797 1143 2857 Sancti!
1187 2799 1294 2861 Sciens

94 2893 179 2971 igitur
203 2904 354 2964 utrumqne
385 2907 450 2948 esse
474 2890 505 2949 in
519 2889 613 2967 culpa,
650 2889 762 2963 utrique
789 2890 946 2950 remedium
973 2892 1060 2962 dedit,
1086 2905 1116 2953 ut
1143 2898 1294 2972 generatio

63 2989 65 2993 ’
94 2988 222 3048 mortalis
236 2986 448 3066 regeneratione
470 2986 602 3063 baptismi
614 2996 776 3055 mutaretur,
787 2999 815 3045 et
828 2987 981 3069 impietatis
990 2989 1147 3050 doctrinam
1161 2991 1296 3053 doctrina

95 3085 209 3163 pietatis
225 3081 435 3143 excluderet.”⁵

132 3184 181 3239 99.
204 3181 235 3239 S.
250 3179 435 3245 Ceraunus,
452 3178 488 3237 ad
502 3178 646 3237 Donatum
668 3179 806 3247 scribens,
820 3180 1005 3241 mutationem
1028 3202 1091 3256 quoe
1105 3186 1250 3263 baptismo
1264 3189 1295 3246 ei

92 3280 211 3359 contigit
234 3277 328 3337 refert.
370 3276 482 3345 Quibus
504 3287 586 3335 antea
605 3276 751 3336 tenebatur
777 3277 854 3336 vitiis
875 3278 1016 3348 indicatis,
1031 3281 1088 3339 ait:
1111 3283 1198 3340 “Sed
1213 3293 1295 3362 post·

91 3396 178 3451 quam
192 3375 275 3435 nndae
285 3375 417 3455 genitalis
429 3373 535 3432 auxilio
550 3374 704 3449 superioris
715 3375 767 3431 aevi
780 3374 842 3432 labe
855 3374 974 3444 detersa,
984 3378 1015 3437 in
1029 3380 1175 3455 expiatum
1186 3393 1293 3458 pectus

91 3494 124 3535 ac
138 3493 241 3555 purum
256 3473 379 3550 desuper
392 3490 424 3529 se
437 3470 535 3529 lumen
554 3468 666 3528 inludit.
708 3470 997 3544 Postquamcaelitus
1022 3476 1124 3552 spiritu
1138 3475 1243 3538 hausto
1259 3481 1292 3542 in

89 3592 196 3633 novom
212 3592 258 3633 me
272 3573 421 3633 hominem
438 3569 568 3629 nativitas
583 3567 708 3627 secunda
728 3571 877 3647 repararit,
892 3571 997 3630 mirum
1011 3573 1039 3631 io
1056 3574 1174 3635 modom
1198 3581 1292 3655 proti·

90 3688 144 3728 nus
159 3669 327 3728 confirmare
345 3687 379 3727 se
393 3667 488 3734 dubia,
510 3676 604 3743 patere
618 3665 724 3735 clausa,
744 3666 840 3742 lucere
855 3668 1016 3737 tenebrosa,
1030 3670 1192 3731 facultatem
1219 3674 1291 3737 dare
1319 3724 1326 3737 ,

89 3765 167 3839 quod
190 3765 270 3842 prius
294 3763 410 3823 difficile
425 3761 580 3830 ridebatur,
595 3763 655 3840 geri
669 3782 755 3840 posse
781 3762 857 3837 quod
878 3765 1056 3841 impossibile
1078 3770 1240 3845 putabatur,
1256 3784 1291 3835 ut

89 3848 166 3921 esset
192 3880 347 3941 agnoscere
375 3870 516 3919 terrenum
544 3861 644 3930 luisse,
672 3860 749 3935 qnod
773 3861 852 3941 prins
876 3863 1024 3935 carnaliter
1048 3876 1144 3926 natum
1173 3868 1290 3933 delictis

88 3959 244 4019 obnoxium
280 3957 410 4025 vixisset,
438 3957 495 4015 Dei
531 3976 596 4018 esse
632 3959 767 4037 cupisse,
795 3957 873 4033 quod
905 3959 967 4037 jam
998 3961 1124 4040 Spiritus
1159 3967 1289 4031 Sanctus

89 4052 272 4113 animaret.”⁰

519 4167 785 4235 (1)Rp.§xi.n.12.

517 4255 560 4320 (2)
580 4253 717 4320 Apolitn.
729 4255 773 4304 et.

516 4341 558 4407 (9)
578 4338 608 4391 L·
619 4337 654 4389 iii.
665 4337 718 4389 adv.
729 4338 787 4392 har.
795 4353 817 4389 c.
829 4337 881 4390 xix.

515 4425 555 4488 (t)
573 4423 628 4476 Lm
638 4423 670 4478 de
680 4423 814 4490 Baptismo.

515 4510 555 4575 (5)
571 4506 917 4577 L.v.inepadRom.n.2.

512 4595 554 4660 (6)
573 4593 603 4645 L.
612 4594 683 4663 iiep.
697 4592 774 4647 ll.'ed
785 4595 861 4649 Besil.
871 4611 911 4648 on.
923 4592 1050 4647 Mnxxl.
