2774 5056
467 342 523 402 DE
545 342 705 403 LINGUA
727 341 871 404 secet.
1202 342 1260 400 298

65 493 95 554 in
107 513 139 554 re
153 495 307 577 disciplina
328 500 467 560 servanda
491 511 544 571 est,
560 503 676 562 nonnisi
700 503 792 581 ipsius
811 501 951 563 Ecclesia
976 500 1140 561 auctoritate
1158 500 1260 559 immu-

66 592 157 651 tanda.

105 694 174 750 113.
195 692 348 770 Praecipua
370 695 440 753 ratio
465 714 516 754 cur
539 697 693 756 obtinuerit
713 696 864 776 disciplina
882 697 984 756 Latino
999 705 1106 755 tantum
1126 694 1260 754 idiomate

68 787 161 846 utendi
182 788 213 846 in
226 789 415 866 patriarchatu
430 790 572 860 Romano,
588 803 616 850 et
639 794 811 867 ubicumque
833 794 961 872 gentium
974 794 1006 851 S.
1022 792 1106 849 Sedis
1122 791 1259 848 Mission·

68 886 115 944 arii
131 885 256 945 Romani
271 889 344 946 ritus
360 889 550 958 inveniantur,
565 889 628 948 aliis
643 909 710 950 vero
725 889 797 950 locis
811 891 917 968 linguis
932 890 1072 949 veteribus
1087 889 1121 946 ab
1144 887 1275 960 antiqua.

68 991 145 1040 etate
159 987 315 1062 usurpatis,
330 987 413 1044 nobis
428 986 617 1046 videturesse
639 998 671 1046 ut
683 998 759 1047 certa
776 989 848 1048 soret
860 1007 960 1048 norma
973 1006 1077 1046 munus
1092 985 1163 1045 adeo
1178 1003 1259 1043 sanc·

68 1088 123 1138 tum
138 1081 303 1159 peragendi,
318 1083 408 1142 nimia
421 1083 498 1141 enim
512 1083 673 1161 linguarum
688 1086 821 1144 varietate
836 1085 1006 1144 mutationes
1021 1084 1149 1161 plurimae
1163 1083 1257 1158 ipsam

67 1177 157 1236 cultus
171 1180 356 1239 substantiam
372 1181 528 1240 afficientes
542 1181 625 1241 facile
640 1181 849 1243 inducerentur.
892 1183 965 1242 Haec
979 1192 1073 1241 autem
1089 1179 1258 1259 gravissima

69 1291 136 1333 sane
147 1285 193 1334 est
207 1295 293 1335 causa
305 1265 357 1336 cur
370 1277 522 1356 disciplina
535 1279 585 1338 illa
598 1280 760 1340 retineatur.

104 1374 173 1458 lld.
196 1371 264 1450 Ipsa
277 1373 437 1452 discipliuae
451 1386 575 1435 vetustas
590 1386 756 1454 argumento
769 1387 814 1436 est
826 1395 890 1435 eam
901 1376 980 1454 gravi
994 1375 1045 1435 niti
1059 1373 1256 1433 fundamento.

66 1467 134 1529 Non
148 1483 259 1529 constat
273 1472 341 1530 alias
355 1473 467 1550 linguas
482 1483 583 1551 praeter
607 1475 739 1534 Graecam
759 1485 788 1534 et
801 1474 932 1535 Latinam
947 1494 964 1531 a
978 1472 1140 1551 primordiis
1155 1473 1257 1530 Eccle-

64 1567 112 1642 siae
126 1566 158 1624 in
173 1585 254 1627 sacro
278 1568 407 1628 faciendo
433 1569 598 1639 adhibitas,²
620 1573 750 1645 quamvis
774 1571 874 1649 populi
888 1569 1043 1648 plurimum
1064 1569 1137 1627 inter
1152 1587 1184 1625 se
1198 1587 1256 1626 ser·

64 1678 148 1720 mone
172 1659 373 1741 discreparent.
416 1664 500 1732 Quod
526 1666 551 1724 si
572 1665 689 1724 eruditis
709 1667 880 1740 quibusdam
902 1667 970 1724 viris
992 1664 1123 1722 assentiri
1145 1664 1256 1740 placeat

63 1755 243 1833 opinantibus
259 1757 379 1835 Syriaco
401 1778 515 1833 quoque
535 1761 670 1820 idiomate
685 1761 760 1839 apud
774 1763 877 1839 Syros,
892 1760 1050 1839 prasertim
1066 1771 1146 1818 extra
1160 1762 1257 1828 urbes,

65 1853 235 1915 celebratum
250 1873 314 1915 esse
328 1857 510 1926 sacrificium,
526 1859 698 1917 Armeniaco
718 1859 792 1936 apud
808 1859 972 1926 Armenios,
995 1856 1183 1934 AEgyptlaco,
1206 1876 1258 1914 seu

65 1950 198 2030 Coptico,
233 1954 309 2032 apud
333 1956 491 2033 AEgyptios
524 1957 689 2033 plerosque,
722 1958 842 2035 excepta
870 1955 1043 2015 Alexandria
1071 1965 1099 2012 et
1129 1955 1258 2014 inferiori

64 2047 189 2127 AEgypti
202 2050 359 2127 provincia,
374 2052 544 2129 AEthiepico
561 2052 635 2129 apud
651 2052 806 2130 AEthiopcs
819 2056 842 2121 3²
860 2051 889 2111 id
904 2052 1003 2110 saltem
1019 2050 1198 2126 exploratum
1213 2060 1257 2108 est

63 2148 161 2224 paucis
175 2157 283 2208 tanturn
298 2149 414 2229 linguis,
429 2169 482 2229 pro
496 2170 599 2228 magna
613 2151 781 2211 idiomatum
801 2151 945 2218 varietate,
969 2148 999 2208 id
1020 2149 1136 2207 iactum.
1180 2149 1257 2207 Con·

63 2254 116 2303 stat
129 2264 244 2320 quoque
259 2257 368 2305 veteres
378 2247 488 2324 linguas
503 2249 609 2320 ubique
623 2258 746 2306 retentas
761 2247 883 2315 insacro
900 2244 1071 2322 peragendo,
1083 2245 1193 2302 etiamsi
1207 2263 1257 2320 per

63 2338 184 2417 plurima
197 2341 304 2400 saecula
316 2341 453 2400 desierint
476 2360 540 2400 esse
562 2343 732 2400 vernaculae.
774 2341 853 2420 Ergo
869 2358 1037 2418 persuasum
1058 2350 1101 2396 est
1116 2338 1255 2396 Ecclesiae

63 2437 233 2515 praesulibus
248 2457 298 2515 per
311 2448 351 2498 tot
361 2439 465 2498 saecula
480 2438 555 2497 haud
570 2440 705 2516 expedire
720 2459 736 2498 a
751 2457 850 2498 norma
864 2447 966 2495 statuta
980 2435 1122 2495 recedere.

103 2539 171 2594 115.
194 2534 268 2595 Haec
290 2536 442 2615 disciplina
456 2537 606 2614 praeclaras
628 2539 713 2597 habet
733 2537 886 2604 utilitates;
908 2535 964 2594 lrac
985 2534 1062 2592 enim
1077 2544 1160 2611 pacto
1175 2535 1255 2592 inno·

62 2633 145 2692 tescit
157 2632 225 2693 fidei
239 2644 374 2703 vetustas,
389 2645 418 2693 et
431 2635 522 2693 cultus
537 2645 663 2694 servatur
676 2636 795 2712 integer,
808 2632 882 2692 adeo
895 2642 926 2691 ut
937 2630 1039 2690 iisdem
1053 2643 1166 2689 utamur
1178 2633 1253 2688 voci·

62 2729 114 2788 bus
128 2731 232 2804 quibus
248 2732 370 2810 majores
392 2733 481 2791 nostri
496 2751 576 2792 suam
593 2732 690 2800 fidem,
705 2733 779 2792 inter
800 2730 1003 2808 mysteriorum
1028 2728 1177 2796 solemnia,
1193 2747 1257 2806 pro·

62 2825 130 2885 iessi
154 2838 232 2897 sunt,
248 2837 277 2886 et
299 2830 447 2888 coluerunt
472 2828 578 2888 Deum.
621 2829 748 2906 Liturgia
773 2828 827 2887 hac
851 2827 959 2886 ratione
982 2826 1015 2884 tit
1039 2838 1257 2887 monumentum

56 2925 182 3000 antiqua
196 2924 275 2993 fidei,
289 2934 318 2983 et
331 2926 475 2985 vinculum
490 2945 602 2984 sacrum
617 2945 675 2999 quo
690 2926 819 2984 emnium
834 2924 1003 2983 saeculorum
1030 2921 1129 2980 fideles
1145 2923 1174 2980 in
1190 2923 1253 2982 Deo

56 3023 181 3083 colendo
195 3025 415 3102 conjunguntur.
460 3024 628 3083 Veneranda
648 3024 722 3083 adeo
744 3023 881 3102 mysteria
901 3031 1048 3081 seruantur
1069 3023 1255 3085 atemeritate

55 3120 223 3189 hominurn,
246 3122 295 3195 qui
318 3120 343 3179 si
369 3121 475 3179 vellent
499 3121 651 3179 vernaculo
678 3121 818 3198 cujusque
838 3120 932 3196 gentis
953 3136 1085 3176 sermone
1113 3118 1256 3194 liturgiam

49 3217 189 3288 leddere,
202 3217 284 3276 facile
299 3228 418 3296 possent
432 3237 519 3276 voces
534 3218 644 3295 ineptas
657 3228 685 3275 et
694 3216 826 3275 ridiculas
837 3215 982 3283 adhibere,
994 3224 1022 3271 et
1032 3214 1070 3271 ita
1084 3230 1117 3273 ea
1131 3213 1256 3271 irrisioni

49 3331 215 3392 exponere.
245 3315 327 3374 Fidei
342 3326 435 3383 autem
449 3318 543 3374 unitas
555 3315 675 3382 fovetur,
691 3314 822 3390 gentibus
839 3312 981 3388 plerisque
993 3308 1113 3366 candem
1125 3309 1154 3365 in
1170 3311 1256 3367 sacri·

49 3410 119 3473 ficii
142 3415 285 3475 oblatione
307 3416 508 3494 usurpantibus
533 3415 670 3491 linguam,
693 3410 764 3469 adeo
784 3420 817 3468 ut
835 3409 934 3487 paucis
954 3407 1059 3483 linguis
1081 3425 1180 3464 omnes
1203 3427 1259 3483 per

49 3510 157 3572 orbem
171 3511 282 3580 fideles,
293 3514 321 3571 in
336 3512 479 3588 praecipuo
494 3509 650 3589 praesertim
665 3517 730 3566 actu
742 3505 848 3574 cultus..
860 3514 981 3570 utentes,
995 3501 1109 3560 facilius
1122 3501 1153 3560 in
1167 3520 1253 3562 unam

100 3711 134 3777 (l)
153 3709 243 3760 Merito
259 3708 376 3759 deseritur
395 3707 516 3757 sententia
532 3722 616 3756 eorum
633 3703 676 3769 qui
687 3701 808 3754 Hebraico
817 3701 963 3752 celebratum
979 3714 1033 3748 esse
1048 3697 1180 3764 putabant:
1198 3714 1257 3750 nam

57 3788 162 3847 desierat
172 3796 239 3846 illius
250 3796 340 3858 lingua
351 3794 416 3858 apud
427 3794 442 3843 J
444 3794 525 3843 udeos
535 3792 563 3842 in
580 3789 692 3841 familiari
703 3804 814 3839 sermone
832 3803 908 3838 usus:
924 3801 970 3836 uec
981 3784 1118 3834 verosimile
1130 3792 1166 3835 est
1178 3786 1256 3851 Apos-

59 3877 123 3935 tole,
132 3886 255 3950 liturgiam
267 3887 353 3950 lingua
363 3883 470 3933 obsoleta
480 3881 649 3933 concinnasse.
664 3879 768 3944 Insuper
772 3877 870 3928 nullum
880 3873 1010 3938 vestigium
1021 3872 1122 3936 liturgia
1131 3873 1258 3925 neenec

62 3979 177 4033 ‘uim

96 4054 137 4126 (2)
156 4061 196 4112 lu
214 4059 296 4110 risum
313 4064 351 4108 est
367 4054 528 4115 Renaudotio,
540 4053 642 4104 Dissert.
652 4051 685 4101 de
693 4048 845 4112 liturgiarum
862 4044 1016 4096 orientalium
1028 4044 1120 4108 origine
1132 4045 1171 4094 ch.
1183 4047 1214 4096 vi.
1231 4062 1256 4110 p.
1335 4040 1339 4046 ’

62 4133 121 4194 ¹¹1'ii.
134 4146 174 4198 cni
190 4145 322 4197 assentitur
333 4145 439 4194 Perrons
450 4140 532 4190 Tract.
544 4138 574 4189 de
590 4137 672 4188 Ench.
683 4152 732 4202 pur.
743 4142 805 4200 poet.
817 4150 839 4183 c.
849 4132 880 4182 ir.
891 4147 917 4182 n.
928 4133 986 4180 388.
997 4137 1048 4181 net.
1082 4130 1161 4180 Nobis
1178 4132 1256 4193 magis

61 4229 173 4287 tubam
184 4233 311 4283 Lienharti
322 4229 450 4288 senteutia,
468 4235 483 4260 “
491 4228 582 4294 primas
593 4225 691 4276 orientis
699 4223 808 4286 liturgias
820 4221 903 4270 Graece
914 4218 1114 4279 inbueremur,
1125 4233 1157 4267 ex
1168 4218 1256 4283 quibus

61 4304 149 4372 deind,
158 4329 236 4372 enata
248 4327 307 4371 sunt
317 4318 419 4380 liturgia
441 4316 549 4381 Syriaca,
562 4313 671 4378 Coptica,
685 4309 835 4374 AEtbiopica,
846 4315 871 4357 et
887 4306 998 4366 Arabica,
1015 4306 1082 4357 uude
1092 4306 1119 4355 in
1130 4305 1189 4370 ipsis
1204 4311 1254 4354 tarn

62 4403 124 4460 ’ΨΘ
137 4409 264 4458 ooeumunt
274 4421 347 4456 voces
358 4404 458 4463 Graece,
469 4417 619 4467 quassatum
629 4398 749 4461 originem
758 4403 796 4446 sat
806 4391 987 4445 manifestent.”
1009 4393 1049 4442 De
1059 4389 1172 4458 antiquis
1183 4389 1255 4441 litur-

61 4476 147 4552 55⁸1).
159 4495 212 4543 120.
229 4490 353 4556 Equidem
363 4488 463 4539 nonnisi
472 4487 557 4537 Graece
568 4485 715 4547 scripserunt
724 4480 783 4530 novi
793 4479 946 4530 Testamenti
956 4485 1072 4535 auctores,
1079 4475 1101 4525 si
1112 4474 1256 4524 Mattbaunr

63 4571 193 4640 ΨΜ,
204 4579 270 4644 quod
280 4576 387 4629 ostendit
403 4575 516 4626 Grecum
531 4586 668 4623 sermonem
684 4567 750 4635 apud
766 4567 893 4633 plerosque
909 4563 1015 4617 Orientis
1031 4563 1135 4630 populos
1144 4576 1175 4613 se
1185 4568 1257 4616 etate

10 4694 14 4721 ε
65 4650 306 4730 ιιιίεῐὶοῐτιιῑςιιὶιιιιι.

10 4724 16 4773 l

631 4744 687 4774 fik}
