2774 5056
514 304 815 373 OBJECTIONES.
1200 316 1254 373 181

56 480 168 540 menta,
183 469 235 528 sed
247 469 368 530 Ioannis
384 469 489 528 dictum
503 470 539 528 de
551 473 641 530 tribus
655 472 685 531 in
699 483 772 531 terra
792 473 921 540 testibus,
943 472 1054 552 spiritu,
1069 492 1143 548 aqua
1156 482 1184 532 et
1194 492 1258 533 sau·

57 570 158 647 gaiae.
199 569 298 636 Quum
313 567 379 626 inde
394 569 516 626 Arianos
531 580 728 647 argumentum
754 581 851 630 contra
874 572 1011 630 unitatem
1035 570 1138 630 divine
1152 581 1258 631 nature

59 667 91 725 in
102 666 189 725 Patre
203 678 232 724 ct
246 666 321 724 Filio
335 665 506 733 desumeret,
522 667 576 724 hos
590 667 666 726 eninr
682 685 770 726 unum
795 668 854 726 dici
874 667 1019 727 contendit
1032 686 1066 726 ea
1079 669 1187 727 ratione
1202 686 1259 742 qua

57 760 108 821 itta
121 780 213 822 uuum
229 763 304 821 diota
322 772 397 830 sunt,
414 764 525 821 monuit
544 782 610 822 eum
631 765 808 842 Augustinus
829 764 879 823 llla
892 783 956 823 esse
977 774 1163 832 sacramenta,
1178 784 1258 843 syru-

58 858 126 919 bols
138 859 250 918 seilicet
262 870 292 917 et
305 861 387 936 signa
402 860 505 927 Patris,
520 870 549 917 et
562 860 630 918 Filii
649 868 678 918 et
698 861 822 938 Spiritus
844 861 951 930 Sancti,
972 860 1094 935 ideoque
1115 880 1203 934 quum
1228 862 1260 922 hi

48 967 117 1029 'tres
132 976 220 1017 unum
233 960 301 1026 siut,
315 958 364 1016 illa
377 969 452 1017 recte
466 957 524 1016 dici
537 976 637 1026 unum,
651 959 720 1032 quia
741 960 771 1018 in
786 960 876 1038 signis
895 958 1092 1038 symbolisque
1117 978 1175 1019 non
1189 960 1259 1034 quid

59 1054 128 1129 siut,
143 1055 195 1114 sed
221 1054 291 1129 quid
320 1054 471 1114 ostendant
494 1074 609 1134 semper
622 1056 782 1116 attenditur.
824 1057 870 1116 Es
896 1057 988 1117 latiori
1002 1058 1058 1116 hoo
1082 1058 1260 1117 Sacramentl

59 1154 142 1212 vocis
155 1171 222 1221 usu,
237 1152 372 1212 nonlicet
383 1153 486 1211 inferre
501 1172 535 1211 ea
549 1170 612 1226 que
624 1172 641 1211 a
655 1152 774 1212 Christo
788 1155 914 1214 instituta
923 1164 989 1214 suot
1003 1172 1081 1215 mera
1094 1172 1158 1213 esse
1167 1156 1259 1233 sigua,

58 1259 235 1327 quapropter
249 1267 400 1330 perperam
419 1247 514 1307 illaad
526 1268 585 1308 rem
597 1268 679 1308 suam
693 1249 810 1310 adhibet
829 1249 968 1320 Casinus,
983 1251 1062 1311 vocis
1077 1251 1260 1328 ambiguitate

58 1344 176 1404 iudeus.
219 1343 364 1403 Ceterum
379 1356 503 1404 externae
519 1346 630 1424 species
643 1348 724 1424 panis
739 1348 917 1407 sacramenti
932 1348 1047 1406 nomine
1062 1348 1182 1427 intelligi
1194 1367 1260 1425 pos-

59 1452 140 1510 sunt,
153 1442 248 1517 iisque
263 1441 472 1501 accommodari
483 1452 603 1518 possunt
616 1461 680 1516 quae
693 1441 729 1502 de
743 1443 833 1522 signis
845 1444 933 1503 sacris
947 1444 1103 1521 generatim
1115 1444 1256 1511 dicuutur,

60 1537 218 1600 ostendunt
227 1539 374 1598 scilicetst
384 1539 521 1598 exhibent
534 1537 683 1599 Christum
697 1540 799 1600 anima
814 1541 919 1608 cibum,
935 1559 1038 1618 penem
1055 1542 1119 1599 rite
1133 1551 1258 1600 eterne.

103 1640 172 1696 144.
211 1635 278 1715 obj.
303 1641 349 1695 ll.
384 1637 418 1694 Si
444 1636 548 1715 dogma
576 1639 733 1714 praeseutiae
757 1637 866 1697 Christi
894 1638 1086 1696 substantialis
1115 1639 1144 1697 in
1170 1640 1259 1698 veteri

59 1735 198 1796 Ecclesia
212 1734 362 1811 viguisset,
377 1734 495 1793 Ethnici
508 1734 578 1794 illud
600 1735 686 1793 veluti
701 1736 854 1794 absurdum
869 1735 1043 1794 Christianis
1068 1737 1259 1814 objecissent:

59 1834 218 1912 scriptores
228 1845 322 1893 autem
329 1832 478 1891 christiani
488 1833 557 1891 illud
567 1833 660 1891 verbis
670 1833 829 1910 perspicuis
841 1833 1054 1909 exposuissent,
1070 1833 1262 1894 Ethnicorum

61 1931 223 1993 calumnias
237 1943 269 1990 ut
282 1931 432 1990 diluerent.

103 2028 196 2108 Hesp.
219 2028 320 2105 Viguit
334 2025 459 2106 prosectis
472 2027 540 2087 illud
557 2026 660 2105 dogma
674 2028 703 2086 in
718 2026 860 2096 Ecclesia,
873 2025 914 2085 uti
928 2045 965 2086 ex
977 2027 1155 2087 documentis
1170 2028 1261 2088 allatis

24 2186 32 2197 ,
65 2134 190 2186 constat.
233 2123 377 2182 Ceterum
403 2124 520 2204 nonita
541 2125 663 2183 innotuit
682 2124 825 2192 Ethnieis,
846 2134 878 2182 ut
898 2125 1010 2183 occasio
1038 2124 1110 2201 ipsis
1132 2125 1204 2184 foret
1218 2124 1263 2185 vel

61 2242 132 2284 cura
153 2222 188 2282 de
210 2222 273 2300 ejus
302 2220 489 2299 possibilitate
510 2220 698 2298 disceptandi,
725 2239 791 2280 nam
816 2220 973 2280 Christiani
1004 2221 1171 2298 plerumque
1195 2220 1263 2281 fidei

61 2321 204 2401 mysteria
218 2322 274 2381 alto
289 2320 438 2379 servabant
453 2319 526 2398 apud
542 2339 573 2378 se
588 2321 711 2389 silentio,
721 2339 757 2378 ne
772 2330 900 2378 sanctum
912 2318 1024 2377 daretur
1033 2320 1149 2378 canibus
1165 2330 1264 2378 contra

62 2420 221 2481 salvatoris
236 2420 365 2478 vetitum.
407 2416 578 2496 Disciplina
592 2416 695 2476 arcani
709 2437 772 2490 quae
786 2435 836 2494 per
850 2417 901 2475 tria
911 2417 1005 2494 priora
1013 2418 1116 2475 saecula
1131 2418 1262 2487 obtinuit,

61 2536 186 2594 queque
202 2529 302 2591 quarto
317 2526 345 2575 et
358 2516 457 2590 quinto
471 2515 583 2573 saeculis
605 2514 681 2573 haud
701 2515 815 2591 penitus
836 2491 1049 2580 desierat,¹lecit
1063 2524 1093 2571 ut
1104 2514 1151 2571 vin
1176 2517 1263 2572 nove·

60 2618 121 2678 rint
137 2617 194 2695 ipsi
205 2614 346 2675 candidati
360 2615 533 2691 baptismum
548 2624 688 2690 petentes,
703 2611 903 2672 catechumeni
917 2610 996 2680 dicti,
1011 2610 1086 2668 aliud
1096 2622 1197 2688 praetcr
1205 2612 1262 2672 Dei

61 2698 214 2780 unitatem,
237 2710 348 2770 Christi
375 2719 490 2788 propter
504 2709 652 2767 hominum
674 2708 793 2766 salutem
815 2710 845 2766 iu
865 2725 949 2765 cruce
964 2721 1093 2774 mortem,
1109 2718 1137 2766 et
1150 2728 1263 2797 morum
1330 2735 1333 2741 ·

62 2810 218 2889 principia,
240 2805 386 2867 altioribus
414 2807 559 2884 mysteriis
588 2806 702 2864 nonnisi
730 2805 815 2881 paulo
841 2815 905 2862 ante
930 2806 1101 2882 baptismum
1130 2806 1263 2866 traditis.¹

62 2901 251 2969 Hino'sulius
265 2903 290 2964 1.
306 2904 397 2983 arguit
411 2905 543 2971 Arianos,
560 2903 635 2976 quod
651 2903 686 2961 de
701 2902 870 2961 eucharistia
880 2903 973 2981 palam
988 2923 1083 2963 coram
1100 2924 1156 2963 non
1171 2905 1264 2963 initia·

61 3006 99 3064 tis
110 3003 238 3083 egissent
253 3005 277 3060 ε’
296 3000 528 3078 ethugustinum
543 2999 703 3058 audirimus
726 2998 875 3058 docentem
896 2999 1131 3060 catechumenum
1147 3002 1263 3061 iuterro-

10 3132 42 3183 ις.
56 3111 163 3183 -gstum
178 3098 212 3158 de
227 3117 311 3156 came
327 3097 437 3154 Christi
451 3095 646 3155 manducanda
657 3095 767 3154 nescire
782 3094 892 3168 quidsi
907 3095 1015 3155 dicatur
1025 3098 1092 3170 quia
1103 3096 1190 3155 Jesus
1205 3116 1263 3157 uon

33 3186 36 3191 ¹
61 3196 140 3259 nei
153 3193 323 3255 credidit.”³
363 3192 544 3251 Eucharistia
571 3192 677 3251 idcirco
697 3194 717 3228 ‘⁴
731 3202 860 3250 sanctum
881 3190 1022 3251 Domini”
1045 3206 1160 3251 vocatur
1186 3195 1264 3270 apud

10 3240 33 3385 [ᾗ
55 3292 269 3375 'Cypriauumt
293 3288 377 3350 stab
398 3289 461 3348 aliis
484 3291 608 3366 patribus
632 3290 670 3347 ita
694 3288 843 3356 iudicatur,
864 3297 895 3345 ut
915 3290 949 3346 ab
970 3289 1086 3347 initiatis
1108 3300 1215 3347 tantum
1230 3309 1262 3349 se

10 3394 26 3417 ''
63 3388 189 3469 intelligi
217 3408 305 3468 posse
334 3389 484 3447 affirment.
526 3387 576 3444 Sic
597 3386 826 3463 Chrysostomus
851 3393 917 3460 post
941 3386 1026 3442 verba
1041 3384 1149 3443 Christi
1164 3385 1261 3455 relata,

64 3488 202 3549 aduam:
226 3497 245 3524 “
259 3487 362 3545 Sciunt
375 3487 394 3543 ii
409 3485 459 3559 qui
470 3484 570 3543 initiati
585 3493 652 3541 sunt
665 3483 713 3541 illa
727 3501 790 3554 quoe
805 3479 981 3538 dicuntur.”⁴
1021 3481 1096 3538 Satis
1108 3480 1173 3540 inde
1182 3483 1263 3541 intel·

63 3587 165 3666 ligitur
186 3604 236 3644 eur
251 3583 384 3643 Ethnicis
398 3601 457 3640 non
477 3581 560 3639 luerit
574 3584 645 3638 'cum
668 3577 840 3636 Christianis
860 3577 895 3634 de
910 3579 1039 3655 mysterii
1060 3578 1144 3656 hujus
1165 3591 1265 3639 natura

63 3697 93 3744 et
114 3682 304 3762 possibilitate
319 3679 508 3739 concertatio:
531 3677 582 3735 sed
596 3677 675 3735 nullo
691 3685 772 3753 pacto
793 3674 929 3751 explicari
944 3686 1039 3752 potest
1052 3695 1103 3734 cur
1117 3678 1264 3750 religionis

63 3780 228 3843 christianae
253 3777 381 3836 vindices
403 3794 460 3834 nou
488 3784 575 3833 totam
589 3793 649 3832 rem
675 3771 834 3850 pauderiut,
848 3780 880 3830 ut
903 3773 1053 3831 calumniis
1075 3774 1264 3835 Etlmioorum

65 3882 143 3941 irent
155 3880 278 3944 obviam,
294 3877 320 3934 si
340 3893 436 3934 revera
447 3874 529 3950 panis
544 3887 572 3930 et
588 3872 695 3951 riuum·
707 3871 840 3949 symbola
859 3872 952 3930 forent
964 3882 992 3929 et
1012 3873 1104 3949 signa,
1120 3874 1186 3932 licet
1205 3873 1266 3932 effi·

63 3977 155 4044 cacia,
168 3972 281 4032 Christi
296 3990 348 4050 pro
361 3971 510 4029 hominum
526 3970 615 4027 saluts
636 3969 758 4027 mortui:
781 3986 846 4026 nam
861 3967 952 4026 facilis
968 3977 1027 4026 erat
1051 3981 1079 4027 ot
1099 3971 1179 4029 omni
1192 3970 1266 4048 peri·

64 4058 134 4137 culo
147 4092 239 4134 sacua
253 4068 419 4150 hujusmodi
443 4068 610 4146 explicatio.
646 4067 734 4126 Solus
757 4066 806 4140 qui
821 4066 947 4124 noscitur
960 4083 1020 4125 rem
1041 4067 1216 4145 explicuisse
1230 4068 1267 4126 ad

270 4309 313 4376 (1)
332 4307 396 4358 Vide
408 4305 531 4373 Cyrillum
541 4306 704 4370 Hierosolym.
715 4319 741 4354 u.
752 4305 792 4352 12.
804 4303 988 4368 procstechesis.

299 4394 311 4459 )

268 4392 297 4458 (2
330 4392 378 4456 Ep.
393 4391 424 4441 ad
432 4393 523 4443 Euseb.
535 4408 559 4457 p.
569 4394 628 4441 378.
639 4389 705 4456 apud
715 4387 894 4439 Constantium.

270 4481 313 4546 (8)
333 4478 414 4543 Supra
425 4495 449 4544 p.
464 4482 519 4528 1³9.

272 4566 315 4631 (4)
336 4565 417 4630 Supra
427 4581 453 4630 p.
467 4566 523 4616 148.

183 4653 267 4711 Ver..
291 4649 429 4710 [IL-lb
