2774 5056
489 330 543 396 Du
564 330 863 394 SAORAMENTO.
1214 338 1267 394 1⁰1

97 490 227 562 utpusteri
242 510 368 550 vacuum
382 503 411 549 et
423 492 555 569 frigidum
569 494 683 570 signum
698 494 788 570 (quod
807 495 897 553 simiae
912 493 972 552 iste
993 493 1112 572 faciunt)
1129 494 1266 552 mimitice

97 590 183 641 tantum
199 595 228 644 et
241 588 308 645 sine
320 605 351 644 re
365 587 555 645 efficerent.'’¹
576 589 714 647 Calvinus
726 590 774 658 ita,
785 608 822 648 ex
835 608 870 648 eo
882 589 958 662 quod
970 589 1095 647 visibiles
1107 589 1162 648 illa
1174 590 1270 666 gratiae

96 677 334 757 inpresentiamm
349 685 422 744 haud
437 697 591 759 sequantur
604 705 739 746 manuum
754 688 976 765 impositionem,
986 687 1060 744 hanc
1074 686 1268 759 omittendam,

97 785 176 854 utpote
189 800 311 840 vacuam
326 782 439 851 effectu,
454 783 607 842 contendit.

123 873 204 954 Reep.
220 879 554 957 Apostoliimponebant
565 899 666 940 manus
676 889 708 938 ut
718 880 817 941 fideles
829 899 928 940 eorum
939 881 1099 939 ministerio
1111 882 1273 958 acciperent

96 970 216 1046 Spiritum
232 977 380 1045 Sanctum,
396 978 477 1054 cujus
492 979 651 1054 praesentiae
665 977 770 1037 indicia
783 978 832 1037 illa
845 993 971 1046 externa,
987 977 1148 1054 primordiis
1171 978 1272 1036 Eccle-

96 1067 142 1134 sie,
154 1070 307 1145 aliquando
332 1074 490 1151 prodibant.
532 1073 675 1133 Oaetemm
696 1075 773 1133 haurd
796 1076 885 1148 liquet
895 1076 976 1152 ,mira
997 1073 1045 1131 illa
1060 1073 1133 1131 dona
1155 1092 1270 1151 semper

96 1164 145 1225 data
156 1169 261 1229 fuisse:
286 1191 349 1245 quae
365 1184 501 1249 praterea
514 1173 658 1240 charitate,
674 1193 758 1247 quam
768 1175 891 1250 Spiritus
906 1175 968 1249 ipse
981 1174 1011 1231 in
1023 1171 1155 1230 cordibus
1169 1171 1273 1231 diffun-

95 1262 132 1333 dit,
146 1270 342 1342 praestantiora
352 1288 410 1328 non
424 1279 499 1328 sunt.
541 1268 623 1328 Idem
637 1289 752 1347 semper
762 1271 937 1328 consuevita
950 1269 1118 1347 praesulibus
1133 1268 1272 1327 Ecclesiae

94 1361 202 1424 invocari
214 1367 350 1444 Spiritus,
363 1368 463 1427 eodem
479 1378 592 1446 peracto
602 1370 676 1438 ritu;
698 1368 775 1442 quod
789 1379 985 1446 argumentum
996 1378 1041 1426 est
1054 1369 1191 1426 invictum
1203 1367 1273 1426 illud

97 1477 183 1521 mutnus
209 1483 274 1524 esse
298 1468 458 1543 Apostolici
480 1468 639 1536 ministerii,
655 1468 689 1525 ab
704 1469 768 1544 ipsa
792 1467 995 1544 Apostolorum
1016 1475 1096 1525 atate
1116 1467 1222 1540 ubique
1240 1468 1273 1525 'in

97 1557 211 1620 Ecclesia
226 1564 407 1623 celebratum.
448 1564 522 1624 Illud
545 1565 606 1623 lieri
621 1564 724 1622 frustra
737 1584 822 1623 nemo
849 1567 923 1642 pius,
939 1583 1024 1623 nemo
1044 1563 1137 1622 fidelis
1158 1562 1271 1631 dixerit,

96 1664 198 1719 testame
211 1662 383 1739 Augustino,
399 1664 525 1740 perversi
539 1663 615 1721 enirn
631 1672 675 1722 est
688 1662 782 1721 cordis
795 1662 824 1721 id
840 1681 975 1721 asserere.

128 1761 169 1815 19.
195 1759 262 1840 obj.
281 1766 308 1820 3.
332 1762 439 1819 Totum
454 1761 523 1820 illud
546 1761 623 1835 quod
647 1763 767 1823 a,Luca
785 1761 904 1820 refertur
924 1761 959 1819 de
980 1761 1088 1838 Spiritu
1111 1760 1216 1820 Sancto
1236 1760 1272 1819 iis

99 1846 181 1930 illapso
196 1858 300 1930 quibus
315 1858 445 1935 Apostoli
461 1859 658 1935 imposuerunt
672 1878 783 1926 manus,
794 1857 828 1915 ad
843 1859 915 1917 mira
926 1859 1050 1935 Spiritus
1066 1857 1140 1915 dona
1154 1867 1273 1935 spectat,

100 1966 199 2020 quorum
215 1957 328 2033 copiam
343 1959 372 2015 in
387 1957 518 2015 Ecclesia
532 1957 664 2024 futuram,
679 1959 708 2014 in
723 1957 782 2014 suis
799 1956 959 2032 primordiis
972 1956 1090 2023 scilieet,
1106 1955 1275 2032 praedixerat

101 2046 158 2109 loel.
199 2055 270 2112 “Et
284 2057 338 2114 erit
350 2057 379 2114 in
395 2056 560 2115 novissimis
577 2056 688 2124 diebus,
708 2055 776 2113 dicit
791 2055 944 2122 Dominus,
959 2054 1103 2113 effundam
1118 2053 1153 2112 de
1168 2055 1275 2132 Spiritu

101 2161 149 2205 meo
161 2166 246 2227 super
260 2170 376 2210 omnem
392 2151 554 2210 carnem.'’⁹

129 2243 206 2326 Resp.
230 2250 307 2308 Mira
331 2250 379 2309 illa
399 2249 474 2308 dona
499 2260 620 2327 possunt
644 2252 777 2308 vaticinio
804 2249 957 2325 designari,
979 2250 1031 2308 sed
1052 2271 1086 2309 ea
1110 2260 1275 2327 argumenta

103 2344 177 2413 potius
188 2356 216 2403 et
229 2345 335 2404 indicia
347 2346 469 2423 Spiritus
481 2346 613 2404 cordibus
624 2345 751 2404 fidelium
763 2346 902 2403 illabentis
914 2344 1042 2403 habenda
1052 2354 1128 2404 sunt.
1151 2344 1274 2421 Spiritus

104 2435 282 2511 inassuetus
295 2442 389 2501 adhuc
410 2463 441 2501 se
463 2443 663 2509 communicat,
678 2451 710 2499 ut
730 2443 833 2499 virtute
853 2440 961 2498 coelesti
976 2460 1028 2498 nos
1049 2441 1158 2499 muniat
1178 2448 1276 2498 contra

104 2531 218 2597 denonis
244 2541 380 2618 impetus,
394 2553 422 2599 et
444 2539 594 2599 dulcedine
608 2540 751 2598 charitatis
775 2537 907 2596 cordibus
928 2537 1023 2595 infusa
1043 2539 1218 2615 triumphum
1239 2537 1275 2596 de

104 2628 209 2696 hostibus
224 2638 337 2699 facilem
352 2639 399 2697 det
419 2650 571 2716 reportare.
613 2638 747 2704 Pulchre,
763 2655 814 2714 pro
835 2654 925 2704 more,
940 2635 1093 2695 discrimen
1115 2647 1275 2713 ternpomm

104 2727 142 2790 hac
152 2735 179 2793 in
192 2756 221 2794 re
235 2737 342 2795 indicat
356 2739 553 2815 Augustinus:
576 2736 713 2810 “Neque
728 2734 837 2803 errim,”
853 2735 902 2802 ait,
918 2734 1149 2812 “temporalibus
1170 2744 1199 2792 et
1212 2752 1276 2793 sen·

104 2827 209 2891 sibilibus
224 2835 368 2893 miraculis
384 2835 576 2893 attestantibus
594 2852 644 2911 per
658 2852 758 2891 manus
779 2832 993 2908 impositionem
1015 2831 1099 2890 modo
1115 2830 1195 2890 datur
1210 2832 1275 2909 Spi-

104 2923 157 2985 ritus
181 2930 314 2998 Sanctus,
342 2932 416 2989 sicut
443 2943 524 2989 antea
551 2930 667 2988 dabatur
691 2931 724 2988 ad
750 2929 1025 2987 commendationem
1045 2929 1123 2987 rudis
1148 2928 1226 2997 fidei,
1249 2940 1277 2987 et

104 3019 223 3085 Ecclesiae
238 3028 395 3105 primordia
408 3027 557 3087 dilatanda.
599 3027 671 3094 Quis
686 3027 763 3084 enirn
777 3045 854 3083 nunc
868 3025 923 3084 hoc
937 3035 1077 3102 expectat,
1092 3035 1123 3083 ut
1138 3025 1159 3082 ii
1173 3026 1276 3098 quibus

103 3136 184 3182 manus
205 3125 241 3183 ad
264 3124 461 3202 accipiendum
485 3125 622 3202 Spiritum
648 3125 784 3182 Sanctum
808 3123 973 3198 imponitur,
999 3131 1115 3199 repente
1140 3122 1277 3198 incipiant

103 3217 301 3299 linguis'loquil
343 3224 400 3282 Sed
415 3224 594 3282 invisibiliter
607 3235 635 3280 et
649 3223 766 3280 latenter
788 3222 952 3298 intelligitur
966 3239 1017 3297 per
1031 3219 1176 3278 vinculum
1197 3221 1276 3297 pacis

105 3334 184 3380 eorum
197 3322 332 3381 cordibus
346 3321 442 3379 divina
456 3321 576 3379 charitas
591 3320 732 3397 inspirari,
749 3329 779 3377 ut
799 3319 911 3394 possint
924 3317 1016 3375 dicere
1028 3337 1035 3373 r
1057 3318 1191 3390 quoniam
1213 3317 1278 3375 cha-

50 3432 52 3453 ¹
103 3416 152 3477 titas
164 3420 220 3479 Dei
240 3420 346 3479 diffusa
360 3429 404 3477 est
424 3420 453 3477 in
469 3418 601 3478 cordibus
622 3419 726 3476 nostris
747 3417 952 3495 perspiritum
967 3416 1103 3473 Sanctum
1125 3415 1174 3486 qui
1195 3413 1276 3472 datus

50 3524 52 3539 '
103 3520 270 3579 estnobis.'’⁸
1255 3516 1256 3520 ’

130 3620 171 3676 20.
196 3617 264 3696 ouj.
280 3619 309 3674 4.
333 3616 435 3674 Simon
449 3616 566 3692 Magus,
581 3614 674 3672 oblata
688 3611 820 3689 pecunia,
835 3609 916 3687 petiit
929 3620 961 3666 ut
973 3609 1031 3684 ipsi
1051 3608 1136 3666 etiam
1157 3607 1276 3669 facultas

102 3710 157 3773 louet
167 3715 252 3775 dandi
268 3716 406 3791 Spiritum
422 3715 569 3781 Sanctum,
585 3730 721 3771 manuum
742 3710 943 3788 impositione:
966 3708 1062 3785 ipsum
1082 3717 1177 3766 autem
1199 3708 1275 3768 haud

100 3814 200 3887 gratiam
214 3811 355 3888 largiendi
377 3811 547 3878 facultatem,
563 3809 613 3867 sed
635 3808 709 3866 dona
723 3807 770 3865 illa
795 3807 866 3865 mira
879 3803 1107 3864 communicandi
1129 3805 1277 3878 quaesiisse

100 3907 181 3984 lquet.
223 3912 304 3988 Ergo
320 3910 391 3978 haec,
406 3929 465 3969 non
479 3910 537 3977 illa,
552 3908 675 3984 Spiritus
690 3906 788 3964 Sancti
801 3905 917 3964 nomine
931 3903 1147 3979 intelligebatur.

126 4008 211 4088 Resp.
233 4008 367 4068 Perditus
382 4008 429 4066 ille
445 4009 531 4066 homo
545 4007 618 4064 mira
631 4004 751 4065 faciendi
766 4004 907 4070 facultate,
922 4012 980 4059 arte
994 4019 1046 4059 sua
1060 4000 1189 4069 nefanda,
1205 4003 1279 4061 cele·

96 4103 152 4174 bris,
166 4116 335 4184 potestatem
349 4105 480 4178 quesivit
493 4115 525 4162 ut
540 4104 612 4181 ipse,
628 4103 757 4160 manibus
770 4101 923 4177 impositis,
936 4106 1036 4176 posset
1045 4097 1108 4156 aliis
1121 4099 1192 4156 mira
1203 4098 1277 4158 dona

91 4205 250 4264 concedere.
293 4204 425 4261 Attamen
440 4222 499 4261 non
513 4211 623 4262 constat
635 4220 701 4259 eum
714 4184 776 4258 haec
789 4218 853 4257 cum
869 4198 977 4274 Spiritu
991 4197 1056 4274 ipso
1070 4196 1166 4255 divino
1179 4197 1277 4255 confu-

88 4300 177 4373 disse3
199 4301 285 4362 facile
299 4301 376 4359 enim
390 4300 567 4377 explicantur
580 4299 642 4376 ejus
657 4299 751 4366 verba,
766 4296 847 4355 donis
862 4313 913 4373 pro
934 4295 1049 4354 indiciis
1063 4293 1108 4352 vel
1128 4291 1275 4352 effectibus
1335 4376 1339 4385 Ι

383 4497 424 4563 (1)
443 4495 503 4546 lnst.
515 4496 532 4544 l.
542 4494 575 4544 iv.
586 4509 607 4543 c.
618 4492 671 4542 xix.

385 4581 427 4649 (a)
446 4580 500 4632 Joel
510 4580 537 4631 ii.
547 4582 588 4631 28.
605 4577 661 4628 Act.
671 4576 698 4627 il.
712 4579 751 4626 rt.

389 4667 431 4733 (3)
449 4664 480 4717 L.
491 4665 526 4717 iii.
538 4662 568 4715 de
579 4662 651 4728 Bept
666 4668 751 4713 eontra
761 4657 852 4710 Donat.
862 4672 884 4706 c.
896 4657 947 4707 xvi.

677 4751 714 4808 9}
