2774 5056
370 283 428 353 DE
448 283 589 355 SEXTO
608 282 787 351 Jonnms
807 282 978 347 CAPITE.
1218 282 1276 349 lto

89 453 172 503 utem
184 442 330 521 flagitium
343 453 392 505 aut
403 443 514 513 facinus
527 442 639 503 videtur
647 442 761 521 jubere,
771 451 821 501 aut
834 442 983 503 utilitatem
995 451 1044 505 eut
1057 440 1275 507 beneficentiam

89 551 182 611 venre,
196 541 321 620 figurato
333 551 388 601 est.
429 541 499 601 Nisi
510 540 760 610 manducaveritis,
775 540 878 616 inquit,
891 558 1007 601 carnem
1020 539 1073 601 lilii
1086 539 1223 607 hominis,
1243 547 1276 599 et

88 639 249 719 sanguinem
262 637 401 707 biberitis,
415 656 476 699 non
496 638 636 699 babebitis
649 638 737 698 vitam
751 638 783 697 in
794 638 887 699 vobis.
928 636 1053 697 Facinus
1067 636 1114 695 vel
1133 635 1274 715 flagitium

89 734 190 795 ridetur
206 735 330 813 jubere:
351 736 442 814 figura
455 747 501 795 est
512 754 591 814 ergo,
606 735 775 814 precipiens
796 734 924 813 passioni
944 733 1104 796 Dominicis
1118 733 1277 795 communi·

89 831 216 900 cendum,
226 841 258 891 et
270 831 395 891 suaviter
408 843 493 907 atque
506 832 611 893 utiliter
624 831 834 894 recondendum
845 833 875 893 iu
887 832 1034 901 memoria,
1045 830 1123 905 quod
1133 850 1185 910 pro
1194 832 1277 893 nobis

89 947 145 989 curo
157 929 224 1007 eJ'us
238 928 376 988 crucifixa
388 938 418 988 et
431 928 577 989 vulnerata
589 928 674 988 sit.”²

118 1024 210 1103 Reep.
231 1024 396 1099 Aliquando
411 1025 511 1086 Patres
523 1026 559 1087 ab
571 1026 656 1086 obvio
667 1026 821 1103 Scriptum
832 1044 919 1085 sensu
931 1025 1112 1085 ιιινιιιιιιιιιιι
1124 1023 1277 1100 mysticent

88 1122 143 1199 ejus
156 1121 401 1199 significationem
415 1122 571 1200 explicent,
584 1141 706 1196 eamque
719 1122 846 1182 moribus
859 1120 1035 1183 audientium
1050 1120 1276 1181 accommodent.

88 1218 132 1279 Sic
144 1219 326 1296 Augustinus
347 1217 459 1288 fideles,
474 1219 524 1293 qui
537 1237 643 1297 corpus
657 1218 767 1279 Christi
789 1229 966 1281 sacramento
986 1218 1115 1295 accipere
1135 1217 1276 1284 solebant,

88 1317 218 1383 hortatur,
237 1326 269 1376 nt
282 1316 447 1385 charitatem
461 1335 528 1394 erga
540 1335 573 1377 se
587 1317 711 1378 invicem
724 1326 847 1385 servent,
861 1317 945 1394 cujus
959 1316 1125 1393 symbolum
1137 1327 1166 1374 et
1180 1315 1278 1375 rincu-

88 1411 140 1471 lum
166 1413 359 1473 arctissimum
382 1423 426 1473 est
445 1412 573 1473 divinum
594 1412 664 1472 illud
685 1413 865 1490 mysterium.
907 1413 972 1472 Nec
987 1424 1081 1471 tamen
1102 1409 1172 1471 illud
1193 1411 1279 1471 inane

89 1509 249 1586 symbolum
264 1509 360 1578 hebet,
373 1508 426 1569 sed
440 1508 569 1570 divinum
583 1528 699 1587 prorsus
713 1520 742 1567 et
755 1508 867 1578 efficax,
879 1508 920 1568 uti
933 1508 1023 1583 liquet
1035 1526 1073 1567 ex
1083 1517 1125 1566 tot
1134 1525 1198 1583 qua
1211 1507 1279 1566 eita-

91 1608 179 1666 rimus
193 1606 259 1685 ejus
271 1606 453 1667 testimoniis.
475 1605 560 1680 Quod
574 1615 669 1667 eutem
682 1606 718 1666 dc
732 1606 907 1667 Sacramenti
920 1615 1019 1666 natura
1032 1605 1117 1683 paulo
1130 1603 1278 1664 obscurius

44 1696 45 1700 ’
89 1721 292 1777 nonnunquam
305 1703 446 1779 loquatur,
461 1703 581 1781 contigit
600 1704 687 1763 etiam
701 1704 769 1778 quia
787 1703 818 1762 in
841 1703 962 1780 publicis
982 1700 1168 1761 concionibus
1189 1699 1280 1760 noluit

90 1800 260 1861 enucleatius
280 1799 351 1859 illud
373 1817 529 1877 exponere,
544 1799 638 1858 habita
662 1800 770 1858 ratione
794 1797 953 1876 discipliuae
973 1798 1049 1858 illius
1070 1795 1207 1874 temporis
1223 1813 1281 1870 qua

90 1916 140 1959 oon
154 1898 269 1959 sinebat
281 1908 312 1957 ut
334 1896 558 1958 Gatechumenis
579 1909 627 1956 aut
645 1896 808 1956 infidelibus
829 1915 964 1955 arcanum
987 1895 1057 1954 illud
1077 1895 1278 1973 explicaretur.

91 1992 160 2053 ludi
173 1993 271 2073 ipsum
286 1993 490 2072 Augustinum
505 1992 696 2071 explicantem
711 1992 759 2051 illa
772 1993 876 2051 verba:
898 2002 919 2030 ⁴⁸
929 1991 1015 2051 Jesus
1029 2010 1088 2051 uon
1102 2010 1134 2050 se
1149 1990 1282 2051 credebat

91 2088 159 2149 sis.''
197 2098 217 2125 ‘⁴
228 2087 317 2149 Tales
340 2098 409 2151 sunl
429 2106 531 2149 omnes
556 2087 786 2147 catechumeni:
808 2088 870 2166 lpsi
885 2088 948 2167 jam
969 2087 1087 2147 credunt
1110 2088 1140 2147 in
1162 2087 1280 2147 nomine

93 2185 209 2255 Christi,
224 2184 276 2245 sed
288 2186 376 2246 Jesus
389 2204 449 2246 non
462 2204 494 2245 se
515 2185 603 2245 credit
616 2186 670 2245 eis.
710 2186 844 2247 Intendat
857 2198 887 2245 et
899 2185 1036 2264 intelligat
1053 2186 1153 2245 caritas
1167 2195 1279 2246 vestra:

60 2332 63 2354 ,
93 2285 112 2345 ιι
124 2285 285 2345 dixerimus
299 2282 526 2354 catechumeno,
541 2283 633 2343 credie
644 2285 674 2343 ιιι
686 2283 826 2344 Christo?
848 2282 1024 2361 Respondet,
1039 2282 1134 2351 credo,
1148 2293 1177 2342 et
1186 2284 1282 2362 signat

92 2398 117 2441 se
129 2399 216 2443 eruce
230 2380 351 2451 Christi,
363 2390 457 2459 portat
469 2381 499 2440 in
521 2381 626 2450 fronte,
641 2391 670 2439 et
691 2398 749 2439 uon
763 2380 906 2438 erubescit
926 2379 962 2438 de
983 2397 1067 2438 cruce
1088 2378 1209 2439 Domini
1222 2380 1280 2439 sui.

92 2479 164 2541 Ecce
178 2478 271 2541 eredit
283 2480 315 2539 in
327 2479 445 2539 nomine
458 2479 532 2557 ejus.
571 2476 782 2555 Interrogemus
796 2495 881 2536 eum:
904 2476 1063 2536 Manducas
1083 2495 1198 2537 carnem
1212 2476 1280 2537 Filii

92 2573 224 2653 hominis,
239 2586 269 2635 et
281 2574 355 2634 bibis
369 2574 432 2655 ejus
447 2573 637 2652 sanguinem?
658 2573 750 2632 nescit
762 2571 831 2647 quid
846 2571 978 2641 dicimus,
992 2572 1060 2646 quia
1072 2569 1160 2632 Jesus
1175 2590 1233 2633 non
1247 2591 1281 2632 se

92 2675 209 2735 credidit
221 2675 260 2735 ei.
280 2715 288 2732 .
311 2715 320 2733 .
342 2715 351 2733 .
373 2674 440 2742 Quo
453 2692 522 2752 ergo
535 2672 664 2751 perducit
677 2671 824 2731 credentes
838 2671 1058 2749 etbuptizutoei
1097 2669 1145 2731 Ad
1165 2690 1280 2731 manne.

92 2769 164 2831 Ecce
178 2771 246 2831 dico
261 2788 375 2830 menna.
411 2771 522 2831 Notum
536 2779 580 2830 est
593 2769 662 2845 quid
675 2769 836 2847 acceperint
848 2767 952 2839 Judaei,
967 2778 1067 2828 uotum
1082 2780 1127 2829 est
1141 2768 1282 2844 quidillis

93 2871 209 2946 pluisset
233 2869 314 2929 Dens
336 2868 372 2927 de
394 2869 489 2929 coelo:
510 2881 539 2928 et
556 2869 687 2928 nesciunt
700 2867 909 2929 catechumeni
930 2867 998 2943 quid
1019 2869 1160 2947 accipiant
1181 2869 1282 2931 Chris-

93 2968 204 3057 tiani3'’⁹
244 2967 311 3027 Alio
324 2967 389 3027 looo
402 2966 523 3045 figurem
536 2967 675 3045 agnoscit,
690 2986 753 3041 quae
768 2966 861 3025 cernis
876 2964 986 3025 Christi
999 2966 1211 3028 dilaniationem
1232 2986 1283 3028 ox·

94 3064 192 3134 dedat,
209 3064 280 3138 quin
293 3062 372 3123 tollet
386 3063 531 3122 veritatem
552 3063 739 3132 sacramenti,
754 3061 973 3122 communicatio
986 3064 1065 3125 enim
1084 3065 1133 3125 illa
1153 3065 1283 3142 passioni

94 3159 220 3231 Domini,
235 3160 272 3219 de
287 3179 344 3237 qua
356 3161 492 3235 loquitur,
506 3161 540 3220 fit
553 3180 611 3220 non
633 3160 694 3221 sola
707 3160 785 3220 illins
798 3161 947 3231 memoria,
960 3160 1013 3221 sed
1027 3181 1146 3240 corpore
1167 3164 1233 3241 ipso
1253 3174 1283 3221 et

93 3261 239 3341 sanguiue,
254 3259 308 3319 sub
322 3259 498 3321 sacramenti
509 3261 671 3340 speciebus,
685 3247 826 3339 sumptis:
848 3271 868 3298 ‘⁴
879 3261 1068 3323 Mediatorem
1083 3262 1139 3322 Dei
1149 3276 1179 3323 et
1192 3264 1284 3325 homi·

94 3376 169 3429 num,
195 3359 345 3419 hominem
371 3357 521 3418 Christum
545 3359 659 3429 Jesnm,
686 3378 801 3419 carnem
829 3378 911 3420 suam
938 3361 1021 3421 nobis
1044 3360 1282 3432 manducandam,

94 3455 303 3532 bibendumque
317 3456 487 3533 sanguinem
498 3456 623 3526 dantem,
637 3457 716 3517 fideli
729 3456 814 3516 corde
827 3469 911 3532 etque
924 3476 973 3517 ore
987 3459 1171 3535 suscipimus,
1184 3477 1284 3533 quem·

95 3555 133 3613 vis
154 3553 322 3615 horribilius
341 3553 470 3613 videatur
491 3554 646 3615 humanum
667 3574 780 3614 earnem
802 3553 982 3624 manducare,
997 3574 1082 3629 quum
1098 3556 1240 3634 perimere
1254 3569 1283 3618 et

95 3652 248 3729 humanum
262 3651 432 3729 sanguinem
447 3663 556 3728 potare,
570 3671 656 3726 quam
670 3651 837 3711 sundere.”³

129 3754 179 3809 43.
205 3747 273 3828 ooj.
291 3752 338 3807 12.
359 3748 536 3826 Augustinus
556 3748 655 3808 irridet
666 3748 784 3808 Judaeos
805 3767 909 3827 panem
930 3748 1060 3809 dentibus
1081 3751 1285 3814 conterendum

97 3854 296 3923 expectantes:
318 3842 416 3902 “Hoc
440 3855 485 3903 est
508 3864 582 3923 opus
610 3845 677 3915 Dei,
693 3856 724 3904 ut
743 3845 863 3905 credatis
878 3846 908 3905 in
922 3866 988 3908 eum
1010 3867 1096 3923 quem
1121 3850 1201 3909 misit
1225 3851 1283 3911 ille.

97 3938 157 4000 Hoc
170 3951 217 4000 est
237 3958 307 4017 ergo
321 3939 491 4000 manducare
505 3941 601 4001 cibum
616 3961 674 4003 non
698 3943 747 4017 qui
766 3943 851 4022 perit,
866 3941 918 4002 sed
928 3945 979 4019 qui
992 3957 1140 4023 permanet
1153 3949 1183 4008 in
1197 3948 1285 4009 vitam

99 4049 237 4097 eternam.
279 4036 321 4097 Ut
334 4036 403 4111 quid
417 4055 500 4116 paras
515 4037 616 4099 dentes
630 4050 659 4098 et
672 4041 823 4100 ventrem?
863 4039 958 4100 Crede
969 4053 998 4101 et
1012 4043 1233 4104 manducasti.''⁴

131 4134 220 4215 Resp.
242 4132 408 4194 Irrideteos
427 4135 606 4214 Augustinus
634 4137 683 4212 qui
703 4156 818 4215 panem,
839 4138 967 4214 corporis
987 4138 1094 4212 cibum,
1115 4141 1285 4201 manducau-

389 4343 432 4413 (1)
449 4345 489 4396 De
499 4346 563 4397 doct.
575 4345 666 4398 Christ.
677 4346 694 4397 l.
705 4347 739 4398 iii.
751 4364 772 4398 c.
783 4348 832 4398 xri

394 4433 437 4500 (2)
455 4433 538 4484 Trect.
548 4434 583 4484 xi.
595 4435 622 4484 in
636 4434 651 4484 J
653 4450 709 4484 oen.

394 4518 437 4586 (³)
456 4517 487 4569 L.
499 4519 525 4570 ii.
535 4526 620 4570 contra
630 4518 722 4570 advers
734 4519 794 4584 legis
805 4530 830 4572 et
840 4521 925 4588 proph.

390 4605 433 4672 (4)
451 4605 523 4657 Tmo.
535 4621 594 4657 xxv.
603 4605 631 4658 in
641 4605 714 4659 Jottn.
