2774 5056
591 330 648 392 DE
669 330 895 394 LlTURGIIS.

622 912 762 973 CAPUT
782 914 837 974 lX.

567 1150 624 1203 DE
659 1149 917 1204 LITURGIIS.

181 1379 247 1434 194.
269 1379 314 1438 De
330 1378 468 1456 liturgiis
483 1376 590 1452 aliquid
612 1376 750 1446 diximus,
765 1378 816 1436 sed
838 1399 928 1453 quum
949 1378 1150 1456 gravissimum
1166 1379 1343 1439 constituant

143 1487 355 1550 argumentum,
377 1474 411 1533 de
436 1475 472 1533 iis
495 1474 649 1551 specialius
674 1473 816 1552 agendum
839 1475 987 1537 duximus.
1028 1474 1174 1551 Equidem
1195 1476 1260 1535 fleri
1280 1492 1341 1535 non

139 1570 231 1646 potnit
246 1581 278 1629 ut
291 1572 384 1630 cultus
408 1571 539 1649 publicus
554 1570 688 1630 doctrinae
709 1571 868 1650 praedicatae
882 1582 912 1630 et
925 1571 999 1650 apud
1020 1592 1121 1635 omnes
1141 1584 1265 1651 recepte
1280 1590 1340 1633 non

137 1666 332 1745 responderet.
374 1667 479 1728 Meritd
494 1668 602 1728 idcirco
623 1670 737 1746 scripsit
758 1670 930 1729 Caelestinus
945 1670 969 1731 1.
986 1670 1021 1730 ad
1044 1672 1201 1731 Galliarum
1216 1672 1331 1749 episco-

137 1780 202 1840 pos,
217 1782 292 1823 anno
307 1768 380 1824 431:
404 1775 423 1802 ‘⁶
436 1765 673 1824 Obsecrationum
689 1784 803 1840 quoque
817 1766 1036 1826 sacerdotalium
1049 1766 1235 1827 Sacramenta
1250 1767 1339 1845 respi-

139 1862 259 1930 ciamus,
275 1883 337 1937 quae
353 1864 387 1922 ab
410 1863 557 1941 Apostolie
581 1862 679 1922 tradita
693 1864 723 1921 in
746 1872 805 1923 toto
820 1863 927 1953 mundo
951 1873 1036 1940 atque
1057 1864 1087 1924 in
1101 1866 1183 1925 omni
1197 1864 1339 1925 catholica

138 1956 272 2017 Ecclesia
297 1960 475 2019 uniformiter
499 1959 685 2028 celebrantur,
706 1970 738 2019 ut
760 1960 854 2039 legem
876 1961 1011 2022 credendi
1032 1962 1082 2022 lex
1102 1972 1206 2022 statuat
1226 1963 1336 2042 suppli·

137 2054 255 2114 candi.''

183 2156 249 2212 1⁰5.
270 2166 400 2229 Aserspyss
413 2173 468 2213 vox
487 2167 531 2213 est
551 2154 654 2214 Graeca
668 2173 731 2229 qnae
744 2172 857 2215 munus
871 2155 1028 2234 publicum
1049 2156 1203 2235 significat,
1224 2174 1337 2216 sacrum

138 2253 296 2330 praeeertim
322 2253 513 2311 ministerium
529 2251 627 2330 populi
647 2252 741 2312 fidelis
762 2256 880 2312 nomine
895 2273 912 2312 a
925 2254 1072 2314 sacerdote
1093 2267 1251 2334 peractum.
1292 2253 1338 2313 De

139 2349 298 2409 ministerio
311 2348 461 2409 sacerdotii
474 2351 577 2408 veteris
591 2349 667 2427 apud
681 2349 789 2434 Lucam
800 2364 954 2429 usurpatur
964 2352 995 2412 in
1009 2352 1195 2432 Evangelio,¹
1209 2352 1246 2412 de
1257 2368 1338 2411 seem

140 2447 209 2506 nori
219 2447 398 2506 Testamenti
409 2465 527 2505 munere
538 2448 567 2506 in
580 2447 662 2506 Actis
676 2446 891 2524 Apostolorum:
910 2470 1099 2525 maenomenon
1108 2468 1187 2508 mo»
1197 2450 1340 2522 ‘speram'

140 2543 214 2603 Illud
229 2564 245 2602 a
259 2544 383 2620 Vulgato
404 2545 557 2620 interprete
573 2543 715 2601 redditum
729 2557 794 2601 est:
816 2554 835 2582 ‘⁶
847 2543 1077 2604 Ministrantihus
1092 2542 1149 2600 illis
1165 2541 1294 2602 Domino
1307 2543 1338 2611 ;”

140 2643 174 2699 ab
196 2641 334 2707 Erasmo;
367 2652 461 2697 “cum
491 2640 532 2697 illi
554 2640 744 2699 sacrificarent
766 2641 926 2710 Domino;’'
956 2659 1041 2715 qnam
1068 2641 1126 2698 vim
1148 2641 1213 2698 voci
1242 2638 1338 2698 inesse

140 2741 293 2817 episcopus
309 2738 483 2814 Anglicanus
496 2738 675 2815 Bucheridge
687 2740 761 2815 apud
777 2741 959 2800 Oxoniensee
971 2740 1047 2798 hand
1061 2738 1221 2798 diffitetur.⁸
1244 2739 1338 2798 Greci

140 2854 240 2893 vocem
264 2836 450 2903 retinuerunt,
471 2854 561 2908 eaque
587 2836 736 2912 designant
761 2839 845 2896 ritum
866 2839 1038 2896 sacrificium
1061 2835 1235 2905 celebrandi,
1252 2856 1338 2911 quem

139 2933 234 2992 Latini
250 2933 371 2990 Missam
388 2943 497 2991 vocant.
539 2934 642 2991 Libros
658 2944 716 2993 tum
734 2935 850 2993 Graecos
867 2946 926 2994 tum
948 2936 1076 3002 Latinos,
1099 2935 1145 2993 vel
1159 2933 1217 2992 alia
1237 2936 1338 3008 quavis

139 3031 238 3106 lingua
251 3030 428 3106 conscriptos
450 3031 499 3103 qui
513 3031 597 3087 ritum
612 3030 774 3088 celebrandi
788 3033 959 3091 sacrificium
975 3050 1056 3090 novae
1081 3031 1155 3109 legis
1180 3032 1338 3101 continent,

138 3129 186 3188 hic
201 3128 388 3204 intelligimus
405 3128 596 3204 Liturgiarum
613 3130 741 3188 nomine.

181 3229 246 3284 199.
270 3225 314 3283 De
336 3225 526 3301 Liturgiarum
549 3225 724 3298 antiquitate,
746 3246 865 3300 quarum
895 3227 992 3304 plures
1020 3226 1227 3304 Apostolorum
1247 3228 1339 3293 Petri,

138 3323 250 3392 iacobi,
267 3336 295 3382 et
310 3323 502 3399 Evangelistae
525 3324 617 3381 Marci
629 3325 814 3398 praeeeferunt
835 3327 961 3392 nomina,
977 3326 1050 3383 inter
1064 3325 1190 3383 eruditos
1205 3325 1343 3384 homines

118 3423 325 3502 ‘disceptatum
340 3435 401 3480 est:
425 3423 474 3479 sed
490 3437 587 3480 eorum
604 3423 685 3479 nobis
700 3426 833 3499 probatur
847 3425 986 3482 sententia
996 3424 1050 3496 ,qui
1066 3433 1227 3501 agnoscunt
1240 3441 1342 3482 aarum

139 3523 324 3580 substantiam
341 3521 376 3579 ad
390 3521 546 3599 Apostolos
566 3520 741 3579 referendam
764 3540 828 3579 esse
849 3526 1002 3589 auctorea,⁴
1015 3532 1155 3595 qnatenus
1178 3540 1243 3596 quae
1270 3541 1345 3599 pre-

176 3718 218 3782 (1)
238 3716 324 3766 Luei.
336 3721 377 3765 23.

175 3802 217 3867 (2)
238 3802 294 3851 Act.
304 3801 356 3850 xiii.
370 3804 394 3850 2.

175 3889 217 3953 (9)
238 3894 252 3919 ‘⁸
261 3887 328 3936 That
340 3887 421 3937 which
434 3901 471 3936 we
489 3886 546 3936 read
563 3886 734 3955 minutetng,
745 3889 766 3938 ie
778 3889 910 3938 translated
921 3889 954 3953 by
974 3888 1093 3938 Erasmus
1105 3895 1131 3938 to
1147 3889 1178 3940 be
1195 3888 1350 3952 sacrificium

138 3971 339 4040 saenfisanlidse
350 3971 409 4033 illia,
426 3972 475 4022 end
492 3970 629 4035 sacrificing
645 3973 687 4023 did
704 3975 785 4038 surely
802 3973 879 4040 imply
896 3974 938 4024 tha
956 3974 1148 4042 representation
1164 3975 1194 4024 of
1208 3973 1357 4026 Gamsr'r

139 4059 271 4119 Sacrifice;
287 4059 336 4108 and
347 4059 389 4108 the
399 4059 466 4108 word
482 4058 504 4107 is
514 4061 721 4129 naerespyduvrov,
738 4059 858 4123 ‘offering
873 4061 903 4110 of
915 4060 998 4110 divine
1015 4060 1123 4126 worship
1131 4058 1147 4108 ε’
1164 4061 1216 4111 and
1226 4076 1255 4110 so
1272 4061 1349 4111 thero

140 4162 192 4196 was
202 4145 261 4196 then
280 4144 417 4210 eLiturgy‚
429 4146 477 4195 and
497 4145 529 4193 all
546 4145 676 4208 Liturgies.
686 4146 734 4196 hed
745 4145 794 4195 this
813 4147 954 4197 Sacrament
970 4145 997 4195 in
1008 4136 1099 4195 'theam'
1135 4144 1229 4212 Biahop
1246 4144 1356 4198 Baelo·

138 4233 207 4295 ridge
218 4231 283 4296 apud
295 4230 457 4292 Oxonienses,
468 4233 515 4281 vol.
524 4233 555 4281 iv.
567 4231 594 4280 N
595 4247 617 4280 o.
626 4234 667 4280 81.

175 4321 187 4376 ί
188 4321 218 4384 4)
236 4319 301 4368 “All
313 4319 354 4368 the
365 4318 463 4367 ancient
474 4317 583 4380 liturgies
594 4334 666 4381 agree
677 4318 704 4367 in
713 4317 761 4367 this
770 4316 845 4368 Form
857 4319 886 4368 of
893 4319 983 4385 Prayer
993 4320 1080 4369 almost
1090 4317 1118 4368 in
1126 4317 1169 4368 the
1176 4333 1245 4368 seme
1254 4316 1362 4371 ποιῆθ’

139 4409 182 4457 hut
193 4406 255 4469 fully
267 4404 316 4454 end
328 4404 423 4467 exactly
435 4404 462 4453 in
473 4404 515 4453 the
526 4420 593 4453 seme
604 4421 682 4464 sense,
691 4404 766 4464 order,
775 4405 823 4453 and
836 4404 948 4465 method;
960 4404 1041 4455 which
1048 4404 1192 4454 whosoever
1199 4404 1366 4468 attentively

138 4493 269 4552 considers,
281 4500 347 4542 must
367 4492 397 4540 be
415 4491 550 4541 convinced
567 4491 620 4540 thet
636 4493 685 4542 this
702 4493 771 4541 order
790 4494 819 4542 os
832 4508 918 4558 prayer
938 4508 989 4542 was
1008 4492 1128 4542 delivered
1146 4499 1172 4542 to
1189 4492 1233 4542 the
1251 4476 1382 4543 several

137 4578 257 4629 churches
269 4578 295 4627 in
306 4577 348 4627 the
356 4592 415 4640 very
427 4577 480 4626 first
490 4576 626 4640 plantation
634 4579 682 4627 and
694 4578 866 4628 settlementof
879 4576 971 4628 them.’'
989 4577 1085 4643 Bishop
1097 4576 1156 4628 Bull
1167 4577 1221 4628 xiii.
1231 4576 1364 4629 Sennea
1382 4594 1385 4616 τ

134 4665 201 4731 apud
213 4665 374 4724 Oxonienses,
386 4666 432 4714 vol.
444 4664 468 4714 ii.
480 4663 555 4712 Tract
566 4660 617 4712 No.
629 4664 670 4712 64.
