2774 5056
95 305 134 362 78
223 360 225 365 ,
432 300 488 362 DE
511 299 717 361 MlNlSTRO
739 299 947 362 BAPTISMI.

582 763 722 823 unPUT
744 763 812 822 Vll.

396 956 452 1006 DE
488 955 720 1008 MINISTRO
755 955 997 1008 BAPTISMI.

142 1142 208 1199 174.
230 1137 410 1213 Baptismum
426 1136 560 1195 collatum
575 1137 609 1195 ab
624 1137 762 1196 haeraticis
778 1137 954 1195 nihilvalere
965 1135 1076 1193 censuit
1089 1132 1298 1201 Tertullianus,

99 1237 155 1295 nisi
179 1237 288 1313 placeat
309 1235 371 1310 ejus
397 1236 480 1292 verba
505 1234 540 1292 de
561 1235 597 1292 iis
618 1236 786 1312 intelligere,
801 1235 861 1308 qui,
885 1234 1023 1311 mysterio
1045 1232 1194 1292 Trinitatis
1216 1231 1294 1289 haud

100 1335 207 1412 agnito,
220 1334 428 1392 invocationem
442 1333 527 1391 trium
540 1351 725 1410 personarum
737 1332 905 1408 baptizando
916 1333 1105 1409 negligebant.
1128 1329 1296 1388 “Haeretici

99 1431 227 1500 autem,”
254 1432 356 1504 inquit,
383 1432 524 1490 “nullum
556 1433 661 1491 habent
687 1433 863 1490 consortium
891 1442 994 1490 nostrae
1024 1429 1195 1506 disciplina,
1221 1446 1295 1501 quos

99 1541 249 1588 extraneos
263 1529 362 1601 utique
376 1536 493 1585 testatur
506 1529 570 1605 ipsa
584 1528 728 1606 ademptio
742 1528 1018 1590 communicationis.
1061 1526 1130 1584 Non
1152 1524 1244 1583 debeo
1266 1524 1295 1582 in

100 1627 157 1684 illis
172 1643 345 1702 cognoscere
361 1623 437 1696 quod
453 1624 524 1682 mihi
538 1635 581 1682 est
598 1637 782 1703 praeceptum,
799 1627 939 1700 quianon
959 1623 1035 1683 idem
1057 1622 1138 1680 Deus
1153 1631 1198 1679 est
1212 1621 1296 1679 nobis

98 1734 127 1782 et
140 1724 208 1791 illis,
223 1742 277 1781 nec
292 1741 365 1781 unus
377 1722 522 1790 Christus,
538 1722 631 1790 idest,
647 1723 734 1793 idem,
749 1723 871 1798 ideoque
892 1742 946 1782 nec
966 1721 1123 1799 baptismus
1138 1738 1213 1777 unus
1229 1720 1296 1792 quia

98 1839 156 1879 non
172 1820 266 1878 idem:
289 1838 373 1892 quem
389 1838 478 1892 quum
492 1820 544 1877 rite
559 1838 617 1878 non
629 1821 760 1890 habeant,
773 1822 836 1879 sine
850 1820 936 1878 dubio
949 1838 1005 1878 uon
1022 1816 1172 1876 habent.'’²
1192 1818 1296 1894 Agrip

98 1916 196 1995 pinus,
213 1917 447 1995 carthaginensis
462 1917 627 1995 episcopus,
640 1920 755 1977 ineunte
770 1919 853 1977 tertio
864 1919 980 1986 saeculo,
992 1918 1094 1975 iterum
1107 1915 1295 1992 baptizandos

98 2017 210 2075 censuit
218 2016 267 2089 qui
280 2017 314 2073 ab
327 2015 468 2072 hereticis
480 2016 615 2091 baptizati
627 2016 749 2085 luerant;
760 2036 824 2090 qua
833 2016 951 2075 invaluit
962 2017 992 2073 in
1003 2014 1099 2073 Africa
1107 2011 1294 2080 consuetudo,

97 2128 126 2174 ct
140 2135 157 2172 a
170 2114 202 2172 S.
219 2114 368 2191 Cypriano
382 2126 411 2171 et
424 2112 541 2190 collegis
556 2115 629 2181 suis,
643 2115 673 2172 in
688 2115 816 2191 pluribus
831 2115 970 2182 conciliis,
985 2113 1104 2171 decretis
1119 2112 1231 2170 firmata
1240 2121 1293 2178 est,

96 2194 179 2289 anpis
193 2216 263 2278 255,
276 2220 305 2268 et
318 2214 387 2268 256.
429 2210 473 2271 Rc
488 2208 522 2268 ad
538 2209 710 2269 Pontificem
724 2212 887 2271 Romanum
901 2211 1002 2279 delata,
1013 2211 1045 2268 S.
1056 2209 1220 2286 Stephanus
1232 2208 1294 2266 illas

96 2310 283 2368 conciliorum
295 2309 468 2376 sanctiones,
480 2309 649 2367 universalis
663 2310 805 2368 Ecclesiae
818 2310 944 2369 moribus
956 2320 984 2368 et
993 2306 1135 2367 traditioni
1149 2306 1293 2374 adversas,

95 2409 279 2468 vehementer
292 2408 472 2486 improbavit,
489 2408 610 2466 minatus
625 2408 761 2484 praesules
776 2409 840 2468 illos
855 2428 919 2467 sese
933 2410 1137 2475 abstenturum,
1152 2406 1294 2465 Ecclesia

96 2507 205 2565 scilicet
219 2507 421 2565 communione
436 2507 619 2582 privaturum,
632 2507 658 2562 si
674 2507 702 2564 in
718 2508 842 2565 novitate
855 2507 959 2565 tuenda
972 2514 1197 2583 perseverarent.
1239 2503 1295 2562 De·

100 2604 169 2660 creti
191 2604 253 2678 ejus
276 2621 389 2660 summa
413 2603 443 2659 in
466 2603 496 2658 S.
514 2602 656 2677 Cypriani
680 2603 801 2678 epistola
825 2603 860 2661 ad
884 2604 1055 2679 Pompeium
1077 2602 1293 2661 exhibeturhis

96 2699 191 2756 verbis
205 2718 212 2754 ε
236 2707 256 2734 “
269 2699 301 2754 si
317 2699 381 2770 quis
391 2715 458 2773 ergo
470 2717 486 2753 a
501 2715 679 2769 quacumque
691 2699 794 2756 haeresi
806 2702 914 2757 venerit
925 2701 960 2757 ad
975 2719 1039 2768 nos,
1049 2699 1122 2759 nihil
1133 2700 1294 2765 innovetur,

95 2795 152 2854 nisi
167 2793 244 2867 quod
259 2793 390 2851 traditum
405 2804 459 2860 est,
474 2802 505 2850 ut
519 2812 620 2852 manus
635 2795 675 2852 illi
690 2796 851 2872 imponatur
863 2797 897 2854 ad
912 2795 1161 2875 poenitentiam.'’⁵¹
1192 2796 1296 2854 Firmi·

96 2891 200 2958 lianus‚
216 2891 357 2955 Caesarea
372 2891 402 2948 in
422 2889 607 2967 Cappadocia
622 2892 787 2970 episcopus,
802 2893 921 2952 eandem
943 2914 976 2952 ac
991 2894 1157 2970 Cyprianus
1183 2905 1296 2951 senten·

66 2974 70 2985 ⁵
96 2991 164 3048 tiam
187 2990 273 3047 tuitus
299 2999 353 3056 est,
377 2989 532 3046 acrioribus
559 2990 589 3047 in
615 2991 793 3067 Stephanum
819 2991 944 3050 dicteriis
973 2993 1100 3070 prolatis.
1143 2992 1218 3050 Sunt
1243 2991 1293 3064 qui

96 3087 242 3158 utriusque
256 3085 363 3143 litteras
389 3085 441 3143 hac
456 3084 491 3142 de
512 3105 542 3143 re
567 3089 762 3163 supposititias
786 3089 900 3162 habent,
913 3100 942 3146 et
962 3089 1148 3147 conciliorum
1170 3098 1243 3156 acta,
1264 3095 1292 3145 et

95 3195 183 3243 totam
197 3183 418 3242 controversiam
433 3185 463 3241 in
478 3185 665 3256 quaestionem
680 3198 792 3245 uocant.
835 3187 929 3245 Nobis
950 3197 1043 3246 tamen
1058 3205 1229 3263 persuasum
1250 3196 1295 3244 est

97 3275 289 3361 (lyptiiinum,
307 3282 374 3341 fidei
397 3281 502 3350 studio,
518 3291 546 3340 ct
571 3283 688 3341 haeresis
703 3285 779 3354 odio,
796 3286 826 3343 in
846 3304 910 3345 eam
932 3288 1098 3344 sententiam
1123 3284 1295 3362 perductum

96 3384 195 3452 luisse,
210 3395 241 3440 nt
256 3383 428 3458 baptismum
445 3383 478 3439 ab
500 3382 640 3440 haereticis
662 3383 794 3442 collatum
815 3403 874 3443 non
894 3384 986 3442 valere
1008 3395 1146 3451 censeret,
1162 3387 1294 3458 quamvis

19 3530 21 3539 .
93 3484 200 3560 scripta
213 3483 275 3559 ejus
291 3481 505 3539 Donatistarum
520 3479 617 3538 sraude
629 3482 724 3538 vitiata
733 3482 822 3539 fuisse
834 3483 1050 3559 nonpossimus
1062 3502 1120 3540 non
1131 3481 1292 3559 suspicari:

94 3580 161 3637 licet
175 3581 250 3636 enim
266 3598 317 3654 pro
332 3578 457 3636 humana
468 3577 631 3636 conditione
646 3596 740 3637 errore
752 3580 889 3638 laboraret
898 3579 933 3637 de
945 3599 975 3637 re
987 3589 1067 3636 antea
1078 3578 1154 3636 haud
1164 3577 1293 3648 definita,

95 3675 144 3732 vix
157 3675 238 3732 nobis
254 3672 424 3749 persuadere
436 3693 589 3749 possumus
602 3676 813 3734 sanctissimum
824 3686 852 3734 et
863 3677 1124 3735 mansuetissimum
1139 3677 1294 3753 praesulem

95 3788 129 3828 ea
143 3771 241 3827 omnia
255 3769 406 3844 scripsisse
422 3788 484 3841 quae
500 3770 541 3827 illi
555 3772 585 3828 in
599 3772 652 3830 hac
667 3791 751 3830 causa
772 3773 940 3830 tribuuntur.
983 3773 1083 3830 Liceat
1103 3773 1188 3849 igitur
1209 3775 1293 3832 nobis

5 3912 8 3916 .
96 3887 162 3924 cum
177 3865 338 3942 Augustino
353 3864 539 3942 hypothetice
560 3866 649 3941 loqui,
665 3871 777 3941 quoties
793 3869 828 3926 de
849 3871 962 3946 scriptis
977 3870 1033 3927 illis
1055 3869 1164 3947 agitur:
1188 3870 1294 3929 “illud

94 3963 258 4029 concilium,
273 3962 319 4020 vel
333 3963 381 4020 illa
395 3963 511 4039 scripta,
527 3965 552 4021 si
567 3983 633 4023 vere
647 3967 738 4043 ipsius
753 3977 829 4034 sunt,
844 3977 954 4036 othon,
975 3968 1050 4025 sicut
1071 3967 1159 4041 aliqui
1181 3981 1292 4048 putant,

34 4100 38 4107 -
93 4062 147 4119 sub
162 4060 225 4138 ejus
239 4060 354 4119 nomine
367 4060 529 4138 conscripta
542 4072 625 4139 atque
637 4063 805 4125 coronule
826 4063 885 4127 Res
900 4063 934 4123 ad
946 4073 1073 4123 extrema
1083 4064 1143 4124 fere
1157 4064 1291 4126 devenit:

128 4274 172 4338 (1)
192 4271 246 4322 Lib.
261 4272 291 4321 de
305 4259 436 4338 Baptismo.
447 4274 468 4322 oi
479 4289 520 4324 xv.

32 4372 38 4380 ’
128 4359 170 4425 (2)
189 4357 237 4422 Ep.
249 4357 325 4408 lxxiv.
1213 4408 1218 4420 .

126 4447 168 4512 (3)
188 4444 238 4510 Ep.
249 4444 312 4496 cviii.
330 4446 484 4508 Argumenta
495 4463 548 4509 quc
560 4446 727 4496 controversia
738 4454 763 4497 et
774 4448 919 4514 scriptorum
935 4448 1069 4501 authentia
1085 4451 1171 4502 lerant
1187 4452 1293 4505 dilucide

88 4531 201 4598 exposuit
208 4531 346 4594 nuperrime
358 4532 394 4580 vir
402 4530 556 4581 doctissimus
567 4532 582 4580 J
584 4547 676 4583 oannes
688 4533 798 4598 Baptista
809 4534 901 4595 Palma,
915 4536 1025 4600 inopere
1036 4537 1187 4590 cuititulus:
1206 4546 1221 4572 ‘⁶
1230 4540 1292 4591 Pra-

89 4619 205 4674 lectionos
214 4615 326 4669 Historia
338 4617 515 4668 Ecclesiasticus
527 4616 610 4666 Romo
622 4634 834 4674 xncccxxxrrrr.
852 4622 913 4689 Gap.
925 4620 1012 4672 xxviii.
