2774 5056
387 336 393 345 ’
431 326 489 389 DE
510 320 679 390 RITIBUS
699 326 850 391 MtssAE.
1201 330 1263 387 299

45 494 155 556 pectus
169 486 295 550 Domini
307 486 446 555 recubuit,
462 495 491 546 et
504 487 640 548 Pontifex
662 488 726 566 ejus
750 488 814 557 suit,
828 504 945 547 auream
965 485 1102 547 laminam
1117 487 1148 547 in
1166 485 1259 548 fronto

48 584 216 650 P0rtans.'’²
258 585 306 644 De
320 584 429 644 Jecobo
452 583 572 643 refertur
598 603 666 644 eum
686 603 802 645 numam
825 584 962 645 laminam
982 583 1069 643 etiam
1086 594 1215 662 gestasse
1229 585 1260 645 in

18 709 22 714 ·
53 680 152 740 sacru
162 681 335 743 muneribus
346 675 496 740 obeundis.

74 812 77 817 «
103 776 169 838 lto.
191 777 318 838 Constat
333 787 461 854 tempore
474 775 658 835 Constantini
671 794 768 836 sacros
782 777 929 837 ministros
943 778 1069 837 vestibus
1083 778 1173 837 sacris
1180 778 1261 838 indui

55 877 259 946 00nsuerisse,
274 894 313 935 ex
326 875 426 944 veteri,
441 883 473 932 ut
484 873 605 943 ridetur,
620 892 721 935 more:
742 874 773 933 in
786 875 914 934 oratioue
927 876 1005 934 enim
1013 876 1187 952 panegyrica
1196 895 1261 950 qun

51 953 95 1017 ‘¹0
123 971 315 1034 Ecclesiamm
338 970 526 1032 edificatione
544 971 639 1031 habita
654 972 879 1041 est-exordium
900 972 1012 1033 ducitur
1025 974 1059 1032 ab
1081 973 1127 1032 his
1142 974 1257 1033 verbis:

51 1060 76 1089 ‘⁸
87 1063 187 1131 Amici
211 1071 270 1131 Dei
283 1080 313 1129 et
325 1068 505 1138 Sacerdotes,
516 1071 566 1144 qni
579 1089 659 1129 sacra
673 1070 768 1130 tunica
780 1070 869 1139 talari,
884 1080 913 1130 et
926 1070 1033 1130 caelesti
1047 1071 1144 1149 glorie
1156 1088 1262 1131 corona

48 1144 196 1239 decorati,
212 1178 242 1230 et
254 1167 422 1228 sacerdotali
436 1168 533 1226 Sancti
548 1166 672 1245 Spiritus
686 1176 764 1226 veste
778 1167 870 1227 induti
881 1167 999 1227 estis.”²
1057 1167 1260 1228 Theodoretus

46 1259 160 1324 na1¹rat
167 1265 388 1325 Constantinum
400 1264 548 1341 Magnum,
564 1264 693 1322 Macerio
707 1264 844 1341 episcopo
859 1263 1136 1342 Hierosolymitano,
1152 1282 1262 1324 sacram

43 1356 172 1424 vesun
199 1361 293 1422 aureis
315 1361 372 1420 filis
393 1370 554 1420 contextam
576 1359 724 1419 donusso.l
763 1360 794 1420 S.
811 1360 1010 1439 Hieronymus
1031 1363 1089 1420 ait:
1113 1361 1259 1438 “Religio

40 1432 159 1519 divina
171 1459 291 1519 alterum
305 1458 434 1517 habitum
447 1457 533 1516 habet
556 1458 586 1517 in
607 1456 775 1525 ministerio,
790 1457 909 1517 alterum
929 1459 959 1516 in
973 1477 1027 1517 usu
1049 1459 1163 1532 vitaque
1184 1476 1263 1521 eom.

38 1546 193 1615 ¹¹Ruri?⁴
239 1554 413 1614 verosimile
441 1562 540 1612 censet
563 1552 737 1613 Benedictus
764 1553 849 1612 XIV.
870 1554 963 1614 nullas
984 1553 1135 1632 peculiaris
1163 1553 1263 1613 lormse
1294 1584 1299 1591 -

42 1645 162 1714 'estes
181 1652 389 1732 Apostolorum
414 1652 589 1729 temporibus
610 1650 761 1721 adhibitas,
775 1651 827 1711 sed
841 1653 989 1712 nitidiores
1003 1664 1032 1711 et
1052 1672 1115 1727 quae
1130 1653 1160 1711 in
1174 1653 1263 1711 sacris

39 1732 173 1811 Qun
186 1750 354 1810 muneribus
377 1747 516 1809 obeundis
539 1748 756 1828 usurpabantur.
799 1749 944 1808 Ceterum
964 1749 1054 1824 liquet
1068 1767 1178 1809 morem
1199 1767 1264 1808 esse

45 1846 312 1925 aIniquissimum.

105 1951 180 2011 126..
194 1944 362 2005 Concilium
375 1943 580 2003 Tridentinum
601 1941 746 2001 decrevit:
769 1952 789 1980 ‘⁴
804 1943 917 2018 Siquis
937 1943 1052 2014 dixerit,
1067 1946 1263 2016 ceremonias,

49 2041 171 2114 *estem
186 2051 216 2102 et
226 2051 347 2101 externa
363 2041 455 2118 signa,
471 2039 576 2114 quibus
593 2039 624 2098 in
639 2040 794 2100 Missurum
808 2042 996 2100 celebratione
1011 2040 1144 2099 Ecclesia
1159 2041 1267 2102 Catho-

53 2121 118 2200 liea
130 2139 232 2208 utitur,
246 2137 390 2196 imitabula
406 2135 560 2214 impietatis
572 2154 647 2206 esse,
662 2137 854 2215 magis-quam
868 2137 965 2197 officia
978 2137 1102 2214 pietatis,
1117 2137 1266 2196 anathema

62 2233 150 2300 ssit.”⁵
190 2236 335 2296 Omnibus
346 2236 468 2294 breviter
482 2234 642 2311 explicatis,
655 2233 759 2294 decreti
770 2237 888 2310 equitas
903 2237 1019 2314 patebit.

103 2341 172 2397 12⁷.
213 2331 334 2401 Casula,
359 2352 410 2392 seu
427 2330 560 2411 planetu,
589 2351 652 2406 quae
672 2334 817 2410 precipua
844 2343 889 2393 est
915 2335 1013 2404 vestis,
1035 2337 1119 2413 juxta
1141 2343 1265 2392 veterem

68 2428 183 2494 formam
198 2438 290 2490 totum
299 2429 444 2508 operiebat
452 2447 556 2505 corpus
571 2428 754 2502 brachiaque,
769 2427 841 2488 adeo
855 2439 887 2488 ut
900 2440 985 2506 caput
994 2439 1102 2489 tentum
1116 2430 1265 2497 emineret,

72 2545 129 2603 qun
143 2528 238 2588 formu
253 2525 346 2584 adhuc
360 2522 436 2602 apud
448 2523 612 2601 Abyssinos
627 2523 772 2583 retinetur.
814 2523 855 2583 Ut
868 2525 984 2584 brachia
993 2526 1083 2584 libera
1090 2526 1157 2593 sint,
1170 2524 1267 2584 obvol-

72 2627 188 2686 vebatur
201 2623 325 2681 anterior
338 2640 403 2699 pars
416 2620 556 2680 secerdoti
571 2614 723 2679 ascensuro
738 2619 773 2678 ad
787 2621 883 2692 altare,
898 2632 927 2680 et
940 2641 1026 2700 supra
1039 2621 1186 2681 brachium
1207 2620 1267 2680 alli·

68 2722 205 2801 gabaturr
226 2721 309 2798 cujus
322 2720 393 2777 ritus
408 2717 562 2794 vestigium
576 2716 673 2776 videre
688 2728 733 2777 est
745 2718 775 2777 in
789 2736 825 2777 eo
840 2717 917 2793 quod
930 2718 1093 2798 manipulus
1107 2718 1268 2796 porrigatur
1348 2721 1350 2729 '
1376 2759 1379 2766 -

68 2823 209 2901 episcopo
223 2829 376 2893 antequam
390 2816 524 2895 gradibus
539 2815 701 2875 adscendet.
742 2816 820 2877 Aba
834 2819 921 2877 vestis
936 2818 1109 2892 abantiquis
1134 2819 1268 2895 temporie

67 2921 117 2993 bus
126 2918 260 2979 odhibita
270 2927 323 2982 est,
338 2914 459 2989 eoquod
472 2915 597 2974 virorum
608 2914 745 2993 dignitate
763 2925 910 2976 auctorum
921 2916 946 2974 is
958 2927 1036 2975 esset
1049 2935 1123 2986 mos,
1146 2917 1186 2976 uti
1199 2936 1269 2977 non·

67 3015 139 3076 nulli
153 3013 321 3092 conjiciunt,
336 3021 447 3072 constet
467 3013 575 3089 quippe
600 3011 774 3072 candidulos
789 3030 807 3070 a
820 3024 898 3072 veste
919 3032 1025 3073 nomen
1046 3013 1247 3090 desumpsisse
1261 3032 1270 3084 3

70 3111 120 3172 sed
135 3111 250 3190 potins,
271 3119 303 3168 ut
326 3109 409 3169 nobis
429 3108 551 3178 videtur,
567 3109 604 3168 ob
617 3110 768 3186 puritatem
783 3121 812 3168 et
825 3110 1004 3181 munditiem,
1020 3113 1103 3188 cujus
1124 3122 1169 3169 est
1190 3130 1270 3188 sym·

71 3211 180 3271 bolum.
225 3205 392 3286 Cingulum
411 3206 512 3266 olima
532 3207 707 3281 quibuslibet
731 3196 918 3268 adhibebatur
936 3208 970 3267 ad
992 3221 1096 3277 vestes,
1112 3227 1148 3266 ue
1163 3208 1270 3267 deduc·

71 3319 147 3379 rent,
161 3305 333 3367 retinendas.
378 3303 471 3375 Stolo,
495 3324 546 3364 seu
570 3305 703 3364 Orarium
732 3307 808 3364 circa
835 3307 942 3364 collum
966 3306 1095 3383 pendens
1110 3326 1166 3364 orae
1182 3307 1271 3366 instar

73 3416 134 3467 erut
147 3406 221 3465 vesti
236 3403 381 3463 exteriori.
423 3401 573 3471 Amicitia,
597 3420 654 3476 quo
682 3401 787 3460 collum
814 3403 926 3480 tegitur,
948 3401 1171 3462 ,anaboladium
1195 3404 1272 3480 apud

72 3513 184 3564 veteres
200 3513 390 3578 nuncupatus,
405 3499 511 3559 seculo
522 3511 622 3558 octavo
633 3498 765 3558 inductus
777 3510 830 3559 est.
872 3498 1050 3576 Munipulua
1063 3519 1115 3577 pro
1126 3501 1271 3562 sudariolo

72 3603 177 3666 eodem
192 3601 310 3669 seculo,
326 3600 372 3658 vel
394 3599 556 3677 posteriori,
578 3599 666 3676 coepit
685 3597 813 3657 adhiberi
834 3600 1034 3666 communiter,
1049 3618 1137 3673 quum
1150 3601 1182 3660 S.
1200 3601 1272 3660 Gre-

72 3701 147 3781 gorii
163 3699 268 3777 Magni
283 3697 458 3775 temporibus
468 3697 518 3774 jus
533 3696 644 3753 eumin
659 3714 739 3754 sacro
753 3714 870 3754 munere
885 3695 1029 3755 deferendi
1051 3709 1128 3756 esset
1149 3697 1271 3758 Clericis

69 3799 218 3863 Ecclesiae
247 3796 397 3864 Romonae,
413 3803 442 3852 et
455 3793 541 3852 etiarn
557 3792 656 3870 primis
671 3791 799 3852 diaconis
814 3793 1092 3865 Ravennatensibus,
1107 3794 1175 3855 dum
1196 3797 1273 3875 epis·

70 3915 147 3979 copo
162 3895 366 3956 ministrarent.

112 3999 181 4056 128.
207 3990 352 4062 Quamvis
372 4006 430 4047 non
444 3995 556 4046 constet
575 3997 669 4045 vestes
690 4004 784 4045 sacres
799 4006 834 4046 eo
848 3987 968 4047 consilio
982 3988 1108 4065 primum
1122 3988 1272 4058 adhibitas,

67 4109 101 4159 ut
115 4091 293 4159 documenta
303 4085 471 4148 lorentfidei
483 4086 695 4164 mysteriorum,
707 4097 736 4145 et
750 4087 882 4146 virtutum
895 4086 1121 4156 christianarum,
1136 4087 1165 4145 id
1179 4100 1273 4146 tamen

380 4284 422 4350 (1)
441 4283 534 4335 Euseb.
545 4283 562 4333 l.
572 4299 596 4334 r.
606 4283 664 4335 hist.
675 4283 743 4334 Eool.
754 4300 775 4335 c.
783 4284 852 4336 xxiii.

380 4370 422 4436 (2)
441 4368 472 4419 L.
483 4385 508 4418 x.
518 4368 575 4418 hist.
587 4368 656 4420 Eccl.
667 4385 688 4419 n
699 4369 731 4419 iv.

379 4457 421 4523 (³)
440 4455 470 4505 L.
481 4456 506 4506 ii.
518 4455 574 4505 hist.
585 4455 654 4506 Eccl.
665 4472 687 4506 o.
695 4455 771 4506 xxvii.
813 4448 816 4451 ’

379 4542 421 4609 (4)
441 4541 471 4593 L.
483 4541 513 4592 de
524 4541 611 4607 Script.
622 4542 690 4593 Eccl.

381 4628 423 4696 (o)
443 4628 508 4679 Sese.
518 4627 580 4679 xxii.
591 4643 645 4680 can.
656 4627 696 4679 vii.
