2774 5056
125 262 181 318 152
354 256 411 319 DE
432 254 740 316 INSTITUTIONE
762 253 1096 347 truchtmarus„

118 435 152 477 sc
167 415 251 476 insita
264 416 291 475 vi
306 414 437 474 recedere
451 432 509 473 non
519 414 604 483 licet;
618 413 670 473 sed
680 412 854 473 credendum
865 424 911 473 est
922 411 1040 474 Christo
1050 411 1220 477 affirmanti:
1245 407 1321 469 Hoc

120 531 176 572 nar
191 531 300 572 coneus
316 529 419 580 nnnn3
442 510 504 570 Hic
519 529 574 570 err
588 529 713 569 aaronis
727 527 816 569 nnus.

163 616 212 672 71.
236 610 303 691 obj.
315 615 346 668 8.
368 608 502 669 Christus
523 608 619 687 plnres
634 609 664 667 in
685 626 766 667 ooena
785 607 915 668 adhibuit
927 609 1052 686 figuresr
1079 607 1176 667 calicis
1197 605 1321 667 nomine

119 708 279 787 designavit
291 706 368 781 qnod
381 725 416 766 eo
429 707 635 775 continebatur,
649 724 772 779 sumque
786 724 893 765 novum
908 706 1127 765 Testamentum
1141 704 1265 763 vocavit.

158 806 248 886 Reap.
264 806 349 865 Calix
361 824 412 884 pro
422 823 457 864 eo
469 804 546 879 quod
554 823 589 864 eo
597 805 792 863 continebatur
801 805 904 864 usitato
913 823 1029 882 prorsus
1038 821 1170 864 sermone
1182 813 1320 880 sumptus

118 913 172 974 est,
187 915 216 962 et
228 922 272 962 res
288 903 381 962 verbis
396 901 554 981 perspicuis
568 922 585 960 a
599 902 737 961 Matthaeo
752 912 780 959 et
801 902 902 961 Marco
916 902 1063 970 declarata,
1079 911 1111 961 nt
1123 901 1220 960 nullus
1242 899 1321 964 foret

115 1001 198 1062 locus
212 1001 309 1060 errori.
350 1000 427 1059 Eum
454 1017 553 1059 vocare
573 999 654 1057 licuit
672 1017 779 1058 novum
803 997 909 1067 foedus,
925 999 1010 1058 obvio
1030 1017 1128 1066 sensu,
1151 1015 1238 1071 quern
1259 996 1320 1074 ipsi

113 1099 190 1158 sacri
204 1098 356 1175 scriptores
371 1097 433 1174 ejus
447 1097 533 1155 verba
546 1095 621 1154 varie
635 1095 788 1157 referentes
803 1095 1011 1172 explicuerunt,
1026 1093 1105 1169 qnod
1125 1093 1237 1152 scilicet
1250 1111 1320 1152 san·

118 1195 182 1274 gnis
203 1193 385 1262 estfoederis,
400 1211 457 1266 quo
478 1192 535 1252 hoc
548 1192 729 1269 obsignatum
752 1201 806 1260 eet,
829 1193 978 1269 impetrata
1002 1191 1198 1268 peccatoribus
1220 1189 1318 1247 venia.

119 1292 264 1368 Equidem
286 1290 360 1368 apud
385 1309 485 1350 omnes
508 1290 640 1349 homines
663 1291 746 1368 signa
767 1290 909 1348 exteriora
930 1288 1046 1348 foederis
1070 1307 1136 1347 cum
1151 1307 1187 1347 eo
1208 1287 1318 1346 directe

116 1393 270 1469 conjuncta
282 1389 374 1449 foedus
390 1390 484 1448 vocari
500 1397 630 1465 possunt,
645 1407 702 1461 qua
715 1388 814 1447 relatio
828 1388 877 1447 illa
890 1398 956 1448 nota
967 1398 1011 1447 est
1023 1398 1052 1446 et
1065 1387 1166 1446 obvia:
1188 1384 1240 1444 sed
1255 1404 1317 1446 non

119 1507 154 1547 ea
166 1487 314 1548 intercedit
326 1486 425 1545 relatio
440 1486 588 1544 manifesta
603 1487 676 1543 inter
689 1504 792 1562 panem
808 1498 837 1542 et
850 1504 955 1562 corpus
969 1484 1089 1544 Christi.

156 1591 206 1645 72.
232 1584 299 1663 obj.
315 1588 342 1643 9.
359 1582 493 1643 Christus
516 1585 605 1661 jussit
631 1593 662 1641 ut
682 1585 711 1641 in
732 1584 777 1641 sni
800 1583 1101 1642 commemorationem
1121 1581 1315 1642 celebraretur

115 1702 215 1743 coena:
230 1680 462 1742 commemoratio
477 1692 570 1739 autem
583 1681 615 1738 iit
628 1680 762 1738 absentis.
814 1698 816 1707 ·

124 1857 128 1864 Ι
156 1779 244 1859 Resp.
267 1781 374 1854 Utique
399 1779 533 1837 Christus
562 1778 702 1837 visibilem
730 1778 813 1836 nobis
841 1778 978 1838 subduxit
1009 1779 1200 1857 presentiam.
1242 1778 1318 1838 Vult

117 1879 203 1956 igitur
218 1888 248 1936 ut
261 1878 337 1936 illins
353 1877 382 1935 in
397 1876 477 1935 terris
492 1875 633 1953 degentis,
648 1885 677 1933 et
690 1876 767 1935 cruci
783 1894 834 1954 pro
849 1877 931 1936 nobie
946 1877 997 1935 lixi
1011 1876 1188 1935 celebremus
1204 1895 1316 1935 memo-

117 1976 199 2042 riam,
225 1987 396 2052 quapropter
416 1983 537 2032 mortem
559 1972 679 2031 Domini
699 1973 865 2032 annuntiare
888 1984 1010 2051 oportet,
1032 1972 1123 2033 donec
1143 1975 1253 2042 veniat,
1272 1975 1316 2033 uti

117 2082 215 2132 monet
228 2092 281 2132 nos
296 2071 412 2132 Paulus.
455 2071 598 2130 Caeterum
614 2089 670 2130 non
685 2070 751 2129 ideo
772 2090 888 2149 prorsus
903 2072 992 2138 abest,
1010 2071 1061 2131 'sed
1081 2090 1186 2151 corpus
1200 2073 1265 2150 ejus
1287 2082 1317 2131 ct

117 2171 234 2248 sangnis
248 2170 277 2227 iu
303 2169 442 2245 mysterio
455 2168 485 2226 in
507 2167 674 2227 memoriam
695 2179 908 2242 revocantque
929 2169 988 2246 egit
1008 2178 1037 2228 et
1056 2187 1158 2247 passus
1182 2178 1236 2228 est.
1280 2168 1316 2228 Id

119 2280 213 2328 antem
239 2265 531 2334 animadvertendum,
552 2266 640 2325 finem
664 2267 701 2325 ob
726 2285 812 2339 quem
835 2267 1001 2326 celebranda
1022 2277 1068 2326 est
1086 2268 1258 2326 eucharistia
1279 2287 1316 2327 eo

118 2365 250 2426 mandato
264 2364 392 2431 indicari,
407 2364 500 2441 ipsam
514 2374 609 2421 autern
624 2363 665 2421 rei
679 2374 805 2423 naturam
821 2363 883 2421 aliis
896 2365 1032 2424 vocibus:
1055 2374 1074 2401 ‘⁶
1085 2365 1141 2424 hoc
1154 2374 1199 2424 est
1209 2385 1317 2444 corpus

118 2482 230 2532 meum;
251 2463 299 2520 hic
313 2471 357 2520 est
370 2461 486 2538 sanguis
501 2459 615 2518 meua.”
656 2460 841 2519 Juvat'verba
856 2460 970 2520 Caluini
992 2462 1095 2535 quibus
1110 2461 1177 2522 huic
1190 2463 1317 2523 occurrit

116 2559 274 2618 difficultati
288 2560 318 2616 in
333 2558 459 2617 medium
474 2558 609 2633 proferre,
625 2557 769 2635 depugnat
783 2558 892 2616 scilicet
905 2578 970 2617 cum
984 2558 1163 2637 Zuinglianis
1175 2570 1203 2618 et
1214 2560 1316 2619 Sacra·

118 2657 262 2715 mentariis
276 2656 325 2728 qui
339 2653 448 2712 nudum
463 2655 577 2730 signum
599 2654 703 2711 habent
723 2655 942 2712 eucharistiam:
966 2656 1117 2723 “Qualem
1139 2657 1183 2714 sui
1205 2675 1315 2716 memo·

118 2755 188 2812 riam
202 2752 323 2810 voluerit
337 2750 470 2808 Christus
485 2751 515 2807 in
535 2769 615 2808 coena
631 2751 719 2808 recoli
740 2770 808 2809 mox
830 2751 988 2811 audiemus.
1031 2752 1115 2820 Quod
1130 2764 1223 2811 autem
1245 2753 1316 2812 hinc

118 2849 247 2908 nonnulli
270 2848 417 2924 coliigunt,
444 2848 543 2905 abesse
568 2849 654 2925 igitur
680 2867 696 2905 a
720 2867 800 2906 coena
827 2849 986 2919 Christum,
1012 2852 1149 2924 quoniam
1174 2854 1317 2910 memoria

118 2947 233 3008 nonnisi
247 2947 287 3005 rei
301 2946 485 3012 absentis'sit,
502 2956 632 3023 prompta
651 2957 695 3004 est
715 2947 875 3023 responsio,
898 2948 1055 3009 secundum
1078 2949 1153 3007 hano
1173 2951 1315 3009 rationem

117 3063 174 3117 qua
197 3063 278 3101 ooena
302 3052 345 3099 est
367 3041 534 3110 recordatio,
562 3042 711 3102 Christum
736 3045 770 3109 ab
797 3044 845 3102 illa
865 3046 983 3103 abesse:
1015 3065 1109 3119 neque
1134 3047 1212 3107 enim
1233 3048 1316 3107 adest

118 3141 251 3199 Christus
274 3138 432 3205 visibiliter,
447 3157 540 3212 neque
565 3140 655 3197 oculis
681 3140 851 3199 cernitur.”²
892 3141 1036 3200 Caeterum
1060 3161 1146 3201 nemo
1169 3142 1311 3202 hactenus

117 3239 235 3298 feliciter
248 3236 400 3314 explicavit
415 3235 559 3308 quomodo
570 3237 652 3314 panis
665 3249 693 3294 et
703 3238 801 3296 vinum
816 3239 898 3315 signa
908 3249 975 3297 sunt
986 3241 1113 3316 corporis
1125 3252 1154 3298 et
1164 3243 1315 3317 sanguinis

117 3337 236 3405 Christi,
252 3345 300 3394 aut
313 3353 375 3408 quae
391 3333 500 3392 Christi
515 3336 613 3394 mortis
629 3337 766 3394 memoria
781 3336 810 3394 in
825 3355 923 3395 eornm
939 3338 1102 3414 sumptione
1123 3339 1292 3416 reperiatur.

156 3439 204 3496 73.
224 3432 290 3513 otj.
309 3437 354 3492 10.
368 3431 502 3491 Christus
514 3443 580 3510 post
589 3433 674 3490 verba
685 3433 732 3491 illa
744 3433 851 3510 prolata
861 3432 897 3492 de
908 3435 989 3506 vino,
998 3435 1162 3512 subjunxit:
1177 3445 1196 3473 ‘⁶
1206 3440 1315 3507 Amen,

116 3550 174 3591 nou
187 3531 281 3589 bibam
296 3527 399 3588 amodo
413 3527 449 3586 de
463 3527 519 3586 hoc
533 3528 678 3606 genimine
695 3530 758 3587 vitis
770 3529 800 3587 :’'
820 3540 880 3589 erat
894 3530 979 3608 igitur
993 3530 1085 3590 adhuc
1100 3533 1209 3590 vinum.

155 3627 244 3705 Rcap.
266 3627 361 3684 Verba
375 3626 422 3685 illa
436 3625 512 3684 dicta
532 3627 642 3685 suntin
663 3645 745 3685 coena
766 3641 918 3703 antequam
940 3629 1075 3706 poculum
1090 3630 1315 3692 eucharisticum

117 3723 323 3803 propinaretur,
339 3722 378 3779 uti
401 3721 485 3780 refert
509 3721 614 3789 Lucas,
629 3741 723 3782 rerum
745 3725 848 3783 seriem
875 3737 1004 3784 accurate
1025 3725 1223 3803 distinguens:
1247 3741 1317 3806 post

116 3838 228 3880 coeuam
242 3817 311 3876 dicit
326 3817 486 3876 institutum
501 3837 566 3876 esse
581 3819 806 3879 Sacramentum.
848 3823 1003 3881 Mattheus
1018 3833 1045 3880 et
1066 3824 1183 3882 Marcus
1197 3825 1317 3887 silentio

117 3926 345 3998 pertranseuntes
360 3917 478 3977 calicem
502 3917 591 3976 fuisse
612 3920 641 3977 in
667 3938 748 3986 coerra
772 3920 964 3997 propinatum,
979 3940 1013 3979 ea
1037 3931 1132 3981 tamen
1157 3923 1318 3984 retulerunt

117 4015 227 4075 Christi
252 4013 345 4080 verba,
361 4031 424 4087 qnae
439 4013 473 4072 ad
497 4015 606 4082 vinum,
619 4025 680 4074 tum
695 4017 723 4074 in
748 4035 839 4084 crena,
854 4023 916 4076 tum
931 4017 961 4075 in
987 4019 1181 4088 sacramento,
1204 4019 1317 4082 adhibi-

115 4127 176 4174 tum
189 4111 287 4171 referri
315 4121 461 4186 poterant:
487 4112 543 4170 hoc
568 4113 645 4171 enim
671 4123 734 4172 ante
760 4115 1002 4174 consecrationem
1025 4116 1123 4175 vinum
1145 4135 1316 4192 commune,

116 4221 215 4291 postea
228 4228 263 4269 eo
285 4208 401 4268 nomine
424 4208 567 4287 designari
589 4211 691 4288 potuit,
709 4211 860 4270 notissima
880 4212 980 4290 figura,
1003 4233 1060 4287 qua
1080 4233 1127 4273 res
1150 4197 1325 4280 iudicantur

111 4311 195 4387 juxte
217 4315 362 4374 externam
383 4323 481 4364 earnm
502 4307 641 4382 speciem,
664 4308 822 4384 prasertim
838 4308 934 4368 habita
955 4310 1064 4369 ratione
1089 4311 1193 4389 prioris
1214 4332 1317 4377 earum

117 4404 297 4468 conditionis.
320 4403 369 4463 Sic
383 4403 499 4481 Moysis
510 4405 590 4482 virga
603 4405 632 4464 in
647 4414 808 4482 serpentem
823 4425 961 4467 conversa
974 4409 1053 4487 virga
1065 4419 1192 4479 vocatur,
1209 4422 1229 4450 ‘⁸
1239 4433 1319 4490 aqua

483 4581 525 4647 (1)
540 4541 748 4635 conannas
760 4582 872 4636 cornu
