2774 5056
131 319 193 377 ¹1⁰4
481 315 541 378 DE
562 316 644 378 USU
664 315 976 378 EUCHARISTIAE.

174 473 265 554 Rssp.
285 474 368 536 Esne
381 485 426 534 est
438 474 640 554 interpretandi
654 476 752 554 regula
765 495 851 550 quam
868 488 946 535 recta
959 474 1047 534 dictat
1058 475 1141 544 ratio,
1155 483 1188 534 ut
1200 475 1329 554 corporis

135 583 165 632 ct
175 573 322 651 sanguinis
336 571 457 642 Christi,
470 572 572 632 eodem
592 573 705 649 spiritu,
727 573 800 632 facts
814 574 970 641 mentione,
991 573 1120 650 sanguis,
1135 581 1222 650 prout
1235 581 1328 639 sonat,

129 672 298 750 accipiatur,
312 689 414 748 corpus
435 670 471 731 do
491 671 626 730 societate
639 671 794 730 christiana
815 672 853 730 sit
878 670 1119 749 intelligenduml
1161 671 1332 749 Ignoscsmr

135 768 218 828 nobis
232 767 263 826 in
276 786 356 831 sacro
370 777 448 827 textu
470 786 588 827 sensum
611 768 666 826 sibi
689 776 876 836 constantem,
891 777 920 826 et
943 779 1019 826 arcto
1044 786 1122 826 nexu
1146 768 1332 846 conjunctam

135 865 337 925 sententiarum
347 866 461 933 seriem,
476 864 590 939 quando
604 864 643 924 ita
653 866 843 942 proferuntur,
858 866 1059 940 querentibus.

175 965 223 1021 97.
248 959 315 1040 Obj.
330 965 360 1019 b.
382 961 524 1021 Versiculi
551 961 684 1040 vigesimi
711 963 803 1034 quinti
830 962 931 1038 capitis
952 961 1107 1031 undecimi,
1129 959 1166 1019 de
1180 958 1289 1019 suadere
1302 958 1332 1018 in

135 1056 274 1135 sauguine
288 1056 408 1126 Christi,
422 1066 451 1116 et
464 1057 499 1116 de
512 1057 637 1117 bibendo
651 1058 681 1116 in
695 1058 758 1135 ejus
780 1057 959 1125 memoriam,
975 1066 995 1094 ‘⁴
1004 1076 1107 1116 sensns
1132 1070 1199 1117 esta
1221 1055 1334 1115 Bibere

136 1171 173 1214 ex
184 1153 336 1214 buccolica
348 1161 392 1214 cst
404 1153 527 1233 ingredi
545 1153 772 1235 nonnmfoedus,
787 1157 929 1213 associare
943 1172 975 1213 se
989 1172 1070 1215 nove
1085 1153 1229 1232 religioni,
1243 1171 1332 1226 quam

136 1252 233 1311 sencio
260 1270 325 1311 meo
352 1253 501 1330 sauguine,
529 1261 620 1311 morte
646 1262 771 1311 cruenta.
812 1250 890 1314 Dum
913 1269 963 1310 vos
985 1251 1080 1310 bibitis
1101 1269 1139 1309 ex
1153 1251 1210 1310 hoc
1231 1249 1332 1316 calice,

135 1347 224 1407 reddo
237 1366 289 1406 vos
310 1348 459 1426 participes
481 1346 594 1406 sederis
616 1347 693 1417 novi,
716 1357 745 1406 et
759 1348 881 1420 antiquo
908 1345 1014 1406 ioedere
1041 1345 1172 1410 solvo.’l1
1212 1346 1326 1405 Rosam

137 1444 248 1504 milllcr.

176 1540 265 1619 Resp.
287 1540 322 1600 ln
336 1541 474 1619 sangnine
488 1559 542 1600 suo
557 1540 691 1600 Christus
706 1539 779 1600 dixit
791 1539 883 1600 soedus
898 1560 1004 1600 novum
1018 1540 1163 1609 constitui,
1177 1541 1335 1618 ipsumque

137 1656 202 1696 esse
217 1656 302 1711 quem
316 1638 462 1716 Apostolis
483 1639 654 1715 propinavit.
696 1638 800 1698 Bibere
814 1657 901 1697 exeo
911 1639 1010 1715 jussit,
1024 1647 1056 1696 nt
1068 1638 1145 1697 illius
1159 1637 1289 1704 faederis,
1306 1650 1336 1695 et

137 1735 285 1812 sanguinis
299 1735 383 1793 effusi
396 1754 552 1810 numquam
574 1736 701 1794 interiret
714 1736 862 1805 memoria,
878 1745 907 1793 et
920 1735 1073 1813 participes
1087 1733 1218 1812 eJusdem
1233 1735 1336 1793 tierent

60 1871 63 1875 ·
128 1833 276 1902 bibentes,
299 1846 479 1909 peccatorum
503 1834 596 1901 venia,
618 1843 647 1891 et
671 1834 766 1910 gratim
787 1834 951 1892 muneribus
964 1833 1071 1892 donati.
1113 1830 1260 1891 Ceterum
1275 1851 1335 1892 uon

137 1931 215 1989 huuc
229 1930 349 1990 instituit
360 1933 455 2000 ritum,
468 1950 524 2005 quo
536 1932 601 2006 quis
614 1949 679 1990 sese
700 1932 763 2009 ejus
777 1931 908 2009 religioni
922 1931 1085 1999 associaret,
1099 1931 1245 2008 baptismo
1256 1932 1334 1990 euim

137 2028 242 2087 initiari
256 2029 344 2106 jussit
365 2030 521 2099 credentes,
536 2047 609 2104 quos
623 2027 758 2107 deinceps
781 2029 982 2106 mysteriorum
1005 2030 1187 2107 perceptione
1201 2030 1336 2106 plurimis
1359 2028 1366 2035 ’

137 2125 267 2184 ditandos
295 2125 379 2185 donis
406 2127 504 2186 voluit.
547 2126 678 2185 Profecti
704 2126 775 2185 nihil
800 2127 829 2184 in
854 2125 964 2184 Christi
984 2127 1088 2194 verbis,
1105 2138 1190 2204 prout
1210 2146 1229 2184 a
1243 2127 1337 2185 Paulo

137 2223 304 2292 reseruntur,
319 2224 445 2293 habetur,
460 2244 518 2299 quo
540 2222 576 2283 ad
596 2224 763 2283 initiationis
778 2225 863 2283 ritum
878 2225 1031 2303 reducatur¹
1054 2226 1236 2293 eucharistia,
1259 2237 1337 2286 tanta

110 2347 114 2354 ·
138 2340 203 2380 cum
217 2322 347 2399 emphasi
362 2341 464 2400 corpus
479 2332 508 2380 et
521 2323 637 2400 sanguis
652 2321 761 2382 Christi
775 2320 931 2399 designata.

177 2421 227 2479 98.
252 2417 318 2498 obj.
334 2423 363 2478 6.
385 2419 516 2479 Dicendo
530 2419 720 2496 percipientes
734 2418 933 2477 eucharistiam
956 2429 1076 2477 mortem
1090 2418 1211 2478 Domini
1226 2438 1339 2479 annun·

139 2518 265 2585 tiaturos,
281 2518 388 2576 Paulus
402 2519 431 2576 id
447 2528 553 2576 tantum
569 2517 674 2576 voluit:
697 2526 717 2553 ‘⁴
728 2516 788 2593 Ipsi
809 2517 895 2594 hujus
917 2535 1005 2575 coenae
1027 2535 1115 2575 sacrae
1142 2517 1338 2577 celebratione

138 2614 250 2692 publice
265 2614 446 2690 profitemini,
462 2614 610 2671 Christum
624 2633 676 2691 pro
690 2614 771 2672 vobis
786 2632 850 2670 esso
865 2614 1054 2671 mortuum.'’¹¹

177 2710 267 2790 Resp.
290 2712 397 2784 Utique
411 2711 440 2769 id
454 2713 629 2789 profitemur,
645 2712 711 2784 quia
725 2730 828 2788 corpus
853 2730 905 2788 pro
920 2712 1002 2770 nobis
1017 2711 1195 2770 immolatum
1211 2714 1242 2771 in
1256 2733 1338 2788 mys-

139 2808 210 2865 terio
224 2807 375 2875 sumimus,
390 2807 537 2884 sanguine,
552 2827 608 2881 quo
624 2807 762 2884 redempti
774 2827 882 2876 sumus,
896 2821 1034 2885 potamur.
1078 2810 1168 2868 Secus
1183 2829 1243 2869 non
1258 2811 1339 2869 vide·

139 2917 183 2962 tur
197 2903 267 2962 ratio
281 2923 330 2962 cur
344 2905 425 2981 panis
440 2922 506 2962 esus
520 2915 548 2962 et
562 2905 620 2963 vini
635 2904 741 2981 potatio
763 2902 873 2962 Christi
898 2916 1018 2964 mortem
1034 2906 1210 2964 exhiberent.
1258 2908 1292 2965 Si
1307 2909 1338 2966 in

139 3004 205 3060 vino
230 3003 382 3079 imaginem
408 3002 557 3077 quamdam
587 3003 734 3079 sanguinis
762 3002 846 3061 effusi
874 3003 967 3061 videre
991 3005 1187 3080 placeatque
1203 3008 1337 3083 corporis

139 3101 277 3158 immolati
288 3101 383 3177 imago
394 3101 423 3158 in
438 3118 511 3176 pane
525 3100 590 3158 esti
632 3100 795 3158 Ridendum
810 3120 841 3159 se
855 3103 976 3178 praebuit
992 3101 1168 3160 Wetstenius
1189 3102 1336 3162 dicendo:

139 3209 159 3236 ‘⁴
172 3199 302 3258 Cadaver
315 3217 454 3276 exangue,
473 3200 556 3272 quale
570 3210 614 3256 est
628 3199 752 3258 hominis
776 3200 805 3258 in
827 3219 910 3257 cruce
934 3201 1046 3269 mortui,
1062 3212 1119 3259 tam
1145 3202 1256 3261 siccum
1271 3222 1339 3262 esec

139 3316 224 3370 quam
241 3296 367 3375 panis.'’³

177 3398 226 3452 99.
253 3392 318 3474 obj.
334 3400 362 3454 7.
385 3394 464 3454 Reus
486 3394 614 3471 corporis
628 3404 657 3452 et
671 3395 817 3471 sanguinis
833 3393 943 3452 Christi
964 3395 1080 3473 indigne
1096 3416 1215 3456 sumens
1232 3398 1340 3457 eucha-

137 3494 245 3553 ristiam
259 3492 379 3554 dicitur:
403 3503 531 3571 “penas
545 3493 623 3551 dabit
637 3494 704 3551 tanti
718 3494 861 3560 facinoris,
877 3493 953 3566 quod
975 3496 1071 3570 ipsum
1087 3495 1239 3556 Christum
1255 3499 1341 3571 quasi

138 3590 294 3666 ignominia
309 3589 480 3654 affecerit.”⁴
519 3589 563 3649 Ita
576 3578 789 3651 Rosenmiiller.

177 3683 265 3762 Resp.
288 3685 346 3743 Sed
367 3706 454 3760 quare
481 3688 564 3766 panis
584 3687 692 3746 etvini
713 3686 893 3744 eucharistici
916 3686 1031 3764 indigna
1053 3690 1201 3767 perceptio
1230 3701 1341 3752 tantam

139 3776 258 3836 Christo
272 3780 377 3857 irroget
396 3783 540 3860 injuriam,
562 3782 764 3841 Rosenmiiller
784 3780 860 3839 haud
874 3781 982 3841 studuit
995 3784 1149 3861 explicare.
1192 3787 1282 3846 Ratio
1299 3802 1345 3847 est

139 3874 298 3943 manifesta,
313 3897 348 3934 ex
364 3889 461 3938 natura
474 3880 515 3939 rei
530 3879 689 3956 desumpta,
705 3881 772 3954 quia
792 3879 902 3937 scilicet
922 3898 1025 3958 corpus
1041 3893 1070 3940 et
1082 3885 1201 3962 sanguis
1226 3885 1344 3946 Christi

139 3972 254 4050 indigne
270 3989 429 4037 sumuntur.

438 4253 480 4319 (1)
499 4253 529 4303 In
541 4255 630 4304 locum.

438 4339 480 4406 (2)
499 4341 670 4391 Rosenmiiller
680 4341 707 4391 in
718 4342 808 4392 locum.

437 4425 478 4490 (3)
499 4423 598 4474 Comm.
610 4426 636 4476 iu
645 4426 715 4476 Matt.
726 4427 794 4477 xxvi.
806 4426 845 4477 98.
857 4443 881 4493 p.
894 4428 951 4476 519.

437 4511 474 4570 (4)
492 4511 522 4561 ln
535 4513 624 4562 locum.
