2774 5056
138 302 198 359 sss
530 300 587 361 uu
610 299 915 363 cousussronu.
945 282 950 295 “

138 466 214 519 mets
233 457 305 518 nihil
329 459 554 537 ascriptoribus
574 459 686 527 dicitur,
709 459 761 519 sed
780 460 837 521 soli
850 460 1070 538 poenitentiario,
1090 462 1177 539 cujus
1197 461 1334 523 muneris

137 556 277 634 originem
291 567 320 615 et
333 558 430 616 munia
441 558 621 618 Sozommus
634 557 677 616 sic
688 556 841 618 describit:
860 568 880 595 “
889 577 975 637 grase
989 578 1022 618 ac
1032 559 1189 619 molestum
1202 560 1240 619 ab
1249 559 1336 623 tuido

131 654 300 732 juremerito
312 656 406 715 risum
419 666 465 715 est
476 654 682 725 sacerdotibus,
690 666 834 731 nmquam
847 657 877 716 iu
892 656 1010 726 theatro,
1022 657 1226 717 circumstante
1243 658 1334 719 totius

136 752 277 813 Ecclesia
291 754 479 822 multitudine,
491 754 611 815 crimina
620 773 673 814 sua
680 755 823 833 evulgare.
844 754 943 830 ltaque
956 755 1180 834 expresbyteris
1192 756 1337 831 aliquem,

137 851 187 925 qui
202 852 266 911 vitre
277 853 435 931 integritate
445 852 672 930 spectatissimus
685 864 773 922 essct,
785 864 815 912 et
825 853 1011 913 taciturnitate
1024 872 1057 912 sc
1072 853 1226 931 prudentis
1239 855 1335 933 polle·

135 962 188 1018 ret,
203 950 270 1009 huic
282 950 381 1010 officio
391 951 594 1029 prelecsmutr
616 950 748 1026 adquam
762 951 932 1011 accedentes
944 951 967 1010 ii
980 951 1031 1026 qui
1044 949 1235 1026 deliquerant,
1249 963 1335 1014 actus

134 1066 204 1109 suos
216 1048 431 1109 confitebantur.
453 1048 504 1109 llle
520 1046 586 1108 rard
601 1067 653 1126 pro
665 1050 806 1126 cujusque
819 1049 935 1115 delicto,
949 1047 1018 1123 quid
1028 1059 1077 1108 aut
1089 1049 1184 1109 lacere
1198 1051 1337 1129 singulos

135 1156 184 1206 aut
195 1144 274 1205 luere
287 1157 440 1222 oporteret,
454 1163 547 1223 pona
559 1143 625 1204 loco
645 1144 784 1213 indicens,
799 1146 964 1207 absolvebat
982 1145 1163 1216 monentes,
1179 1165 1243 1207 ass
1255 1147 1335 1226 ipsis

138 1262 238 1323 prunas
252 1244 404 1303 criminum
415 1241 597 1302 exscmros.’'
639 1241 683 1303 lta
695 1243 901 1303 Souomenus.²

173 1339 262 1419 Rerp.
277 1339 426 1418 Origioem
438 1338 513 1400 hauc
523 1338 814 1418 munerispresbytari
823 1340 1024 1418 pcniommii
1043 1340 1228 1401 &comanus
1245 1340 1338 1403 mist·

134 1458 198 1510 eus,
217 1440 407 1499 confessionis
421 1440 616 1499 omnimodam
631 1440 829 1499 necessitatem
843 1440 871 1498 ci
891 1440 1047 1518 prebuisse
1060 1460 1175 1501 causam
1189 1440 1336 1501 (leelcrstr

133 1548 155 1577 ‘¹
168 1539 245 1599 Cum
256 1539 287 1598 in
301 1538 379 1598 nullo
394 1538 506 1616 penitus
518 1556 645 1614 peceare,
656 1536 806 1598 divinioris
815 1538 964 1616 cujusdam
979 1549 1085 1599 ustura
1099 1541 1148 1609 sit,
1162 1549 1193 1599 et
1202 1539 1333 1601 humana

133 1637 353 1716 prestantiorisr
375 1636 577 1713 penitentibus
589 1636 667 1705 rsrd,
681 1637 767 1695 etiam
780 1637 807 1696 si
820 1638 928 1715 sapius
936 1637 1118 1712 deliquerint,
1134 1638 1249 1699 reniam
1260 1637 1335 1699 dare

134 1736 215 1796 Deus
232 1735 415 1812 preceperitr
436 1752 560 1808 cumque
573 1735 603 1793 in
624 1731 748 1811 petenda
760 1735 843 1793 venia
862 1745 1011 1812 peccatum
1025 1736 1192 1795 necessario
1201 1735 1336 1796 confiteri

133 1831 543 1912 spamulfi-rumores
558 1834 585 1887 ἃ
597 1834 639 1887 ⁸⁰⁶
658 1832 777 1895 mc
798 1830 970 1902 ursum
984 1838 1125 1906 who
1142 1834 1224 1904 aaa
1244 1835 1260 1891 t
1281 1836 1339 1899 &ir

132 1934 333 2002 masticem,
348 1937 374 1988 is
384 1949 420 2002 ἐφ
429 1931 604 2003 matrim
615 1947 781 2004 ωομωιγιιν
797 1932 843 2003 τὴν
858 1931 979 2005 dpcpss'su
992 1952 1208 2013 xpum-gnte
1220 1952 1255 1995 10
1273 1952 1338 1995 mo·

135 2031 239 2093 lectum
251 2029 270 2060 '¹
281 2041 336 2091 etc.
378 2031 458 2108 Ergo
470 2030 526 2089 Dei
540 2030 705 2090 msodsmm
719 2030 954 2108 ntprenitentibus
968 2030 1080 2091 daretur
1093 2032 1188 2100 venia,
1200 2031 1237 2093 sd
1247 2050 1335 2107 quarn

136 2130 279 2189 consessio
303 2128 421 2187 omnino
454 2128 657 2201 requirebatur,
678 2128 732 2186 fuit
751 2129 865 2186 occasio
889 2146 940 2187 cur
970 2129 1006 2187 ab
1026 2129 1110 2188 initio
1137 2129 1335 2189 sacerdotibus

138 2227 235 2286 risum
250 2226 297 2293 sit,
313 2242 431 2285 necesse
444 2242 504 2284 non
514 2241 579 2283 esse
592 2225 687 2303 palam
701 2224 731 2283 iu
744 2238 819 2285 coetu
833 2223 961 2284 fidelium
976 2236 1092 2303 peccata
1104 2227 1249 2305 evulgare.
1272 2226 1340 2287 Mo·

134 2343 189 2385 nus
211 2323 412 2402 poenitentiarii
431 2323 525 2382 senus
548 2320 696 2382 indoctum
729 2331 775 2381 est
793 2322 823 2381 in
845 2321 1195 2401 constantinopolitanam
1213 2334 1246 2389 st
1263 2324 1336 2385 alias

132 2421 285 2482 nonnullas
299 2419 458 2488 Ecclesiae,
472 2436 561 2492 quum
574 2417 734 2478 confitendi
753 2419 909 2477 necessitas
922 2420 957 2478 ab
970 2420 1106 2479 omnibus
1119 2433 1336 2500 agnosceretur,

132 2540 171 2580 ex
185 2521 282 2579 divino
297 2528 439 2597 precepto
454 2516 539 2576 dandi
551 2516 663 2576 veniam
678 2517 893 2594 penitentibus,
905 2536 1087 2591 quemnemo
1101 2521 1157 2579 nisi
1170 2521 1336 2581 coufitendo

134 2621 248 2692 assequi
267 2627 374 2694 posset.
416 2615 501 2673 Falsd
525 2615 610 2690 igitur
624 2616 759 2673 asseritur
779 2635 795 2672 a
819 2614 928 2673 Dallaeo
950 2616 1116 2674 auricularis
1138 2619 1333 2678 confessionis

134 2716 267 2792 privatim
283 2712 421 2771 sacerdoti
437 2712 519 2769 solim
536 2709 671 2768 faciende
686 2710 765 2768 nullu
781 2711 933 2787 vestigium
954 2730 988 2769 ea
1002 2723 1082 2770 etate
1097 2715 1228 2789 reperiri,
1246 2734 1336 2789 quum

133 2813 316 2869 Sozomenus
331 2829 393 2866 eam
408 2808 490 2885 plane
500 2807 634 2875 adstruat,
649 2817 677 2863 et
689 2808 929 2883 penitentiarum
939 2808 1111 2868 eoluncmm
1123 2828 1190 2869 esse
1206 2831 1335 2881 munere,

134 2910 264 2983 quamvis
277 2908 419 2983 publicum
437 2905 512 2963 aliud
528 2923 631 2963 munus
644 2906 730 2962 simul
744 2906 845 2971 obiret,
861 2925 919 2965 non
933 2908 1037 2965 obsure
1051 2908 1170 2967 indicat.

176 3009 242 3062 114.
268 3002 334 3081 otj.
355 3010 385 3062 7.
408 3003 440 3059 si
455 3003 490 3059 de
511 3001 661 3058 auriculari
677 3003 869 3070 consessione,
884 3003 998 3061 auribus
1013 3005 1125 3063 scilicet
1139 3007 1227 3065 unius
1243 3027 1336 3078 sacer·

132 3102 207 3160 dotis
220 3103 403 3167 insusurrata,
420 3110 496 3156 esset
509 3117 615 3164 sermo,
627 3097 741 3157 diaconi
756 3099 865 3157 facinus
880 3119 938 3159 non
952 3102 1135 3171 innotuisset,
1147 3104 1227 3177 quod
1242 3105 1334 3165 divul-

133 3200 210 3277 gavit
224 3199 326 3256 mulier
341 3195 541 3255 ultramodum
556 3194 719 3252 confitendo
734 3214 894 3272 progressa.

174 3301 262 3379 Resp.
285 3301 418 3359 Profecto
441 3300 475 3358 de
490 3299 670 3357 consessione
692 3300 746 3356 soli
761 3300 970 3375 poenitentiario
985 3301 1057 3359 sacta
1071 3301 1200 3375 loquitur
1214 3316 1334 3379 uterque

134 3401 265 3475 scriptor,
291 3399 331 3456 uti
355 3398 440 3456 verba
464 3415 562 3454 eorum
588 3395 764 3453 manifestam
785 3395 892 3453 faciunt
919 3397 1017 3454 fidem.
1058 3397 1216 3463 Quomodo
1241 3413 1335 3461 autem

136 3497 313 3573 divulgatum
329 3495 412 3553 suerit
424 3495 574 3570 flagitium,
590 3512 647 3550 uon
668 3493 737 3550 satis
758 3493 937 3568 exploratum
953 3506 1006 3553 est.
1047 3495 1231 3555 sozomenus
1247 3498 1336 3558 dicitr

134 3596 294 3653 “Matrona
310 3592 438 3667 quaedam
459 3593 574 3657 nobilis,
594 3593 632 3649 ob
646 3606 761 3668 peccata
777 3611 840 3664 quse
861 3592 993 3650 consessa
1007 3593 1106 3660 suerat,
1117 3595 1203 3670 jussa
1223 3598 1262 3656 ab
1282 3599 1336 3658 lroc

136 3693 306 3769 presbytero
323 3692 465 3767 jejunare,
481 3710 513 3746 ac
537 3689 632 3746 Deum
656 3689 824 3765 suppliciter
838 3708 935 3757 orare;
957 3689 1024 3748 dum
1041 3691 1127 3768 hujus
1143 3694 1185 3750 rei
1199 3713 1290 3753 causa
1308 3697 1337 3755 iu

135 3791 269 3850 Ecclesia
283 3800 448 3855 moraretur,
469 3808 485 3844 a
507 3787 625 3844 diacono
640 3805 671 3844 se
693 3800 849 3864 stupratam
870 3806 934 3846 esse
956 3788 1081 3865 prodidit
1093 3789 1333 3863 ”-ssaerpnvocss,

135 3889 268 3945 Socrates
284 3885 351 3943 dicit
365 3903 427 3942 earn
449 3885 523 3960 apud
545 3884 784 3959 poenitentiarium
806 3885 903 3942 omnia
921 3894 987 3959 post
1010 3886 1185 3962 baptismum
1206 3889 1334 3951 admissa

134 3984 325 4062 deposuisse;
347 3982 482 4059 deinceps
500 3991 564 4057 post
583 3980 698 4053 aliquod
721 3981 858 4058 temporis
879 3981 1057 4040 intervallum
1079 3985 1244 4046 accusando
1259 3988 1334 4047 aliud

135 4097 284 4162 peccatum
300 4080 446 4147 detulisse,
461 4078 537 4152 quod
553 4078 672 4145 scilicet,
687 4078 756 4138 dum
781 4078 955 4156 poenitentiae
971 4099 1056 4138 causa
1070 4081 1100 4139 in
1115 4082 1252 4142 Ecclesia
1276 4105 1335 4145 rer-

136 4196 253 4247 saretur‚
267 4198 332 4237 cum
347 4177 467 4234 diacono
488 4175 705 4234 concubuisset:
727 4177 769 4245 slot
788 4172 958 4245 προβαίνουσα,
973 4177 1016 4230 acl
1034 4174 1094 4231 sno
1112 4177 1228 4248 arsisses
1247 4200 1335 4253 εωςης

135 4276 425 4349 stroppus-Voces
447 4275 481 4332 ab
502 4282 621 4347 utroque
648 4273 786 4349 scriptore
808 4273 939 4331 adhibita
960 4273 1120 4343 iodicium,
1144 4277 1335 4350 delationem,

137 4376 356 4434 accusationem
375 4372 487 4452 proprie
510 4370 681 4446 significant,
697 4387 750 4427 nco
774 4369 808 4427 ad
833 4370 1045 4430 consessionem
1070 4372 1258 4438 indicandam
1273 4379 1334 4459 ple-

530 4565 567 4624 (l)
585 4563 650 4612 Hist.
662 4562 730 4613 Eccl.
743 4563 758 4612 l.
771 4562 812 4612 rii.
822 4579 845 4612 c.
855 4562 908 4614 xri.

529 4647 565 4711 (2)
583 4647 651 4698 Eccl.
664 4647 719 4699 hist
728 4647 744 4697 l.
756 4663 779 4696 v.
789 4663 810 4698 c
820 4649 872 4700 xix.
