2774 5056
384 301 440 362 DE
462 299 599 361 SEXTO
620 299 797 361 totuuts
818 298 982 360 ΟΔΡΙΤΕ.
1222 303 1279 359 127

572 781 713 841 CAPUT
739 779 792 840 lll.

358 955 414 1006 Itu
434 954 584 1006 SEXTO
607 955 811 1008 JOANNIS
834 955 1016 1007 cnrl'tu.

592 1140 775 1183 enorosmo.

130 1278 206 1350 Vera,
228 1278 333 1347 realis,
348 1286 375 1337 et
394 1278 602 1339 substantialia
616 1279 779 1360 praesentia
794 1279 924 1359 corporis
938 1286 965 1338 et
981 1279 1141 1358 sanguinis
1156 1278 1282 1340 Domini

94 1378 173 1436 nostri
182 1376 259 1436 lesos
278 1374 391 1434 Christi
402 1374 435 1435 in
448 1375 629 1436 eucharistia
641 1376 750 1436 irtoiots
755 1376 904 1456 probatur
914 1394 950 1436 en
955 1375 1169 1455 promissionis
1183 1376 1280 1436 verbis

94 1471 178 1532 relatis
193 1472 278 1552 apud
290 1470 448 1532 Joonnem.

123 1568 273 1629 Probatur
288 1567 314 1627 1.
328 1587 364 1628 ca
378 1567 492 1628 Christi
505 1567 632 1629 Domini
648 1569 756 1629 verbis.

122 1670 169 1725 21.
191 1666 291 1734 Quum
313 1665 448 1724 Christus
470 1667 590 1744 panibus
612 1667 816 1745 multiplicatis,
832 1668 870 1726 ita
890 1679 922 1726 ut
935 1668 1015 1746 plura
1030 1667 1118 1726 millia
1132 1667 1282 1726 homiuum

90 1762 258 1830 satiarentur,
274 1762 404 1821 omnium
419 1763 495 1821 inse
510 1763 725 1823 admirationem
748 1773 940 1841 provocasset,
956 1765 1047 1822 secuti
1061 1775 1127 1822 sunt
1140 1783 1206 1822 eum
1221 1765 1282 1841 plu·

89 1858 219 1938 rimi,par
243 1859 406 1938 prodigium
434 1860 549 1919 videndi
576 1880 629 1939 spe
657 1862 757 1930 illecti,
774 1881 897 1935 eumque
925 1860 1088 1938 Capharnai
1103 1862 1281 1922 invenerunt.

91 1955 159 2017 Huic
173 1958 331 2017 curiositati
345 1967 375 2016 et
388 1958 516 2018 ciborum
530 1958 672 2018 desiderio
687 1959 794 2019 mederi
809 1960 909 2028 voluit,
922 1960 1072 2018 occasione
1084 1959 1150 2018 inde
1165 1971 1283 2038 accepta

91 2071 134 2112 eos
147 2054 180 2113 ad
196 2055 319 2114 celestis
334 2054 391 2113 cibi
406 2055 528 2114 esuriem
540 2055 693 2114 excitandi.
734 2056 783 2115 Ex
798 2056 834 2114 iis
849 2055 964 2130 quidam
979 2057 1073 2115 cibum
1088 2057 1199 2115 ooelitus
1214 2055 1282 2116 dan·

94 2149 153 2209 dum
167 2150 348 2229 postularunt
362 2162 447 2230 prout
457 2152 580 2228 Moyses
592 2153 748 2230 majoribus
759 2171 857 2212 eorum
873 2171 976 2211 manua
987 2151 1111 2211 dederat.
1134 2153 1173 2210 Se
1187 2153 1282 2211 cibum

93 2251 209 2325 assequi
224 2268 240 2309 e
256 2248 329 2309 coelo
351 2248 536 2309 descenderat
557 2250 639 2319 dixit,
655 2270 793 2325 suamque
808 2269 923 2310 carnem
936 2251 993 2310 illis
1014 2271 1046 2313 se
1061 2251 1189 2308 daturum
1204 2270 1282 2309 mau-

93 2343 252 2406 ducandam.
296 2355 316 2383 ‘⁴
330 2346 420 2405 Panis
435 2365 521 2420 quem
536 2366 590 2425 ego
604 2346 688 2416 dabo,
703 2366 769 2405 caro
783 2365 848 2405 mea
861 2358 904 2405 est
916 2366 969 2424 pro
979 2346 1080 2406 mundi
1094 2346 1195 2405 vita.”¹
1222 2347 1283 2406 Vix

93 2446 275 2505 enuntiaverat
288 2463 319 2503 se
333 2464 447 2505 carnem
461 2464 542 2503 suam
559 2445 590 2502 in
598 2445 694 2503 cibum
706 2444 849 2512 daturum,
864 2445 947 2523 panis
958 2445 1065 2523 quippe
1077 2447 1193 2504 nomine
1205 2444 1281 2522 apud

95 2539 219 2603 Hebraeos
232 2544 327 2603 omnis
353 2544 433 2603 cibus
448 2543 666 2621 intelligebatur,
680 2541 794 2617 quando
808 2561 893 2620 grave
904 2553 999 2623 ¹ortum
1020 2553 1065 2602 est
1089 2542 1281 2603 contradicen-

95 2638 152 2699 tium
166 2660 304 2710 murmur,
319 2651 348 2700 et
369 2640 511 2700 auditores
525 2641 556 2699 iu
571 2639 641 2699 duas
655 2640 740 2700 scissi
754 2651 822 2699 suut
835 2652 939 2717 partes,
953 2640 1098 2700 nonnullis
1113 2642 1281 2720 negantibus

95 2733 119 2792 id
136 2736 194 2796 fieri
217 2756 316 2814 posse,
338 2737 402 2796 aliis
424 2736 652 2795 affirmantibus:
682 2736 875 2814 “Litigabant
894 2756 962 2816 ergo
975 2735 1070 2796 Judaei
1091 2736 1126 2794 ad
1146 2737 1280 2806 invicem,

96 2829 225 2894 dissuas:
243 2833 397 2902 Quomodo
408 2843 503 2912 potest
514 2833 651 2893 hicuobis
661 2852 775 2893 carnem
788 2853 868 2893 suam
881 2834 948 2893 dare
957 2833 992 2893 ad
1006 2834 1234 2894 manducandum
1246 2834 1279 2892 l'’

96 2924 160 2989 llum
172 2931 247 2990 inter
271 2950 303 2988 se
317 2928 522 2990 contenderent
535 2930 570 2988 de
591 2930 633 2988 rei
658 2931 845 3008 possibilitate
870 2930 1003 2991 Christus
1028 2932 1139 2990 iteravit
1152 2934 1282 3010 proposi·
1324 2978 1327 2983 ,

95 3026 198 3098 ionem,
215 3029 327 3088 minans
337 3029 487 3088 ‘interitum
502 3029 538 3086 iis
553 3029 603 3102 qui
618 3027 712 3087 oblato
724 3029 787 3088 cibo
801 3029 880 3088 vesci
891 3029 1017 3089 nollent:
1040 3039 1059 3066 ‘¹
1069 3030 1152 3089 Dixit
1160 3049 1227 3109 ergo
1239 3032 1282 3089 eis

95 3120 185 3184 lesus:
208 3126 315 3194 Amen,
329 3126 434 3194 Amen,
450 3123 515 3183 dico
535 3125 638 3182 vobis:
661 3125 717 3183 nisi
738 3125 975 3184 manducaveritis
990 3144 1104 3184 carnem
1125 3126 1177 3184 filii
1191 3128 1282 3185 homi·

95 3217 139 3288 nis,
151 3230 179 3280 et
192 3221 321 3280 biberitis
338 3222 400 3298 ejus
422 3221 602 3298 sanguinem,
617 3239 676 3279 nou
697 3220 836 3279 habebitis
859 3222 946 3279 vitam
967 3221 997 3279 in
1013 3221 1126 3280 vobis.'’
1167 3222 1280 3281 Eodem

95 3318 181 3394 spiritu
209 3318 305 3378 dicere
326 3318 469 3396 perrexit:
493 3318 584 3386 “Qui
604 3317 756 3377 manducat
781 3337 873 3378 meam
900 3337 1024 3386 carnem,
1041 3329 1069 3376 et
1089 3320 1160 3377 bibit
1183 3339 1280 3381 mcum

95 3420 260 3496 smguinem,
273 3418 358 3477 habet
371 3418 457 3476 vitam
474 3426 619 3486 aternam,
634 3429 727 3494 elego
741 3419 916 3477 resuscitabo
928 3436 994 3476 eum
1006 3418 1036 3475 in
1049 3418 1208 3477 novissimo
1223 3418 1279 3478 die.

96 3510 158 3575 caro
170 3518 248 3577 enim
261 3536 325 3576 mea
335 3535 401 3575 vere
415 3525 459 3574 est
472 3511 563 3584 cibus,
578 3526 607 3575 et
617 3517 732 3594 sanguis
748 3535 829 3574 meus
843 3534 909 3575 vere
924 3524 969 3575 est
982 3526 1076 3594 potus.
1119 3516 1177 3584 Qui
1202 3537 1281 3576 mau-

97 3609 274 3677 dneatmeam
299 3633 424 3684 caruem,
448 3624 476 3674 et
500 3615 570 3673 bibit
594 3634 690 3673 meum
704 3615 883 3691 sanguinem,
899 3613 929 3672 in
942 3633 989 3672 me
1014 3624 1119 3683 manet,
1134 3626 1162 3673 et
1175 3634 1229 3695 ego
1251 3617 1282 3677 iu

97 3709 143 3771 illo.
181 3716 266 3774 Sicut
280 3715 359 3773 misit
372 3733 418 3772 me
433 3713 533 3772 vivens
556 3714 649 3781 Pater,
672 3723 700 3770 et
723 3732 777 3790 ego
805 3714 872 3771 vivo
893 3724 1011 3790 propter
1031 3713 1157 3783 Patrem,
1181 3719 1282 3792 etqui

98 3811 232 3872 manducat
255 3832 314 3880 me,
338 3822 367 3870 et
380 3813 443 3890 ipse
471 3811 548 3869 vivet
569 3821 684 3888 propter
711 3830 767 3869 me.
813 3810 872 3870 Hic
894 3821 938 3869 est
959 3811 1058 3888 panis,¹
1077 3813 1126 3886 qui
1150 3813 1186 3872 dc
1208 3817 1282 3876 coelo

99 3901 238 3968 descendit.
281 3909 351 3968 Non
365 3908 440 3967 sicut
452 3908 694 3967 manducaverunt
708 3917 801 3985 patres
816 3909 902 3967 vestri
917 3927 1031 3977 manna,
1045 3922 1073 3967 et
1087 3912 1189 3970 mortui
1205 3926 1281 3973 sunt.

100 4000 144 4068 Qui
156 4006 303 4067 manducat
326 4007 403 4066 huuc
423 4025 527 4084 panem
547 4007 624 4064 vivet
644 4006 674 4065 in
696 4017 845 4065 aeternum.
888 4004 962 4065 Haec
989 4006 1062 4066 dixit
1083 4009 1113 4068 in
1134 4029 1282 4090 synagoga

103 4095 200 4172 domus,
214 4105 245 4163 in
260 4101 497 4182 capharnaum?

111 4196 173 4256 tt.
192 4200 239 4260 Ex
256 4211 315 4260 tota
338 4200 498 4259 narratione
522 4199 613 4273 liquet
633 4200 669 4258 de
691 4201 755 4260 cibo
778 4218 843 4260 esse
857 4218 1032 4270 sermonem,
1048 4221 1151 4280 panem
1167 4203 1282 4262 dederat
1379 4231 1384 4241 ·

108 4288 239 4367 christus}
260 4316 364 4375 panem
381 4297 555 4371 quesierunt
574 4295 680 4366 ludaei,
695 4297 746 4356 sed
767 4297 854 4356 veluti
880 4297 960 4375 parvi
986 4297 1123 4357 facientes
1144 4316 1210 4357 eum
1231 4299 1280 4372 qui

110 4400 153 4457 llae
174 4395 300 4454 manibus
328 4393 535 4469 multiplicatus
558 4392 658 4461 iuerat,
682 4412 698 4451 e
719 4393 793 4453 aoelo
817 4392 942 4453 dandum
967 4392 1171 4460 desiderarunt,
1197 4405 1282 4469 prout

113 4477 204 4560 Moysis
221 4501 347 4571 tempore
362 4491 436 4551 coelo
458 4490 602 4551 deciderat
624 4509 738 4550 manna.
781 4491 915 4551 Christus
929 4507 1033 4568 panem
1047 4509 1064 4550 e
1078 4489 1150 4548 coelo
1165 4506 1181 4545 a
1196 4491 1281 4554 Patre
1306 4539 1308 4542 ψ

550 4648 592 4716 (1)
611 4647 684 4698 roan.
695 4646 728 4700 vs
740 4651 782 4700 sa.
