2774 5056
515 304 814 367 OBJECTIONES.
1201 312 1257 369 177

1084 410 1092 441 1

89 463 316 523 etauctoritatem.
359 464 428 523 Non
442 464 507 523 ideo
523 475 618 523 tamen
631 483 767 525 sensuum
784 465 977 525 testimonium
991 468 1021 525 iu
1040 468 1125 528 rebus
1139 485 1203 541 qne
1223 466 1259 525 ad

90 556 200 618 ordiuern
214 572 320 619 naturae
341 562 493 638 pertinent,
508 562 636 639 rejicitur
655 562 701 620 vel
721 564 887 622 infirmatur.
929 563 963 622 ln
983 565 1128 641 mysteriis
1150 563 1260 623 Christi

89 655 160 714 rerba
172 667 234 717 sunt
247 658 433 719 attendenda:
457 660 571 718 “Beati
586 660 635 733 qui
649 680 706 719 non
720 662 860 728 viderunt,
875 672 904 721 et
918 661 1142 721 crediderunt.”²

122 755 179 812 lae.
203 754 269 834 ooj.
288 759 317 814 6.
338 755 392 814 Illa
404 756 597 814 substantialis
613 755 723 816 Christi
737 758 863 835 corporis
877 768 906 815 et
919 751 1065 834 sanguinis
1076 758 1107 816 iu
1117 758 1260 817 eucharis·

89 848 119 906 tia
131 853 272 927 presentia
284 852 406 911 absurda
419 853 502 930 plane
524 864 578 921 est,
591 873 656 912 narn
678 873 781 932 corpus
802 855 918 914 unicum
939 854 1024 913 simul
1044 858 1074 913 iu
1095 855 1168 914 coelo
1187 866 1217 915 et
1229 857 1259 916 in

89 944 223 1007 innumeris
236 960 317 1008 terroe
331 950 404 1009 locis
418 949 518 1008 adesse
536 968 594 1008 nou
608 961 711 1027 potest.

119 1043 197 1124 fleap.
219 1047 455 1106 Adversariorum
470 1057 514 1106 est
527 1049 670 1124 explicare
691 1048 836 1123 quomodo
857 1047 991 1108 Christus
1011 1049 1090 1107 visus
1110 1049 1149 1105 ait
1168 1048 1259 1109 Paulo

90 1143 152 1215 eunti
175 1143 359 1213 Damascum,
386 1162 510 1218 eumque
538 1144 711 1205 familiariter
731 1145 868 1205 allocutus
889 1147 935 1212 sit,
957 1145 1031 1204 coelo
1050 1143 1125 1203 hand
1148 1145 1257 1205 relicto.

91 1236 213 1300 Ceterum
228 1262 330 1301 arcana
345 1242 401 1301 Dei
417 1261 474 1300 non
488 1242 555 1300 licet
569 1243 693 1302 humano
707 1243 883 1321 perpendere
893 1243 1013 1322 judicio,
1023 1261 1077 1301 uec
1088 1242 1156 1316 quid
1167 1244 1259 1320 possit

90 1334 140 1410 ipse
152 1351 241 1398 nostra
254 1339 374 1398 definire
388 1341 537 1398 sententia.
581 1337 719 1417 Corporis
742 1341 777 1399 ad
798 1341 892 1400 locum
913 1341 1013 1399 relatio
1027 1341 1161 1399 naturalis
1175 1341 1260 1399 unica

90 1431 183 1503 quidem
207 1447 261 1504 est,
287 1436 337 1494 sed
366 1437 465 1495 relatio
489 1437 538 1495 illa
561 1450 667 1496 naturae
691 1450 721 1495 et
745 1438 875 1496 essentiae
899 1446 943 1495 est
966 1436 1035 1510 qnid
1056 1437 1257 1505 extrinsecum,

91 1525 190 1604 ideoque
213 1532 396 1611 multiplicari
417 1543 522 1611 potest,
543 1534 639 1593 divina
661 1535 773 1601 virtute,
796 1535 864 1609 quin
887 1535 1012 1593 essentia
1031 1552 1082 1592 seu
1103 1535 1259 1592 substantia

91 1625 280 1704 multiplicetur.
322 1629 464 1687 Preterca
484 1630 602 1707 gloriosi
627 1631 764 1707 corporis,
786 1632 869 1704 quale
898 1631 1008 1689 Christi
1034 1640 1087 1699 cst,
1108 1629 1144 1688 ad
1163 1629 1259 1689 locum

90 1718 169 1782 relatio
180 1724 263 1803 louge
278 1724 391 1784 divcma
404 1726 442 1784 sit
452 1738 593 1804 oporteta
612 1746 764 1804 corporum
784 1728 903 1786 naturali
923 1728 1104 1787 conditione:
1126 1739 1155 1785 et
1167 1744 1259 1785 sacra·

92 1821 198 1879 mentalis
219 1824 382 1899 praeseutia,
407 1823 473 1882 licet
498 1843 573 1893 vera,
597 1826 691 1892 realis,
717 1836 745 1881 et
768 1825 969 1894 substantialis,
991 1823 1085 1882 differt
1105 1823 1259 1882 omninno

92 1919 195 1978 canath
236 1921 360 1981 Praestat
386 1922 472 1999 igitur
498 1922 668 1999 mysterium
697 1921 753 1980 fide
782 1922 908 1999 simplici
935 1923 1077 2000 amplecti,
1105 1938 1258 1994 veramque

91 2027 221 2088 agnoscere
234 2020 427 2097 presentiam,
443 2021 511 2094 quin
533 2020 629 2079 divina
650 2020 783 2079 humanis
807 2021 991 2079 estimemus.
1032 2020 1075 2079 Ita
1096 2019 1164 2078 olim
1186 2018 1258 2077 Gre-

92 2112 168 2185 prius
182 2117 348 2194 Nysseuns,
363 2118 435 2177 nihil
448 2118 490 2177 rei
504 2117 669 2178 difficultate
681 2118 840 2186 deterritus,
852 2117 980 2178 divinum
993 2118 1200 2194 contemplatus
1214 2126 1259 2176 est

91 2222 162 2283 opus:
176 2223 194 2253 ‘⁴
206 2214 284 2274 Cum
298 2226 393 2274 anwm
407 2216 501 2275 solum
515 2216 586 2274 illud
599 2235 702 2295 corpus
714 2215 791 2289 qnod
802 2215 896 2275 Deum
906 2216 1043 2293 suscepit,
1057 2215 1131 2274 hauc
1140 2215 1258 2293 gratiam

90 2312 203 2386 tmapsrit
225 2354 233 2372 .
256 2355 265 2372 .
288 2355 297 2372 .
319 2323 433 2391 oportet
449 2313 630 2372 considerare
652 2313 797 2388 quomodo
816 2313 878 2371 fieri
893 2312 1025 2390 potuerit,
1040 2321 1071 2369 ut
1083 2329 1172 2371 nuum
1187 2309 1258 2369 illud

90 2398 178 2481 ftrpus,
193 2409 269 2484 quod
284 2420 340 2469 tam
352 2408 449 2468 multis
463 2410 591 2468 fidelium
606 2411 732 2469 millibus
749 2411 778 2469 in
791 2410 924 2468 universo
946 2408 1013 2467 orbe
1034 2419 1168 2466 terrarum
1183 2426 1258 2468 eem-

91 2510 129 2569 ptr
139 2500 284 2576 distribuit,
300 2517 389 2566 totum
403 2525 455 2587 per
469 2516 577 2584 partem
598 2507 631 2564 fit
650 2506 680 2566 in
702 2523 886 2580 unoquoque,
907 2514 937 2564 et
956 2504 1051 2581 ipsum
1071 2504 1102 2563 in
1121 2522 1153 2561 se
1167 2513 1258 2565 totum

90 2602 222 2661 aneath*

121 2696 174 2757 len.
199 2698 266 2779 obj.
281 2704 312 2762 7.
340 2701 394 2763 Illa
420 2701 549 2779 corporis
575 2700 686 2760 Christi
710 2700 860 2778 presentia
883 2698 1071 2778 impossibilis
1093 2699 1177 2776 plane
1201 2709 1256 2769 est,

91 2790 106 2821 ‘⁴
115 2794 168 2864 quia
180 2808 319 2885 everteret
331 2809 458 2858 naturam
473 2813 502 2857 ct
521 2799 719 2876 proprietatem
742 2799 801 2857 veri
821 2799 958 2874 corporis,
977 2796 1062 2870 quod,
1076 2805 1108 2855 ut
1120 2805 1257 2871 qnantum

90 2891 275 2964 barensem,
297 2895 381 2954 debet
400 2913 465 2954 esse
488 2895 598 2954 visibile
619 2903 647 2953 et
667 2894 819 2972 palpabile,
840 2895 974 2963 locatum,
995 2894 1209 2971 impenetrabile
1228 2902 1258 2952 et

89 2978 322 3070 drcumscriptum,
336 2992 414 3066 qnod
433 2993 473 3051 ita
493 2993 594 3051 habeat
615 3002 710 3069 partes
730 3002 810 3051 extra
830 3003 935 3070 partes,
948 3002 981 3050 ut
1000 3010 1053 3050 ncc
1069 2990 1138 3049 illud
1153 3008 1257 3068 corpus

90 3090 211 3149 lllletrare
222 3097 318 3162 queat,
333 3106 386 3147 nec
400 3089 435 3146 ab
447 3089 503 3147 alio
516 3107 636 3167 corpore
647 3088 821 3166 penetrari.”
862 3087 904 3148 lta
916 3075 1062 3147 Turietini
1072 3085 1256 3145 abbreviator.

118 3176 193 3263 fleap.
215 3184 354 3244 Humano
374 3204 468 3244 errore
488 3185 550 3244 haec
570 3185 711 3256 dicuntur,
736 3205 823 3260 quurn
847 3186 980 3245 naturalis
1006 3204 1062 3243 nou
1083 3184 1121 3242 sit
1131 3182 1257 3242 conditio

90 3266 176 3340 Christi
187 3282 356 3362 corporisju
369 3283 549 3353 eucharistia,
561 3283 610 3342 sed
624 3283 775 3343 ineffabilis
789 3302 913 3360 prorsus,
926 3301 1011 3356 quarn
1022 3298 1075 3340 nec
1086 3280 1257 3357 cogitatione

90 3380 180 3451 eosqui
195 3381 333 3440 valemus.
375 3380 420 3439 De
433 3392 530 3440 natura
544 3400 695 3458 corporum
710 3400 808 3457 parurn
831 3381 973 3448 novimus,
988 3378 1023 3437 de
1038 3376 1256 3454 proprietatibus

88 3480 162 3537 eorum
177 3479 279 3539 melius
294 3479 440 3553 aliquanto
460 3479 575 3549 edocti;
597 3479 648 3538 sed
669 3480 792 3556 plurima
812 3476 946 3553 exempla
965 3474 1146 3552 suppeditant
1161 3473 1257 3550 Scrip-

89 3570 185 3640 ¹⁰¹tniu
206 3577 311 3650 quibua
339 3594 405 3650 quae
428 3577 512 3635 nobis
534 3577 716 3635 innotuerunt
737 3575 921 3651 proprietates
944 3591 1001 3631 uon
1022 3583 1167 3647 apparent,
1189 3568 1258 3628 licet

90 3674 164 3732 'tum
176 3673 297 3733 adfuerit
310 3692 424 3749 corpus.
454 3674 503 3733 Sic
514 3672 648 3733 Christus
660 3692 677 3731 e
688 3671 840 3748 sepulchro
849 3671 946 3729 clauso
957 3669 1089 3736 surrexit,
1100 3679 1128 3726 et
1138 3666 1255 3727 domum

113 3901 146 3971 (¹)
161 3909 230 3961 Joan.
242 3926 288 3961 xx.
300 3912 343 3960 29.
377 3909 532 3962 Oxcnienses
549 3910 579 3961 de
595 3909 626 3960 iis
642 3908 685 3974 qni
701 3908 913 3959 sacramentorum
924 3907 1038 3957 virtutem
1056 3905 1187 3968 denegant,
1199 3904 1258 3968 quia

89 3994 182 4045 'lunum
196 3994 364 4063 experimento
380 4010 433 4046 uon
449 3995 567 4063 subjacet,
584 4002 685 4046 notant:
702 3993 764 4045 “To
783 3994 877 4059 require
896 3991 949 4043 that
967 3990 1029 4041 such
1046 3991 1151 4057 subjecte
1169 3989 1258 4041 should

89 4080 140 4126 mlle
148 4086 170 4131 to
179 4098 208 4133 ua
219 4082 247 4133 in
258 4099 273 4133 a
284 4098 351 4133 mora
361 4082 465 4133 semble
476 4082 525 4132 and
534 4083 643 4149 palpable
654 4098 717 4146 way,
728 4080 808 4131 before
819 4096 857 4130 we
868 4079 919 4130 will
929 4085 1013 4143 accept
1023 4077 1098 4138 them,
1109 4079 1205 4142 betrays
1215 4076 1257 4127 the

89 4165 139 4210 ”³¹0
146 4172 232 4235 temper
243 4168 270 4219 of
283 4167 353 4219 mind
364 4184 392 4219 aa
407 4169 461 4221 tlrat
473 4169 502 4219 of
513 4168 637 4233 requiring
654 4167 751 4230 asign3
767 4182 793 4215 or
809 4173 835 4215 at
849 4166 908 4222 best,
918 4163 939 4214 it
953 4163 1031 4214 isbut
1041 4162 1095 4213 that
1106 4163 1175 4212 weak
1185 4159 1260 4212 belief

90 4240 219 4321 'ffisshfflyn
230 4256 351 4309 ‘uulaaaI
367 4256 457 4309 handle
469 4255 518 4307 and
528 4255 574 4305 feel
585 4255 596 4305 1
608 4255 658 4305 will
677 4249 837 4312 notbalieve,’
849 4251 897 4302 and
909 4250 990 4302 which
1008 4250 1124 4301 therefore
1135 4249 1198 4299 loces
1214 4246 1256 4297 tha
1281 4272 1285 4279 ·

91 4320 165 4393 liabeo
179 4343 293 4407 blaasirrg,
310 4342 403 4393 blasssd
423 4357 463 4393 are
480 4339 606 4407 theywho
622 4340 745 4391 bevenot
761 4352 826 4399 neu,
843 4336 893 4388 aud
909 4337 970 4389 have
986 4332 1116 4388 beherad.’'
1150 4332 1207 4383 Vol.
1218 4332 1250 4383 ir.

91 4404 200 4477 hecilo.
207 4430 248 4479 80.
258 4433 313 4495 part
323 4427 358 4479 iii.
368 4443 393 4493 p.
405 4429 446 4478 66.
480 4426 585 4478 London
595 4425 694 4477 editiora

120 4502 152 4568 (t)
168 4511 230 4566 Orac
241 4513 342 4567 Catecb.
352 4530 374 4566 c.
385 4513 479 4577 mvii.
