2774 5056
79 326 119 383 46
435 327 491 386 DE
512 328 633 388 MODO
654 329 916 391 BAP'I'thNDl.

81 480 249 559 baptizatur,
277 501 330 542 nec
357 483 488 546 invocare
522 488 701 558 Trinitatem,
729 488 780 547 sed
807 489 897 548 semel
930 490 1073 568 baptizare
1099 487 1131 545 in
1158 480 1274 543 Christi

81 580 249 639 mortem.’'²
291 581 447 642 Bouosiani
463 585 672 661 “baptizabant
684 586 865 645 solummodo
879 587 909 646 in
922 596 1044 646 mortem
1058 584 1168 643 Christi
1177 582 1209 652 ;’'
1228 581 1273 639 uti

85 679 171 738 refert
194 682 338 760 Pelagius.
379 681 424 740 De
445 681 499 740 ritu
523 684 726 752 immersionis,
748 685 789 742 uti
813 694 900 762 patet,
915 703 972 744 non
996 685 1131 761 agebatur
1154 682 1185 740 in
1209 679 1270 739 illis

83 774 214 847 decretis,
229 797 316 853 quum
332 778 380 837 illa
394 779 428 837 ab
442 780 573 838 omnibus
588 780 618 839 in
631 781 752 839 solemni
766 781 907 859 baptismo
922 781 1109 839 adhiberetur.

123 879 172 933 77.
198 874 262 954 obj.
279 881 308 934 8.
330 876 387 943 Qui
411 877 532 935 obtinuit
547 896 615 935 usus
636 897 688 955 per
707 877 858 936 duodecim
878 878 978 936 saltem
999 877 1102 935 saecula
1115 893 1168 953 per
1182 883 1271 932 totam

84 967 193 1028 Christi
213 972 385 1039 Ecclesiam,
400 973 506 1046 quique
528 974 619 1032 adbuc
640 974 716 1052 apud
736 974 894 1033 Orientales
915 983 1051 1042 servatur,
1066 984 1110 1031 est
1130 971 1270 1049 optimum

84 1080 279 1144 argumentum
293 1072 363 1127 ritus
378 1090 394 1128 a
408 1069 525 1128 Christo
540 1072 668 1129 instituti.

121 1161 210 1241 Resp.
233 1164 311 1223 Usus
326 1165 373 1223 ille
396 1166 503 1242 optimc
527 1167 626 1244 probat
647 1166 858 1225 immersionem
880 1185 944 1225 esse
964 1164 1128 1242 baptizandi
1150 1161 1271 1221 modom

85 1260 208 1320 validum
223 1273 251 1321 et
264 1262 440 1340 legitimum
462 1262 513 1322 sed
536 1264 668 1341 exempla
681 1265 814 1340 baptismi
828 1265 891 1322 aliis
912 1265 1066 1323 rationibus
1086 1261 1192 1328 collati,
1208 1277 1272 1333 que

85 1359 192 1434 passim
206 1372 365 1429 occurrunt,
379 1362 464 1420 etiam
487 1363 587 1438 primis
609 1362 731 1429 saeculis,
752 1380 872 1436 quaeque
886 1376 937 1440 per
957 1362 1037 1439 plura
1050 1360 1154 1420 abhinc
1169 1354 1273 1416 secula

48 1531 51 1538 .
85 1455 144 1514 sere
157 1457 219 1516 sola
231 1460 419 1527 obtinuerunt,
434 1461 586 1520 ostendunt
599 1459 745 1538 mergendi
759 1461 843 1520 ritum
858 1461 893 1519 ad
914 1462 1068 1519 essentiam
1089 1456 1168 1517 haud
1190 1455 1282 1534 perti·

86 1570 164 1610 ιιιιι.
206 1554 365 1614 Orientales
386 1559 550 1633 aspersione
570 1556 721 1630 aliquando
741 1557 783 1614 uti
802 1576 839 1615 cr
860 1557 1024 1616 testimonio
1038 1555 1137 1614 Fausti
1152 1551 1275 1612 Naironi

86 1647 228 1708 Banensis
242 1652 390 1711 Maronitae
404 1666 523 1723 constat,
538 1653 573 1713 de
589 1653 732 1713 Chaldaeis
747 1654 823 1712 enirn
837 1653 866 1712 id
881 1654 984 1712 diserte
999 1652 1143 1711 affirmat·
1163 1648 1275 1707 Christi

86 1749 249 1823 promissio,
265 1768 296 1806 se
310 1751 516 1827 baptizantibus
530 1752 690 1812 adfuturum
705 1751 838 1810 adfinem
854 1770 945 1826 usque
958 1750 1068 1820 mundi,
1082 1768 1141 1808 non
1154 1748 1225 1806 sinit
1244 1755 1276 1804 ut

87 1846 283 1905 existimemus
299 1849 399 1907 modos
412 1850 573 1927 baptizandi
594 1852 758 1910 solemniter
778 1849 919 1909 adhibitos
934 1868 998 1908 esse
1020 1858 1049 1908 et
1070 1848 1203 1926 probatos
1224 1863 1276 1922 per

88 1952 174 2000 tutam
189 1943 361 2012 Ecclesiam,
376 1948 425 2019 qui
439 1947 544 2006 nullius
558 1960 624 2006 sunt
638 1948 751 2021 valoris.
1196 1933 1198 1936 ⁵

27 2030 38 2115 ᾖ
129 2046 178 2100 78.
204 2040 270 2120 ooj.
286 2046 314 2101 9.
338 2045 444 2103 Saltem
459 2045 545 2103 tutius
559 2046 632 2104 soret
643 2044 797 2123 mergendo
811 2043 965 2122 baptizare,
980 2062 1068 2117 quum
1089 2042 1163 2100 inre
1178 2041 1278 2101 Sacra·

21 2190 26 2207 .
89 2137 235 2205 meritoria,
251 2138 399 2197 latentibus
425 2139 593 2210 Catholicis,
614 2142 699 2201 tutior
724 2141 842 2200 omnino
864 2138 1043 2198 anteferenda
1064 2139 1102 2196 sit
1125 2137 1276 2206 sententia,

88 2231 156 2291 dum
171 2234 206 2292 de
220 2237 395 2296 sacramenti
409 2238 502 2297 valore
517 2241 616 2317 agitur.

127 2329 218 2409 Reap.
240 2334 432 2394 Tutissimum
446 2346 490 2395 ιιι
508 2347 653 2413 receptum
667 2346 695 2394 et
714 2336 863 2414 probatum
884 2333 1024 2392 Ecclesiae
1044 2351 1154 2392 morem
1175 2331 1279 2406 sequi3

90 2445 143 2484 nec
158 2427 225 2487 licet
238 2431 358 2508 singulis
370 2451 423 2490 suo
437 2434 550 2492 arbitrio
561 2432 667 2506 aliquid
681 2434 827 2491 innovare.
868 2430 925 2497 Qui
939 2438 1078 2507 mergeret
1091 2427 1280 2506 baptizandos

90 2536 188 2584 contra
201 2526 381 2605 disciplinam
396 2532 538 2608 vigentem
553 2550 617 2589 rcus
629 2530 725 2589 violati
750 2529 858 2589 ordinis
879 2527 1025 2587 habendus
1039 2526 1121 2596 foret,
1136 2538 1165 2586 et
1184 2526 1280 2604 suspi-

47 2710 49 2713 .
90 2622 203 2681 cionem
228 2626 303 2683 haud
325 2627 416 2685 levem
440 2630 542 2685 erroris
567 2640 664 2686 contra
683 2627 768 2686 fidem
793 2627 940 2703 praeberet,
956 2626 1062 2703 qnippe
1080 2625 1130 2699 qui
1154 2634 1282 2684 veterem

92 2718 177 2777 ritum
192 2721 362 2796 affectando,
376 2724 517 2783 videretur
535 2724 660 2783 dubitare
675 2725 709 2784 ιιι
730 2724 857 2783 doctrina
877 2742 962 2798 quarn
977 2725 1107 2783 Romana
1126 2732 1203 2782 tenet
1223 2723 1283 2782 Ec·

91 2815 178 2875 clesia
192 2817 226 2875 de
241 2820 391 2896 baptismo,
403 2821 485 2898 juxta
498 2841 583 2896 quam
598 2822 671 2880 valet
683 2824 731 2896 qui
743 2821 885 2881 inlusione
897 2822 942 2880 vel
953 2822 1116 2899 aspersione
1126 2821 1281 2881 confertur.

539 3034 827 3074 surtrauvuttstousss.

134 3192 182 3247 79.
205 3189 277 3256 Quae
291 3193 398 3250 obtinet
411 3190 485 3268 apud
500 3192 642 3269 Baptistae
656 3193 685 3251 in
699 3193 744 3250 his
758 3184 921 3270 regionibus
942 3189 1117 3250 consuetudo
1138 3190 1168 3248 in
1186 3189 1284 3250 flumi-

20 3296 23 3300 ’
94 3285 177 3342 nibus
203 3300 231 3344 et
254 3289 352 3346 rivulis
376 3307 443 3346 suos
466 3288 666 3365 immergendi,
688 3290 818 3362 quamvis
841 3288 1017 3365 Apostolicae
1038 3288 1126 3344 aetatis
1148 3281 1287 3363 exempla

24 3391 29 3447 ’ς
96 3382 224 3454 quaedam
242 3385 360 3462 jactent,
384 3384 527 3461 probanda
553 3402 612 3442 non
634 3395 687 3453 est,
709 3392 819 3442 constat
838 3384 914 3441 enim
935 3382 1102 3442 necessitate
1124 3381 1285 3458 primorum

95 3480 207 3540 illorum
229 3495 400 3560 temporum,
415 3482 444 3540 in
459 3483 563 3555 quibus
584 3482 699 3540 deerant
712 3482 873 3540 christianis
885 3500 973 3539 ‘sacra
992 3479 1124 3546 aedificia,
1139 3492 1286 3548 cessante,

22 3570 29 3643 J
95 3577 129 3634 ad
144 3579 349 3638 consulendum
365 3578 475 3656 pudori,
490 3591 518 3636 et
532 3579 706 3638 Sacramenti
720 3579 883 3637 reverentiae
895 3577 1168 3655 Baptisteriaerccta
1179 3575 1285 3645 fuisse,

16 3724 18 3729 ,
96 3674 243 3746 inquibus
258 3676 511 3736 administrabatur.

136 3775 185 3828 80.
208 3772 261 3829 Illa
285 3791 369 3845 quarn
384 3775 494 3831 sectarii
518 3773 632 3848 plurimi
656 3775 717 3833 suis
741 3775 902 3848 relinquunt
925 3772 1080 3830 libertatem
1107 3771 1286 3847 baptismum

97 3868 272 3944 suscipiendi
295 3889 328 3927 ea
350 3889 434 3943 quam
449 3872 590 3929 voluerint
612 3872 730 3940 ratione,
752 3885 829 3930 recto
850 3889 943 3928 rerum
969 3869 1060 3928 ordini
1083 3876 1236 3944 repugnat,
1256 3881 1289 3928 et

11 3992 17 4025 ι
97 3967 184 4024 errori
198 3968 396 4042 patrocinatur,
412 3987 499 4041 quum
520 3969 561 4027 illi
576 3970 625 4042 qui
644 3969 855 4027 immersionem
877 3974 986 4043 petunt,
1001 3984 1064 4023 earn
1085 3965 1176 4024 solam
1190 3965 1287 4024 valere

98 4064 272 4122 existiment.
315 4065 440 4137 Utraque
454 4065 489 4122 de
503 4083 597 4132 causa,
612 4066 721 4123 scilicet
734 4077 765 4122 ut
778 4063 905 4122 ordinem
920 4073 1022 4129 servet,
1037 4072 1065 4120 et
1078 4063 1237 4139 praesertim
1249 4063 1289 4123 ad

16 4212 21 4285 l

23 4446 42 4585 l

98 4177 220 4216 errorem
246 4157 459 4224 eliminandum,
480 4179 516 4218 ne
539 4160 603 4233 quis
624 4161 679 4217 sibi
700 4159 735 4216 de
755 4159 850 4216 valore
871 4158 1014 4234 baptismi,
1039 4175 1219 4231 quacumque
1248 4177 1288 4217 ex

99 4257 223 4334 probatis
238 4256 391 4313 rationibus
407 4257 510 4324 collati,
522 4256 647 4315 dubitare
660 4257 745 4314 licere
760 4256 913 4324 existimet,
928 4255 1061 4314 Ecclesia
1071 4256 1131 4313 suis
1146 4257 1293 4319 ministris

97 4354 220 4433 injungit
234 4363 265 4410 ut
277 4364 416 4430 receptam
432 4354 536 4427 ubique
551 4353 728 4431 disciplinam
744 4353 861 4411 omnino
874 4360 1037 4427 sequantur.

494 4546 536 4611 (1)
555 4543 585 4594 L.
596 4544 629 4594 iv.
639 4544 696 4595 her.
706 4545 754 4595 feb.
765 4560 786 4594 c.
797 4543 831 4594 ιιι.

493 4631 535 4699 (2)
554 4629 667 4697 Euoplia,
678 4629 761 4683 Reme
774 4631 850 4683 ibid.
