2774 5056
135 317 174 375 98
541 313 598 374 DE
619 311 918 376 SACRAMENTO.

139 473 288 533 Christum
312 474 417 533 habere
444 481 597 542 auctorem,
618 482 647 532 et
666 492 731 532 esse
751 473 783 533 in
805 474 940 534 Ecclesia
960 484 1148 552 perpetuum
1169 493 1236 549 quac
1261 477 1341 536 enim

137 571 287 631 ministerii
301 581 392 630 sunta
406 569 524 630 Christo
538 569 699 629 derivantur
718 582 857 648 perpetuo
877 570 1025 630 servanda.
1068 572 1166 638 Quum
1187 583 1287 633 autem
1301 591 1338 632 ea

137 671 245 728 ratione
266 671 388 746 Spiritus
403 670 524 728 Sanctus
537 668 650 728 daretur
662 678 739 728 certo
754 680 783 727 et
795 669 938 738 universe,
953 689 1020 728 eum
1042 668 1135 729 adhue
1156 670 1218 729 dari
1233 671 1340 731 eodem

138 769 192 827 ritu
207 787 324 827 necesse
338 781 401 837 eutr
422 779 451 827 et
464 768 582 846 proinde
596 767 808 846 agnoscendum
834 777 878 826 est
891 768 959 827 novi
973 768 1153 828 Testamenti
1169 769 1342 829 Sacramen-

140 878 210 935 tum,
224 885 292 940 quo,
307 867 448 944 impositis
463 867 604 934 manibus,
619 875 648 924 et
660 866 724 924 susa
736 884 820 943 prece
835 868 870 925 ab
883 867 1086 944 Apostolorum
1108 867 1341 937 successoribus,

141 963 263 1039 Spiritus
279 963 401 1022 Sanctus
422 963 554 1022 fidelibus
576 965 683 1036 absque
706 981 795 1021 sexus
808 963 853 1022 vel
872 963 1044 1022 conditionis
1059 963 1225 1023 discrimine
1246 965 1340 1034 datur,

140 1063 238 1134 utique
256 1071 287 1119 ut
298 1048 402 1120 divinis
416 1062 500 1121 donis
515 1063 705 1139 perficiantur.

179 1163 208 1216 8.
229 1159 384 1236 Apostolus
412 1159 519 1218 Paulus
547 1157 673 1236 prosectd
697 1159 911 1236 impositionem
937 1177 1073 1218 manuum
1101 1177 1170 1217 cum
1194 1160 1342 1237 baptismo

143 1258 300 1334 conjungit,
323 1257 410 1316 veluti
433 1258 597 1336 primarium
619 1259 715 1326 ritum,
740 1258 858 1331 dequo
882 1257 1002 1316 edacem
1022 1259 1084 1336 jam
1109 1277 1168 1316 nou
1193 1260 1344 1336 oportebat

143 1356 243 1415 fideles
265 1358 353 1415 sacris
375 1358 517 1416 imbutos:
542 1358 753 1435 “Quapropter
773 1357 988 1416 intermittentes
1009 1358 1200 1417 inchoationis
1230 1357 1342 1418 Christi

145 1472 320 1523 sermonem,
342 1454 377 1512 ad
396 1455 564 1532 perfectiora
591 1455 722 1522 feramur,
744 1474 802 1513 non
822 1473 933 1514 rursum
957 1455 1096 1532 jacientes
1124 1455 1344 1516 fundamentum

55 1615 60 1627 ι
141 1549 314 1626 poenitentiae
328 1551 362 1608 ab
373 1551 508 1627 operibus
523 1551 652 1618 mortuis,
668 1561 696 1608 et
709 1549 824 1608 fideiad
837 1549 933 1608 Deum
948 1570 956 1618 ς
978 1550 1179 1628 baptismatum
1193 1552 1343 1622 doctrinar,

141 1646 336 1722 impositionis
364 1665 479 1720 quoque
504 1647 687 1705 manuum.'’²
728 1646 800 1705 llaeo
828 1666 964 1707 manuum
992 1648 1139 1726 impositio
1166 1650 1344 1727 baptismum

141 1762 266 1817 sequens
281 1746 354 1803 inter
367 1746 434 1803 fidei
456 1744 614 1804 rudimenta
627 1745 755 1818 ritusque
768 1745 872 1819 quibus
886 1745 986 1804 fideles
1008 1746 1201 1816 initiabantur,
1213 1766 1345 1808 recense·

142 1852 197 1908 tur,
213 1841 336 1915 ideoque
350 1842 480 1901 habenda
492 1854 536 1901 est
549 1844 681 1902 omuibus
694 1843 866 1910 communia,
876 1853 973 1920 utpote
985 1845 1115 1904 omnium
1127 1863 1196 1923 ergo
1211 1865 1346 1924 apraesu·

141 1938 216 1997 libus
231 1939 372 1998 Ecclesiae
387 1940 555 2017 peragenda.

201 2034 356 2095 Probatur
369 2035 413 2095 II.
437 2055 473 2096 en
486 2036 643 2097 Patribus.

182 2134 210 2189 9.
227 2132 259 2191 S.
272 2130 458 2201 Orrnmuus,
472 2133 594 2205 loquens
608 2132 643 2191 de
656 2133 814 2202 Samnitis,
825 2131 914 2191 dicit:
931 2143 951 2170 ‘⁶
961 2134 1029 2207 qnia
1037 2134 1199 2212 legitimum
1210 2146 1240 2195 et
1254 2138 1347 2196 eccle·

142 2230 287 2289 siasticnm
311 2231 484 2308 baptismum
505 2233 652 2290 consecuti
665 2231 784 2300 fueraut,
799 2233 938 2309 baptizari
957 2252 1007 2293 eos
1028 2234 1101 2293 ultra
1112 2254 1170 2294 nou
1185 2237 1346 2313 oportebat,

142 2325 192 2384 sed
205 2325 400 2386 tantummodo
414 2327 491 2401 quod
511 2327 616 2396 deerat,
631 2327 661 2385 id
674 2347 690 2385 a
704 2329 790 2386 Petro
804 2339 832 2386 et
844 2327 864 2386 J
866 2347 957 2387 oanne
972 2332 1079 2388 facturn
1093 2340 1147 2399 est,
1162 2341 1195 2390 ut
1208 2334 1340 2393 oratioue

143 2442 195 2501 pro
217 2426 258 2483 eis
274 2425 377 2494 habita,
392 2436 420 2485 et
433 2445 518 2485 manu
532 2426 677 2504 imposita,
702 2427 881 2485 invocaretur
906 2437 936 2485 et
957 2427 1152 2486 infunderetur
1173 2448 1263 2507 super
1289 2451 1342 2492 eos

144 2526 268 2604 Spiritus
283 2527 414 2583 Sanctus.
457 2523 541 2591 Quod
555 2543 631 2582 nunc
643 2543 757 2597 quoque
772 2523 847 2600 apud
860 2543 913 2582 nos
927 2525 1042 2601 geritur,
1053 2534 1084 2583 ut
1097 2527 1146 2599 qui
1160 2528 1191 2585 in
1206 2529 1346 2589 Ecclesia
1356 2524 1383 2601 ’.,

143 2625 331 2699 baptizantur,
347 2622 506 2696 praepositis
527 2620 667 2677 Ecclesiae
683 2621 846 2688 offerantur,
861 2633 889 2679 et
904 2641 954 2698 per
974 2632 1100 2682 nostram
1126 2626 1288 2686 orationem
1311 2645 1346 2687 ao

62 2720 65 2736 '
145 2718 465 2794 manusimpositionem
479 2715 617 2792 Spiritum
627 2717 761 2775 Sanctum
772 2730 990 2792 consequantur,
1000 2729 1028 2778 et
1039 2716 1186 2798 signaculo
1198 2722 1356 2786 dominico

145 2813 424 2876 consumrnentur.”⁸
465 2814 587 2890 Agnovit
601 2815 685 2891 igitur
697 2814 862 2892 Cyprianus
878 2817 954 2876 illam
970 2838 1107 2891 manuum
1121 2821 1341 2897 impositionem

146 2932 211 2972 cum
237 2913 363 2970 oratione
385 2911 533 2986 baptizatis
556 2910 666 2980 deesse,
682 2921 779 2991 utpote
800 2932 860 2971 rem
875 2934 937 2988 quae
959 2915 993 2974 ad
1020 2935 1117 2975 eorum
1140 2919 1347 2994 perlectionem

146 3010 311 3089 spectabat:
334 3011 477 3081 ritumque
497 3027 561 3066 esse
583 3019 648 3086 post
675 3010 879 3085 Apostolorum
899 3023 1010 3072 aetatem
1036 3015 1066 3072 in
1094 3015 1229 3075 Ecclesia
1250 3018 1345 3078 adhuc

147 3108 301 3185 vigentem,
318 3124 374 3179 quo
389 3105 512 3180 Spiritus
534 3106 655 3162 Sanctus
675 3105 879 3165 conserebatur.
922 3108 1000 3167 Eum
1023 3110 1240 3172 Sacramentum
1262 3125 1347 3173 vocat

148 3221 206 3266 nna
235 3223 300 3262 cum
325 3203 487 3280 baptismo:
511 3203 646 3260 “,Parum
667 3214 711 3262 est
731 3205 772 3262 eis
795 3224 896 3263 manus
916 3206 1064 3285 imponere
1089 3209 1124 3265 ad
1148 3210 1348 3287 accipiendum

149 3305 287 3382 Spiritum
309 3303 455 3369 Sanctum,
477 3300 533 3358 nisi
556 3301 694 3377 recipiant
718 3313 746 3361 et
765 3303 905 3363 Ecclesiae
932 3306 1117 3382 baptismum.
1160 3307 1248 3366 Tunc
1270 3311 1347 3369 enim

147 3405 231 3482 plene
252 3400 431 3468 sanctificari,
447 3411 475 3457 et
494 3417 559 3457 esse
580 3399 633 3457 filii
654 3401 709 3458 Dei
730 3413 860 3478 possunt,
882 3403 907 3460 si
927 3413 1048 3478 utroque
1070 3406 1257 3467 Sacramento
1279 3427 1345 3468 nas·

150 3500 296 3561 cautur.'’³

171 3642 173 3647 s
191 3603 238 3657 10.
261 3598 292 3654 S.
308 3597 500 3654 Auensunvus
517 3593 665 3653 Christum
680 3613 744 3652 esse
765 3594 861 3654 Deum
882 3597 983 3674 probat
996 3618 1033 3657 ex
1047 3618 1083 3658 eo
1097 3599 1172 3673 quod
1195 3600 1350 3678 Apostolo-

150 3715 214 3756 rum
227 3693 384 3752 ministerio
405 3690 513 3748 dederit
527 3691 666 3768 Spiritum
682 3692 838 3751 Sanctum:
863 3695 997 3768 “Neque
1018 3696 1128 3765 enim‚''
1143 3698 1247 3771 inquit,
1265 3707 1286 3734 ‘⁴
1300 3699 1349 3758 ali·

151 3794 217 3868 quis
246 3789 450 3866 discipulorum
479 3789 540 3865 ejus
569 3788 647 3847 dedit
675 3791 813 3867 Spiritum
842 3792 989 3852 Sanctum.
1031 3795 1157 3854 Orabant
1184 3798 1294 3874 quippe
1322 3808 1353 3855 ut

151 3891 261 3950 veniret
280 3889 311 3945 iu
338 3905 387 3944 eos
414 3887 515 3960 quibus
545 3907 645 3945 manus
672 3889 865 3966 imponebant,
889 3909 946 3948 non
961 3893 1017 3968 ipsi
1040 3913 1106 3953 eum
1120 3894 1241 3964 dabant;
1265 3915 1352 3970 quern

150 4005 260 4048 morem
276 3986 305 4042 in
320 3986 379 4043 suis
393 3984 553 4061 praepositis
568 3987 653 4042 etiam
667 4005 743 4045 nunc
754 3998 847 4044 servat
861 3988 1042 4046 Ecclesia.”⁴
1067 3991 1152 4060 Quod
1166 3994 1255 4052 fiebat
1267 3996 1352 4072 igitur

154 4085 189 4142 ab
203 4080 359 4159 Apostolis‚
376 4081 405 4138 in
419 4081 552 4139 Ecclesia
565 4083 672 4140 servari
686 4084 886 4158 perrexitque
900 4085 1009 4144 scilicet
1020 4098 1079 4146 erat
1092 4090 1245 4170 ministerii
1260 4092 1354 4169 Apos-

152 4179 230 4240 tolici
244 4186 333 4246 actus,
356 4186 385 4235 et
397 4177 519 4254 proinde
534 4197 632 4237 eorum
655 4180 867 4239 successoribus
893 4185 1065 4243 communis.
1108 4185 1240 4248 Gratiam
1256 4200 1353 4249 autem

447 4353 487 4418 (l)
506 4353 613 4409 Hebri.
626 4357 648 4403 1.

447 4442 484 4500 (a)
501 4438 549 4504 Ep.
561 4439 592 4489 su
602 4426 720 4519 tuipsa.

451 4527 489 4586 (a)
509 4525 557 4591 Ep.
573 4524 683 4583 uxum
694 4528 855 4595 stephanum.

451 4611 493 4678 (4)
513 4608 542 4659 L.
553 4626 593 4661 xv.
604 4613 634 4663 de
645 4612 765 4666 Trinitate
776 4632 797 4667 c.
808 4616 876 4668 xxvi.
