2774 5056
148 307 204 364 lto
475 302 531 363 DE
553 302 653 363 RITU
676 299 1001 361 EUCHARISTIGO.

144 461 244 530 nem,”
259 471 365 520 tantum
380 460 514 520 indicavit
526 480 558 520 se
572 460 645 520 velle
657 470 689 519 ut
702 460 834 536 Apostoli
847 458 914 518 dum
930 458 1054 527 ederent,
1066 457 1241 524 bibereutvc,
1257 454 1337 513 illius

144 561 335 627 meminerint,
351 577 408 632 quo
422 577 488 617 cum
500 571 566 618 tunc
581 558 680 617 ultima
694 558 756 615 vice
770 557 1014 616 convivabantur.¹

181 655 272 733 Resp.
294 657 386 714 Obvia
399 655 443 714 ris
459 657 607 714 verborum
622 664 666 712 est
679 654 759 732 ipsos
774 653 866 712 facere
880 652 983 711 debere
998 652 1075 726 quod
1096 651 1209 719 fecerat,
1225 661 1337 710 etcum

142 752 172 811 in
187 753 318 810 finem-ut
331 752 406 810 illius
420 752 589 810 memoriam
602 750 786 819 celebrarent,
798 751 834 809 iis
846 749 961 828 prolatis
972 750 1067 809 verbis
1080 768 1145 824 quae
1159 748 1336 825 protulerat:

141 849 260 926 proinde
273 867 331 907 non
345 859 465 926 potsunt
478 847 513 907 ds
528 849 654 922 quolibet
673 846 804 906 convivio
819 847 965 923 explicari.
1007 846 1154 919 Equidem
1175 845 1338 923 Apostolus

141 947 247 1006 Paulus
262 965 295 1004 ea
309 946 344 1004 ad
358 947 442 1005 ritum
455 948 485 1004 in
500 965 558 1020 quo
569 947 651 1025 panis
662 958 691 1004 et
705 946 802 1003 vinum
815 945 993 1012 adhibentur,
1002 943 1111 1022 adjecta
1123 943 1336 1009 benedictione,

140 1043 251 1102 retulit:
274 1052 294 1080 ‘⁶
309 1042 394 1101 Calin
408 1043 625 1111 benedictionis,
640 1043 686 1101 cui
699 1041 906 1110 benedicimus,
921 1058 1015 1099 nonne
1030 1041 1256 1100 communicatio
1271 1058 1337 1098 sau·

139 1141 234 1218 guinis
250 1141 358 1199 Christi
372 1142 437 1201 estf
458 1153 486 1200 et
499 1144 592 1220 panis,
610 1159 696 1216 quem
716 1140 885 1217 frangimus,
896 1157 991 1197 noune
1012 1139 1191 1218 participatio
1204 1137 1335 1216 corporis

139 1237 257 1298 Domini
272 1239 369 1297 estf”⁹
824 1291 826 1294 ,

178 1341 208 1395 7.
233 1333 300 1414 obj.
315 1339 344 1394 3.
367 1335 413 1395 De
436 1334 576 1394 conviviis
602 1333 801 1392 communibus
822 1332 1050 1402 christianorum,
1066 1350 1130 1407 quae
1155 1320 1273 1407 quidam
1296 1348 1354 1391 ex.

138 1433 227 1492 animi
250 1433 452 1510 superstitione
480 1452 590 1492 coenam
617 1431 799 1491 Dominicam
814 1431 961 1499 vocabant,
976 1431 1035 1508 agit
1057 1430 1224 1509 Apostolus,
1246 1430 1278 1488 in
1296 1428 1334 1488 iis
1357 1426 1361 1437 '

88 1567 96 1591 t
138 1529 245 1606 quippe
269 1530 340 1588 ebrii
363 1541 442 1588 erant
464 1529 591 1604 quidam,
606 1529 653 1586 vel
672 1546 737 1587 sese
758 1528 829 1586 cibis
852 1527 1071 1604 ingurgitabant.
1113 1527 1175 1586 Eos
1196 1526 1286 1604 igitur
1298 1536 1355 1585 ut·-

136 1625 278 1695 emendet,
293 1626 362 1684 dicit
376 1627 459 1704 plane
471 1645 528 1686 non
537 1644 602 1685 esse
611 1644 720 1684 coenam
732 1623 909 1703 hujusmodi,
919 1644 1005 1700 quam
1017 1623 1090 1685 falso
1103 1625 1159 1684 sibi
1168 1625 1332 1702 fingebant:

135 1710 202 1782 nom
217 1743 298 1782 coena
312 1743 378 1782 vera
390 1724 525 1802 spiritalis
539 1733 592 1792 est,
608 1733 637 1781 et
650 1723 830 1799 mysterium.

174 1819 263 1898 Resp.
280 1820 464 1880 Celebrantur
478 1821 594 1895 quidem
608 1841 624 1879 a
639 1820 811 1879 Christianis
826 1819 967 1888 convivia,
983 1837 1048 1894 quae
1061 1833 1162 1896 Apuani
1175 1829 1277 1898 utpote
1290 1819 1332 1879 di·

134 1918 264 1978 lectionis
278 1918 405 1978 fraterne
419 1919 534 1988 indicia,
549 1921 730 1987 vocabantur,
745 1937 809 1993 quae
824 1927 918 1977 tamen
939 1917 1016 1995 apud
1032 1917 1199 1978 Corinthios
1221 1920 1330 1996 gravia,

134 2036 197 2092 quae
211 2018 302 2095 plorat
314 1999 480 2096 Apostolus,
494 2019 593 2077 habuit
605 2016 795 2076 incommoda.
819 2017 860 2075 Ut
873 2034 922 2074 eos
937 2018 972 2074 ab
983 2017 1149 2075 excessibus
1163 2015 1329 2087 deterreret,

133 2118 182 2191 qui
197 2135 261 2175 cum
277 2117 392 2194 indigna
405 2117 582 2175 eucharistie
597 2117 758 2194 sumptione
773 2126 833 2174 erat
845 2116 1001 2194 conjuncti,
1016 2117 1124 2194 quippe
1139 2114 1175 2174 ad
1188 2134 1254 2176 earn
1265 2136 1331 2176 con·

133 2213 205 2270 uivae
219 2213 499 2282 etiamaccedebaut,
514 2213 543 2272 in
566 2213 734 2271 memoriam
748 2213 784 2271 iis
804 2213 949 2271 revocarit
963 2232 1048 2287 quarn
1071 2213 1224 2272 tradiderat
1244 2215 1331 2293 hujus

55 2373 57 2377 4
132 2310 308 2371 sacramenti
322 2312 461 2390 originem
481 2312 538 2370 sibi
562 2311 699 2370 divinitus
713 2311 875 2370 revelatam.
920 2310 985 2369 Hoc
1006 2331 1116 2371 coenam
1144 2312 1330 2373 Dominicam

131 2408 310 2487 designatum
324 2428 461 2469 essenon
481 2418 602 2478 constat,
617 2426 706 2483 quum
720 2408 853 2468 convivio
867 2426 973 2468 nomeu
987 2409 1083 2485 potius
1097 2407 1193 2467 datum
1209 2429 1331 2471 censen·

131 2505 199 2565 durn
214 2507 260 2565 sit.
302 2506 407 2566 Meritb
422 2517 507 2584 negat
521 2505 686 2583 hujusmodi
707 2505 870 2564 convivium
886 2504 941 2564 dici
963 2525 1049 2582 posse
1063 2504 1174 2564 coenam
1197 2506 1329 2576 Domini,

131 2623 220 2678 quum
232 2606 292 2683 jam
307 2624 365 2663 non
379 2606 460 2663 fieret
470 2603 505 2661 ad
517 2605 605 2662 instar
618 2604 694 2661 illius
706 2623 795 2662 coenae
808 2623 893 2677 quam
907 2615 971 2662 ante
985 2605 1145 2663 institutum
1161 2605 1331 2665 Sacramen-

130 2709 190 2757 tum
205 2718 269 2758 cum
284 2699 432 2776 discipulis
447 2699 522 2757 fecit.
566 2698 709 2758 Caeterum
725 2701 843 2757 omnino
858 2699 1008 2758 affirmavit
1027 2714 1238 2760 sacramentum
1254 2705 1329 2762 cele·

129 2796 267 2855 brandum
280 2815 355 2865 esse,
370 2795 419 2854 sed
434 2815 537 2872 magua
548 2797 635 2854 animi
650 2798 781 2873 puritate,
796 2797 830 2873 ad
846 2797 922 2857 diem
937 2817 1028 2872 usque
1042 2799 1179 2858 adventus
1195 2800 1328 2860 Domini.

169 2898 198 2951 8.
225 2891 290 2973 Obj.
306 2897 335 2952 4.
357 2892 452 2951 Voces
475 2892 529 2950 illae
556 2892 676 2951 “donec
699 2894 814 2952 veniat”
838 2894 1029 2972 intelligendae
1053 2905 1120 2954 sunt
1141 2895 1176 2954 de
1202 2896 1327 2956 adventu

130 2989 239 3048 christi
264 2991 292 3049 in
318 2988 403 3048 corda
427 2988 587 3057 homiuum,
612 2989 769 3048 Corinthiis
796 2992 904 3068 quippe
929 2992 1021 3050 adhuc
1050 2992 1171 3050 infirmis
1199 2994 1328 3071 permitti

128 3088 230 3165 potuit,
245 3087 286 3146 nd
298 3093 422 3164 ternpus,
438 3094 468 3144 ut
481 3086 570 3162 signis
585 3086 642 3143 illis
655 3095 809 3155 uterentur,
825 3106 888 3160 quae
903 3087 965 3147 aliis
981 3107 1047 3147 cum
1062 3088 1181 3147 Christo
1200 3091 1262 3167 jam
1284 3110 1327 3149 re·

128 3185 281 3254 suscitatis,
297 3184 367 3244 etin
382 3184 544 3242 coelestibus
558 3183 781 3252 considentibus,
796 3187 900 3243 mentis
922 3186 1091 3264 cogitatione
1104 3197 1132 3245 et
1146 3187 1249 3246 affectu
1266 3208 1326 3247 cor·

127 3281 182 3351 dis,
197 3295 263 3342 sunt
277 3281 430 3360 superflua.

133 3371 137 3383 ⁸
165 3379 254 3459 Resp.
277 3379 414 3439 Parallela
427 3379 491 3437 loca
504 3396 567 3452 quac
581 3377 752 3437 adduximus
767 3378 921 3438 ostendunt
935 3378 971 3437 dc
985 3379 1105 3439 Domini
1128 3380 1252 3440 adventu
1275 3403 1326 3443 ex·

125 3480 231 3548 teriori,
246 3480 275 3538 in
291 3479 348 3537 fine
363 3477 471 3546 saeculi,
486 3495 550 3534 esse
565 3494 737 3534 sermonem.
769 3477 859 3554 Igitur
872 3477 947 3536 haud
960 3476 994 3536 ad
1007 3490 1130 3556 tempus,
1144 3479 1197 3538 sed
1208 3500 1325 3560 semper

124 3575 188 3635 data
202 3586 246 3634 est
259 3576 375 3635 facultas
389 3585 508 3634 mortem
524 3574 643 3632 Domini
657 3574 832 3632 Sacramenti
852 3575 1040 3634 celebratione
1061 3581 1320 3639 commemorandi.

125 3673 191 3731 Nec
205 3673 324 3731 infirmis
339 3681 447 3731 tautum
461 3673 499 3730 ita
513 3671 685 3739 consultum,
700 3690 787 3745 quum
810 3673 965 3749 Apostolus
987 3674 1119 3731 omnibus
1141 3674 1272 3753 injungat
1293 3688 1325 3735 ut

124 3767 209 3826 corde
223 3766 358 3825 mundato
373 3766 408 3824 ad
422 3767 516 3825 cibum
531 3766 610 3824 illum
625 3767 769 3825 coelestem
784 3766 990 3844 degustandum
1014 3766 1159 3827 accedant.

164 3868 193 3922 9.
219 3862 285 3942 Obj.
302 3868 330 3921 5.
352 3865 423 3931 Quae
439 3862 572 3920 Christus
587 3863 706 3921 lavando
725 3865 925 3940 Apostolorum
937 3865 1029 3948 pedes
1044 3865 1127 3933 dixit,
1144 3877 1320 3944 praeceptum

124 3963 219 4041 potius
240 3972 351 4036 sonant,
365 3980 449 4035 quam
464 3979 527 4036 quae
542 3960 576 4018 de
599 3980 670 4038 pene
691 3972 720 4020 et
741 3964 807 4020 vino
824 3963 957 4039 protulit:
980 3975 1104 4021 attamen
1126 3984 1212 4024 ncrno
1240 3986 1272 4025 se
1288 3967 1321 4025 ad

123 4079 189 4120 eum
205 4059 371 4118 imitandum
386 4078 420 4117 ea
434 4060 463 4118 in
475 4076 506 4119 re
519 4059 610 4119 teneri
624 4069 733 4118 censet.

161 4157 251 4236 Resp.
272 4156 321 4214 Ex
335 4167 392 4214 tota
404 4156 446 4217 rei
459 4166 545 4234 gestu
559 4155 694 4216 relatione
708 4156 775 4214 satis
787 4156 929 4234 colligitur
942 4157 1129 4216 humilitatem
1144 4161 1227 4220 nobis
1240 4183 1320 4224 com·
1354 4152 1357 4157 ’

122 4253 261 4321 meudun,
277 4251 346 4325 quin
360 4260 437 4311 actus
452 4251 514 4328 ipse
527 4252 616 4331 pedes
630 4253 741 4312 lavandi
756 4252 881 4312 districte
896 4256 1087 4332 praecipiatur.
1132 4255 1280 4320 Craterum
1296 4264 1322 4321 si

122 4372 178 4426 qua
188 4351 253 4411 inde
263 4348 329 4408 oriri
341 4358 439 4426 posset
451 4316 597 4419 dubitatio,
612 4369 650 4410 ex
663 4351 866 4428 Apostolorum
881 4353 965 4411 rebus
979 4353 1067 4430 gestis
1078 4361 1106 4411 et
1120 4352 1317 4429 documentis,

121 4462 198 4510 etex
214 4449 299 4509 totius
314 4445 485 4522 antiquitatis
500 4446 660 4508 christiane
674 4466 761 4507 sensu
776 4459 804 4506 et
817 4468 870 4517 usu
886 4449 967 4509 facile
983 4454 1175 4512 excuteretur.

517 4605 559 4671 (1)
577 4604 680 4670 Bsrnluy
691 4605 763 4672 Prop.
775 4606 826 4657 xiii.
836 4584 892 4668 §ll

517 4690 558 4756 (2)
577 4690 596 4741 Ι.
609 4690 753 4741 Gor.x.16.
780 4756 783 4761 ἱ
