2774 5056
527 311 585 374 DE
607 310 913 375 conpassione
1229 318 1289 377 847

91 469 263 550 penitentia
284 478 385 530 secuta
397 479 463 549 pert
481 471 606 550 culpam,
619 480 651 531 ιιι
664 490 737 547 quea
758 472 941 550 omnipotene
963 471 1045 532 Deua
1064 490 1117 551 per
1134 491 1289 551 cumpunc-

93 567 181 629 tionie
195 566 315 644 gratiam
330 567 513 636 viritatillca
527 570 651 646 pastoria
673 568 813 628 sententia
834 568 970 627 absolvat.
1011 568 1098 628 'l'unc
1120 570 1198 629 enim
1222 587 1290 629 vera

92 674 138 724 eet
150 664 292 725 abcelutio
306 664 496 742 presidentia,
510 683 577 725 cum
598 666 696 725 etemi
719 665 864 725 arbitrium
885 666 1014 740 requitur
1022 666 1223 745 judicir.”-¹‘
1235 667 1290 726 La·

93 782 163 823 aare
175 781 245 840 ergo
259 761 382 824 dicitur:
403 764 480 823 Veni
500 764 596 823 seraa:
617 783 651 823 ac
671 765 696 822 ei
710 773 806 842 aperte
820 764 936 823 cuilibet
948 776 1061 826 mertun
1074 765 1104 825 in
1117 766 1203 844 culpa
1215 765 1291 825 dice·

92 869 191 921 retur:
214 858 277 918 Gur
300 869 409 919 reatum
434 869 514 919 tuum
535 860 608 919 iutra
628 861 834 919 conscientiam
848 860 1023 920 abacoudial
1063 838 1152 921 llam
1163 863 1225 940 jam
1239 880 1292 940 per

92 957 307 1018 consensionem
321 957 466 1035 egredere,
478 959 528 1031 qui
542 955 618 1035 apud
631 967 659 1016 te
673 959 791 1017 interim
805 976 857 1036 per
867 959 1048 1036 negationem
1062 959 1144 1018 later.
1185 960 1292 1020 Veniet

93 1057 192 1131 itaque
216 1057 292 1115 forae
314 1067 453 1125 manuus,
480 1055 511 1115 id
530 1067 575 1115 eet
601 1056 714 1134 cuipam
740 1056 907 1116 confiteatur
933 1068 1076 1134 peccator.
1115 1057 1289 1120 Venientem

93 1152 172 1213 sorae
185 1153 298 1213 abluant
317 1151 461 1231 diacipuli,
482 1163 514 1210 ιιι
537 1162 666 1231 pastores
687 1152 828 1211 Eccleeie
848 1153 876 1211 ci
897 1172 1011 1230 poenam
1025 1153 1147 1214 debeam
1156 1172 1290 1215 amouere

95 1273 186 1330 quam
200 1254 313 1322 meruit,
329 1255 379 1327 qui
392 1273 451 1313 non
462 1253 574 1313 erubuit
587 1253 716 1313 confiteri
731 1252 808 1326 quod
821 1251 935 1312 fecit.”⁴

136 1351 291 1413 Probatur
304 1350 366 1411 III.
382 1351 575 1411 conciliorum
588 1350 777 1411 cetberitcte.

137 1452 188 1510 00.
209 1449 382 1509 Ooucmrnrr
395 1449 596 1509 Laourcrrrrurr
610 1448 753 1508 decrevit:
775 1457 795 1485 ‘⁶
805 1447 852 1507 De
866 1447 911 1506 hia
926 1448 975 1523 qui
985 1447 1105 1508 diversis
1119 1450 1292 1511 facinoribus

101 1558 304 1629 peccaverunt,
331 1557 360 1607 et
380 1557 593 1625 perseveranter
613 1548 644 1607 in
672 1547 800 1607 oratioue
826 1547 1057 1607 consessioniaet
1080 1550 1295 1627 penitentie—

96 1643 335 1718 npmapaerpowrcis
355 1645 389 1717 τῆ
408 1644 783 1717 κροσιυιῆτηςιξορωιοῃσεως
801 1645 843 1699 eal
861 1647 1242 1714 mmm-convenionam
1278 1668 1295 1707 a

97 1745 185 1806 malie
195 1743 493 1822 babuere'perlectam,
508 1764 561 1822 pro
582 1744 714 1818 qualitate
726 1744 833 1813 delicti,
847 1745 951 1804 talibus
962 1755 1029 1822 poet
1038 1746 1212 1822 poeniteutiae
1224 1758 1295 1806 tem·

97 1860 156 1922 pur
169 1842 344 1919 impensum,
355 1843 483 1921 {propter
496 1840 676 1901 clementiam
689 1850 719 1900 et
732 1842 888 1901 bonitatem
904 1841 958 1900 Dei
972 1843 1139 1901 communic
1153 1842 1292 1903 mucan-¹

98 1940 194 2001 tunm

143 2040 211 2095 100.
233 2035 405 2096 Coracium
430 2036 644 2095 Cremonam
670 2033 694 2094 1.
718 2054 794 2094 aune
816 2039 895 2094 650:
924 2044 945 2073 ‘⁶
958 2034 1004 2094 De
1031 2037 1200 2114 penitentia
1226 2038 1294 2097 vend

99 2142 295 2214 peccatorum,
309 2153 373 2207 que
387 2145 432 2192 eat
445 2132 556 2193 medela
569 2135 681 2202 anime,
695 2133 794 2191 utilem
809 2150 874 2191 eree
887 2132 1052 2193 hominibus
1073 2152 1245 2193 censemur:
1267 2145 1297 2194 et

98 2243 134 2292 ut
147 2232 381 2310 penitentibuaa
402 2231 594 2291 cacerdotibus
609 2230 673 2290 data
685 2231 866 2291 consessione
887 2230 1026 2291 indicatur
1045 2233 1221 2311 penitentia,
1235 2235 1299 2292 uni·

99 2327 222 2388 reraitaa
236 2327 415 2387 sacerdotum
429 2329 556 2387 noscitur
570 2326 779 2387 conaerrtire.”⁸

145 2430 214 2486 101.
236 2426 406 2487 Tauaurrra
416 2427 556 2486 Srucnue
570 2445 646 2485 anno
659 2429 738 2485 aaz:
761 2434 781 2463 ‘⁸
794 2423 914 2503 Oportet
926 2436 1020 2489 autern
1029 2445 1090 2495 eoa,
1106 2428 1155 2501 qui
1166 2428 1297 2489 solvendi

102 2522 252 2602 etligandi
266 2533 467 2602 potestatama
488 2522 552 2582 Deo
574 2541 720 2602 accepera,
741 2522 851 2600 peccati
874 2522 1036 2596 qualitatem
1059 2525 1247 2596 considerare,
1269 2536 1298 2586 ct

102 2622 233 2700 ejusqui
247 2623 376 2700 peccavit
388 2622 424 2681 ad
438 2622 655 2682 couversionem
676 2631 841 2700 promptum
861 2620 998 2691 studium,
1013 2632 1042 2681 et
1060 2623 1104 2682 ric
1118 2624 1217 2683 morbo
1231 2643 1298 2686 con·

102 2718 268 2780 venientem
281 2719 381 2780 afferre
395 2719 612 2780 medicinam.”⁴

148 2821 215 2877 102.
236 2817 422 2877 Tunounrran
436 2818 490 2878 lll.
505 2837 669 2879 concmrmr
681 2834 757 2877 auno
781 2821 840 2876 818
854 2816 957 2877 docet:
981 2826 1001 2855 ‘⁶
1011 2817 1156 2897 episcopia
1178 2829 1207 2879 et
1220 2840 1300 2900 prea-

104 2914 216 2990 byteria
235 2914 365 2992 diligenti
387 2914 496 2973 cautela
516 2914 742 2992 pertractandum
763 2922 817 2983 eet,
839 2915 960 2988 qualiter
985 2914 1149 2975 homiuibus
1170 2936 1223 2976 aue
1242 2920 1299 2978 eibi

105 3012 210 3072 delicta
222 3013 421 3072 conductibus
435 3023 549 3091 tempus
563 3013 724 3074 abstinendi
738 3013 908 3081 adscribant,
921 3023 953 3072 ut
961 3014 1046 3092 juxta
1060 3014 1176 3093 medum
1190 3018 1299 3095 peccati

104 3108 310 3188 penitentibus
324 3109 493 3169 abstinentia
516 3109 672 3168 indicatur:
695 3109 831 3182 quonlam
853 3110 929 3168 varie
943 3111 977 3167 ab
992 3111 1133 3184 aliquibus
1147 3112 1300 3172 sacerdoti·

105 3207 163 3265 bue
177 3215 207 3264 et
228 3204 380 3264 indiscrete
403 3206 465 3265 haec
482 3205 592 3283 judicia
616 3204 806 3282 proferuntur.
846 3204 917 3263 Ideo
941 3208 1133 3266 neceesarium
1154 3208 1301 3269 videbatur

107 3303 203 3372 nebia,
217 3322 284 3363 cum
298 3322 399 3364 omnes
412 3305 543 3381 episcopi
561 3303 595 3362 ad
618 3321 730 3362 sacrum
753 3301 887 3380 palatium
902 3307 1064 3380 congregati
1079 3304 1192 3372 fuerint,
1207 3306 1242 3365 ab
1257 3308 1300 3366 eia

108 3400 234 3469 edoceri,
248 3401 330 3479 cujus
345 3384 526 3474 antiquorum
539 3399 611 3459 liber
624 3398 827 3477 penitentialis
841 3398 1025 3476 potissimum
1039 3401 1077 3458 ait
1089 3402 1302 3474 sequendue.”⁶

148 3496 313 3558 Concilium
328 3498 521 3557 Gabiloueuae
534 3497 575 3556 ll.
590 3507 620 3556 et
642 3496 807 3556 Rhemeuae
828 3495 930 3557 eodem
951 3516 1026 3557 anuo
1047 3496 1151 3567 habita,
1165 3512 1195 3559 et
1215 3500 1301 3561 Wor-

110 3596 251 3657 metiente
265 3614 340 3656 anno
353 3600 412 3655 808
428 3595 523 3653 ridere
536 3595 622 3654 etiam
635 3594 711 3653 licet.

150 3689 301 3753 Probatur
314 3689 371 3753 IV.
386 3709 423 3753 re
434 3690 582 3753 carridrra
595 3689 681 3750 libria
688 3689 953 3769 poeaitmtialibrrr.

155 3793 222 3849 108.
242 3791 331 3850 Extat
343 3791 415 3850 liber
428 3789 628 3869 penitentialis
642 3789 764 3848 loannis
777 3790 958 3868 jejunatoris,
980 3791 1145 3868 patriarche
1160 3792 1304 3853 Oonatan·

109 3887 302 3965 tinopclltani‚
316 3890 371 3947 aub
384 3889 470 3948 finem
485 3886 584 3949 eaeculi
595 3886 681 3954 sexti,
696 3904 783 3960 quem
797 3904 834 3945 ex
847 3887 945 3947 codice
960 3888 1152 3966 manuscripto
1166 3891 1305 3968 quingen·

108 3995 207 4046 terum
220 4002 359 4043 annorum
371 3984 518 4042 vetustatis
532 3982 682 4060 descripsit
693 3993 757 4041 aute
769 3982 825 4041 duo
837 3983 894 4042 sere
905 3983 1009 4042 recula
1021 3984 1148 4043 loannes
1160 3987 1302 4045 Marinus.

108 4082 147 4144 In
161 4099 197 4142 ec
211 4079 345 4141 sacerdos
365 4080 408 4140 alc
429 4081 580 4155 alloquitur
598 4081 806 4157 poeniteutem:
828 4090 848 4117 “
862 4080 1023 4159 Spiritualir
1045 4082 1097 4152 fili,
1118 4102 1173 4162 ego
1193 4085 1303 4143 conlea-

512 4314 555 4380 (ι)
573 4312 649 4365 Hom.
659 4314 727 4366 mi.
739 4314 765 4365 in
775 4313 870 4378 bivang.

511 4400 552 4467 (2)
573 4399 636 4451 (lan.
647 4400 673 4452 ii.

512 4487 554 4552 (8)
575 4485 638 4536 (lau.
648 4486 699 4541 viil.

511 4572 553 4640 (4)
573 4570 636 4623 Can.
647 4573 686 4625 cii.

508 4659 548 4726 (b)
568 4656 631 4710 Gan.
641 4658 703 4710 xxii.
