2774 5056
505 304 562 367 DE
585 305 894 369 CONTRITIONE.
1235 308 1296 366 885

93 462 245 532 riothium,
260 465 394 542 probatus
409 474 475 524 est:
497 474 517 504 “
527 484 591 540 qua
613 466 691 525 enim
713 464 871 525 secundnm
885 465 981 525 Deum
995 467 1107 526 tristitia
1127 474 1182 535 est,
1203 464 1295 543 poni·

97 561 216 620 mutiam
230 561 260 620 in
275 561 395 620 salutem
408 561 539 620 stabilem
552 561 717 638 operatur.'’

134 661 185 720 66.
210 660 276 740 obj.
292 664 321 718 4.
343 659 521 738 Augustinus
535 661 591 719 ait:
615 661 768 719 “Inaniter
779 671 859 738 putat
883 661 1019 720 victorem
1042 680 1076 720 se
1091 681 1157 722 esse
1172 667 1294 742 peccati,

94 764 144 837 qui
157 781 251 840 poeuae
265 763 367 820 timore
378 779 436 818 nou
450 769 569 836 peccat3
590 760 658 833 quia
672 761 725 817 etsi
745 779 802 818 nou
816 759 950 836 impletur
964 760 1033 819 soris
1047 763 1195 839 negotium
1212 765 1293 824 malas

92 861 269 938 cupiditatis,
284 861 347 937 ipsa
360 867 455 917 tamen
467 857 541 914 mela
557 856 697 934 cupiditas
712 858 787 916 intus
801 867 846 916 est
859 857 997 917 hostis.”¹

133 958 223 1036 Reap.
245 956 387 1031 Loquitur
398 955 575 1032 Augustinus
590 954 626 1013 de
640 973 676 1013 eo
689 955 738 1028 qni
749 955 882 1014 affectum
897 955 1034 1032 peccandi
1048 957 1161 1015 retinet.
1203 957 1294 1032 Equi·

91 1057 159 1117 dem
174 1055 310 1131 quamdiu
325 1056 390 1130 quis
404 1054 481 1113 hnnc
494 1072 552 1113 nou
566 1053 694 1131 deponit,
709 1054 763 1112 sibi
778 1054 879 1113 frustra
899 1054 1041 1114 blanditur
1054 1055 1089 1115 dc
1110 1059 1220 1134 peccati
1236 1059 1295 1117 vic-

92 1156 176 1214 toria.

135 1255 185 1310 67.
210 1248 277 1328 Obj.
290 1254 319 1308 5.
343 1249 457 1308 attritio
476 1246 638 1307 necessarid
659 1247 778 1306 includit
792 1248 925 1306 affectum
945 1249 1094 1325 peccandi,
1110 1269 1197 1324 quum
1216 1251 1293 1310 enim

92 1346 161 1406 ideo
175 1346 329 1405 detestetur
354 1355 485 1424 peccator
508 1364 573 1419 qna
598 1344 753 1415 admiserit,
779 1346 847 1419 quia
869 1364 968 1423 poenas
990 1347 1100 1416 metuit,
1115 1348 1296 1407 convincitur

84 1463 207 1523 prunas,
222 1462 279 1502 nou
295 1454 388 1502 autem
404 1452 531 1520 peccata,
546 1440 689 1500 detestari.

133 1540 223 1618 Reep.
245 1541 399 1600 Poenarum
422 1541 524 1599 intuitu
547 1549 676 1598 movetur
690 1549 822 1615 peccator
842 1537 878 1597 ad
901 1550 1048 1617 peccatum
1071 1539 1291 1610 detestandnm3

92 1640 175 1698 novit
188 1638 265 1697 euim
280 1637 348 1696 illud
364 1637 566 1715 gravissimum
588 1655 653 1695 esse
679 1637 794 1706 malum,
809 1655 899 1713 quum
920 1636 1015 1696 alien
1028 1638 1138 1714 optimo
1152 1638 1224 1697 adeo
1240 1658 1294 1716 pu·

90 1737 196 1795 uiator.
239 1735 343 1794 Poenas
359 1735 444 1813 igitur
458 1735 575 1803 metuit;
597 1744 747 1811 peccatum
764 1732 832 1792 vero
858 1745 957 1812 utpote
970 1734 1001 1794 in
1016 1753 1047 1793 sc
1062 1735 1168 1795 malum
1189 1746 1217 1795 et
1234 1737 1296 1815 jus·

89 1834 204 1893 tissime
219 1833 393 1911 puniendum
408 1831 573 1890 detestatur.

136 1935 186 1991 68.
215 1931 282 2011 obj.
298 1936 326 1991 6.
348 1929 450 1991 Iliade
465 1930 606 1989 attritione
620 1929 748 1988 doctrina
762 1938 848 1988 totam
862 1931 963 1989 evertit
975 1930 1041 1990 fidei
1056 1933 1246 1993 oecouomiam
1267 1944 1296 1993 ct

90 2047 206 2091 morum
221 2029 372 2107 principia.
1356 2094 1360 2101 r

131 2126 221 2206 Resp.
244 2128 320 2187 Sane
334 2126 477 2186 intellecta
485 2124 559 2184 nihil
572 2125 658 2186 habet
670 2125 737 2184 haec·
747 2124 879 2185 doctrina
893 2144 956 2201 qua
970 2145 1029 2186 non
1043 2128 1082 2186 eit
1094 2129 1220 2187 maxime
1234 2147 1295 2188 mo·
1327 2162 1332 2167 -

89 2226 171 2286 ribus
185 2235 213 2284 et
226 2225 294 2284 fidei
307 2242 452 2284 consona:
468 2233 601 2301 peccator
611 2223 721 2282 scilicet
734 2241 820 2297 quem
835 2223 890 2282 Dei
905 2222 1019 2283 dilectio
1033 2243 1090 2284 nou
1103 2226 1204 2304 tangit,
1216 2237 1294 2286 metu

87 2321 266 2401 judiciorum
290 2321 452 2381 divinorum
478 2340 495 2378 a
514 2331 632 2398 peccato
652 2320 813 2390 retrahitur,
826 2328 860 2379 ut
878 2329 977 2399 postea
990 2321 1026 2380 ad
1040 2321 1139 2382 altiora
1152 2336 1293 2401 assurgat,

90 2431 122 2480 et
135 2429 194 2480 toto
209 2420 297 2479 animi
311 2419 414 2477 affectu
430 2417 525 2478 Deum
541 2417 737 2495 amplectatur.

133 2520 182 2576 69.
208 2516 275 2596 obj.
289 2522 320 2576 7.
342 2517 481 2576 Peccator
494 2515 637 2575 attritione
651 2525 745 2575 motus
767 2515 895 2594 seipsum
909 2517 1000 2594 magis
1015 2534 1100 2590 quam
1115 2516 1212 2576 Deum
1227 2517 1292 2578 dili·

89 2615 143 2692 git,
158 2614 217 2674 imo
232 2611 381 2673 manifestd
396 2631 428 2671 se
449 2611 514 2672 Deo
537 2612 705 2690 auteponit3
727 2611 859 2672 abhorret
878 2613 957 2673 enim
977 2622 1137 2691 apeccato,
1152 2613 1221 2688 qnia
1235 2614 1293 2673 sibi

89 2723 261 2772 eternorum
275 2711 482 2789 suppliciorum
497 2729 584 2770 cansa
597 2710 678 2780 toret,
690 2730 749 2771 nou
760 2711 828 2785 quia
840 2710 906 2770 Deo
916 2712 1022 2790 irrogat
1035 2711 1179 2790 injuriam.
1200 2710 1293 2790 Igitur

90 2821 193 2890 peccat
205 2810 270 2887 ipso
281 2818 345 2868 actu
359 2827 417 2883 qno
431 2818 579 2886 peccatum
592 2809 725 2869 detestari
737 2808 851 2868 dicitur.

85 2944 88 2949 -
109 2920 112 2926 '
131 2907 221 2988 Reep,
244 2908 395 2967 attritione
406 2918 495 2966 tactus
509 2918 643 2986 peccator
667 2908 799 2967 abhorret
819 2928 837 2967 a
858 2917 987 2985 peccato,
1002 2917 1099 2986 utpote
1121 2922 1221 2968 contra
1234 2908 1292 2967 Dei

90 3007 198 3084 legem,
213 3013 241 3064 et
251 3005 317 3063 ideo
331 3003 443 3063 aeternis
455 3003 606 3083 suppliciis
617 3005 733 3064 luendo.
775 3005 845 3064 Non
860 3024 902 3074 se,
924 3023 977 3064 nec
990 3000 1112 3064 creatam
1128 3005 1215 3065 ullam
1230 3023 1292 3065 rem

89 3103 157 3163 Deo
171 3103 327 3181 anteponit,
341 3101 393 3161 scd
407 3102 500 3180 legem
517 3102 573 3162 Dei
587 3114 732 3177 tamquam
746 3103 874 3181 regulam
895 3103 996 3182 agendi
1023 3113 1053 3162 et
1071 3103 1214 3162 sentiendi
1234 3122 1293 3169 am·

90 3201 233 3280 plectitur,
249 3209 278 3258 et
291 3199 387 3259 omnia
401 3207 510 3277 spectat
522 3198 660 3258 relatione
674 3199 769 3259 habita
790 3199 826 3259 ad
847 3201 952 3259 Deum.
994 3201 1062 3276 Ipsa
1075 3200 1220 3277 supplicia
1233 3218 1292 3260 non

90 3310 199 3359 tantum
214 3299 244 3358 iu
256 3317 287 3356 se
301 3296 525 3365 considerantur,
537 3296 589 3356 sed
603 3309 687 3375 prout
705 3317 722 3354 a
736 3297 800 3356 Deo
810 3299 971 3376 justissimo
985 3297 1163 3374 infliguntur.
1207 3298 1293 3358 Nilril

89 3409 186 3459 autem
208 3408 252 3456 est
273 3397 335 3455 vitii
355 3397 385 3455 in
406 3415 441 3456 eo
462 3395 539 3470 quod
560 3397 624 3471 quis
646 3415 662 3454 s
682 3395 832 3473 suppliciis
852 3397 1010 3464 abhorreat,
1033 3404 1078 3453 cst
1091 3396 1202 3455 enimn
1223 3396 1290 3458 Deo

89 3491 311 3573 animasnostrte
325 3493 428 3552 insitus
446 3512 526 3552 amor
544 3493 592 3552 ille
612 3492 765 3561 felicitatis,
779 3493 825 3552 oui
839 3493 959 3568 obsequi
972 3492 1148 3554 voluntatem
1164 3512 1287 3555 necesse

92 3603 148 3651 esi.

547 3803 837 3847 ANIMADVBRSIONBS·

135 3948 185 4005 76.
207 3944 389 4003 Attritionem
410 3943 562 4022 disponere
583 3944 618 4004 ad
646 3945 703 4004 Dei
731 3947 849 4025 gratiam
870 3946 899 4005 iu
920 3955 1098 4006 sacramento
1118 3948 1292 4026 poenitentioe

90 4042 300 4121 impretandam
326 4042 484 4102 docueruut
497 4055 591 4122 patres
606 4044 779 4115 Tridentini,
795 4045 865 4120 quio
888 4063 951 4104 eam
966 4045 1097 4106 sufficere
1112 4046 1291 4107 declararint.

89 4144 220 4204 Fuerunt
234 4139 382 4215 quideme
407 4140 512 4200 schola
533 4142 696 4203 doctoribus
717 4144 767 4218 qni
792 4143 945 4221 perfectam
968 4144 1167 4205 contritionem
1183 4145 1290 4219 requiri

90 4240 307 4308 contenderent,
333 4248 365 4298 ut
389 4241 454 4314 quis
482 4241 654 4302 absolutioni
674 4242 828 4303 sacerdotis
848 4243 1020 4321 recipiendo
1046 4243 1119 4302 foret
1146 4243 1291 4313 idoneus;

89 4358 216 4418 quorum
228 4339 379 4406 sententia,
393 4339 461 4398 licet
473 4339 549 4399 haud
564 4339 705 4409 damnata,
721 4353 786 4419 post
806 4342 960 4401 concilium
975 4341 1177 4403 Tridentinnm
1192 4343 1291 4404 obsol-

88 4440 160 4509 evit,
175 4434 362 4498 Jansenianis
378 4445 473 4496 tamen
489 4437 634 4516 plerisque
647 4438 856 4516 acceptissima.
899 4438 969 4501 Orta
978 4449 1024 4498 est
1037 4440 1110 4499 iuter
1123 4439 1290 4520 Theologos

595 4616 639 4684 (1)
657 4614 782 4683 apem.
1234 4582 1306 4762 Ι
