2774 5056
362 331 418 393 DE
439 332 636 393 BAPTlSMl
657 332 961 396 NECESSITATE.
1220 334 1259 394 ω

517 590 807 632 anunuvurmortss.

104 732 172 789 149.
187 731 370 810 baptismum
381 729 416 789 ad
427 730 547 789 salutern
559 750 623 790 esse
635 733 824 791 necessarium
834 751 872 791 ex
883 731 949 791 fidei
961 730 1088 790 doctrina
1099 733 1253 794 novimus:

60 846 117 886 uec
130 838 233 898 umen,
247 829 288 887 nti
304 846 343 888 ex
357 847 426 887 mox
439 828 522 886 dictis
537 837 623 905 patet,
640 830 775 906 jubemur
789 828 903 888 credere
918 847 1018 887 omnes
1033 829 1181 905 suppliciis
1196 848 1258 888 cru·

61 925 133 984 eiuri
146 926 258 985 sternis
273 926 324 1000 qui
338 927 444 999 absque
459 926 601 1002 baptismo
615 945 631 983 e
647 927 718 984 vivis
733 925 925 984 discesserint.
961 924 1119 1008 Baptismo
1132 924 1258 1004 sangui·

61 1020 111 1079 nie
125 1022 236 1098 expiari
249 1020 383 1081 dicuntur
395 1040 498 1081 omnes
513 1022 563 1094 qui
576 1021 644 1079 fidei
658 1038 753 1088 causa,
768 1020 863 1080 Deum
877 1022 1076 1098 superomnia
1093 1020 1256 1098 diligentes,

63 1129 185 1179 mortem
200 1120 317 1188 obeunt,
333 1119 424 1193 quiet
440 1129 535 1178 sotum
551 1120 654 1177 habent
668 1120 802 1196 baptismi
815 1119 1001 1196 suscipiendi,
1017 1118 1062 1177 vel
1074 1118 1256 1197 explicitum,

62 1217 88 1275 si
101 1215 138 1275 de
152 1236 188 1276 eo
210 1216 361 1283 audierint,
374 1216 419 1275 vel
441 1214 630 1293 implicitum,
645 1217 670 1275 si
684 1216 720 1275 de
734 1235 769 1275 eo
789 1235 848 1276 non
871 1217 976 1277 suerint
988 1216 1090 1275 edocti.
1131 1216 1257 1275 lnsantos

62 1326 158 1373 sutem
180 1312 251 1373 fidei
271 1331 358 1371 causa
379 1312 517 1371 interiecti
531 1312 630 1371 eadem
651 1313 760 1371 ratione
781 1313 906 1390 palmam
927 1313 1071 1387 acquirere
1085 1323 1114 1370 et
1137 1330 1257 1390 regnum

62 1410 138 1470 bsud
158 1410 305 1471 immeritd
328 1408 489 1478 creduntur,
511 1428 627 1483 aequum
641 1410 718 1469 enim
730 1420 773 1469 est
786 1422 814 1469 et
828 1410 936 1470 Christi
958 1429 1117 1469 consonum
1137 1410 1258 1487 prornis-

63 1508 202 1585 siouibus,
217 1507 315 1581 utqui
340 1520 456 1584 propter
476 1507 571 1584 ipsum
587 1507 671 1565 vitam
695 1508 835 1574 amittunt.
850 1509 917 1566 licet
936 1507 1013 1566 haud
1025 1527 1084 1566 suae
1106 1508 1263 1574 voluntatis,

60 1617 135 1675 actu,
150 1625 214 1675 earn
230 1624 297 1664 cunr
312 1605 402 1681 gloria
412 1605 585 1680 sempiterna
598 1604 752 1663 inveniant.
774 1604 818 1663 Ita
831 1603 866 1664 de
878 1605 1078 1664 innocentibus
1090 1604 1124 1662 ab
1140 1604 1257 1665 Herode

60 1703 162 1763 occisis
184 1712 286 1761 censet
305 1701 457 1771 Ecclesia;
479 1700 556 1775 quod
576 1701 611 1759 de
632 1702 766 1760 omnibus
790 1702 942 1761 infantibus
968 1712 1083 1779 propter
1107 1701 1257 1763 Christum

59 1787 214 1861 intersectis
236 1799 422 1859 sentiendum
446 1801 552 1877 pariter
580 1799 699 1859 videtur.
740 1799 925 1878 Implicitam
949 1810 1044 1859 votum
1066 1801 1201 1877 baptismi
1221 1801 1256 1861 ab

59 1902 218 1979 insignibus
231 1899 391 1976 Theologis
402 1908 533 1957 censetur
544 1917 630 1975 posse
640 1898 735 1958 haberi
746 1901 781 1957 ab
792 1900 827 1957 iis
840 1901 889 1973 qni
898 1899 955 1957 fide
967 1917 1112 1976 precones
1121 1899 1256 1959 audiendi

64 1998 166 2058 nullum
188 2014 317 2070 unquam
339 1995 498 2054 babuerunt
518 1994 687 2063 facultatem,
700 1996 808 2068 quique
822 2013 859 2053 ex
877 1995 1003 2053 interiori
1017 1994 1112 2072 gratiae
1127 2007 1207 2053 motu
1220 1994 1257 2054 ad

62 2093 165 2163 Deum,
180 2103 339 2153 creatorem
364 2101 392 2149 et
414 2109 507 2149 rerum
533 2091 678 2159 arbitrum,
701 2090 867 2150 totocorde
891 2109 924 2149 sc
948 2092 1148 2158 converterint,
1163 2090 1204 2150 illi
1225 2091 1256 2151 irr

61 2194 189 2253 omuibus
204 2191 317 2269 placere
332 2189 490 2266 cupientes.

100 2298 167 2353 loo.
189 2292 264 2360 Ques
278 2291 316 2350 sit
329 2289 454 2349 conditio
480 2289 661 2366 parvulorum
689 2289 795 2361 absque
819 2289 961 2364 baptismo
981 2285 1178 2345 decedentium
1198 2286 1255 2347 fide

63 2412 118 2453 non
131 2399 255 2451 constat.
297 2390 329 2448 S.
345 2388 475 2449 Thomas
497 2387 637 2459 Aquinas,
652 2405 718 2444 cum
739 2385 954 2461 Theologornm
975 2385 1065 2451 turbs,
1086 2393 1184 2442 censet
1203 2402 1254 2444 eos

62 2489 164 2551 sullam
177 2488 238 2567 pati
256 2505 371 2565 poenam
385 2503 498 2551 sensus,
513 2482 565 2542 sed
579 2492 686 2541 tuntum
709 2482 765 2542 Dei
780 2481 889 2540 risione
911 2499 969 2540 non
983 2480 1057 2548 frui,
1079 2498 1144 2539 nam
1165 2500 1255 2555 quum

63 2605 193 2665 pensem
216 2581 364 2644 voluntate
385 2600 445 2642 non
469 2580 573 2638 fuerint
591 2579 627 2637 ad
650 2591 792 2637 creaturas
806 2588 903 2636 contra
924 2576 983 2647 Dei
1003 2577 1096 2654 legem
1111 2581 1254 2649 conversi,

64 2702 172 2760 equum
185 2700 245 2742 non
259 2679 371 2741 videtur
382 2689 413 2738 ut
422 2679 562 2738 cruciatus
574 2675 640 2735 inde
651 2678 802 2754 patiantur.
835 2685 856 2714 ‘⁸
869 2673 970 2743 ldeo,”
985 2675 1087 2750 inquit,
1104 2683 1124 2712 ‘⁴
1136 2686 1255 2753 peccato

63 2781 188 2862 originali
202 2799 262 2841 nou
276 2778 396 2838 debetur
409 2795 494 2854 poena
507 2794 621 2844 sensus,
635 2774 687 2834 sed
703 2776 796 2834 solum
811 2793 896 2852 poena
915 2773 1022 2843 damni,
1037 2773 1146 2832 scilicet
1158 2794 1254 2836 careu-

63 2881 98 2941 ds
108 2879 228 2941 visionis
239 2874 394 2937 divinae.”¹
416 2874 512 2943 Quum
526 2892 589 2932 eam
605 2891 658 2931 suo
672 2884 735 2931 actu
747 2871 857 2949 parvuli
868 2890 925 2930 non
937 2871 1093 2940 amiserint,
1108 2891 1166 2930 nou
1175 2882 1255 2949 putat

62 2978 196 3039 illisinde
216 2972 337 3037 dolendi
350 2990 416 3030 esse
435 2971 638 3030 occasionem:
662 2970 764 3028 “nihil
784 2970 901 3029 omnino
921 2967 1055 3028 dolebunt
1075 2967 1110 3026 de
1130 2971 1254 3029 carentis

11 3092 14 3097 ·
61 3074 176 3135 visionis
189 3068 347 3134 disinre.”⁹
386 3069 515 3127 Fuerunt
527 3067 577 3141 qui
591 3065 762 3125 beatitudine
776 3064 897 3140 quadam
912 3066 1030 3124 naturali
1044 3084 1094 3124 eos
1106 3065 1252 3125 donandos

62 3172 256 3250 opinarentn13
288 3164 348 3227 sed
362 3164 453 3224 nobis
479 3161 513 3221 de
538 3181 637 3223 eorum
652 3162 814 3225 conditione
839 3162 911 3224 nihil
934 3160 1087 3222 divinando
1111 3162 1253 3240 conjicere

61 3270 159 3348 ,aas

326 3456 370 3523 (1)
388 3455 481 3516 Queat.
492 3470 516 3503 v.
527 3453 558 3504 do
568 3455 633 3505 melo
644 3461 688 3505 art.
699 3457 723 3504 2.
740 3453 767 3510 in
777 3470 843 3521 corp.

304 3542 366 3611 ·(2)
386 3540 466 3594 tdist.
477 3542 521 3605 8³,
533 3548 617 3605 quest·
629 3544 644 3590 2
654 3547 697 3599 ort.
709 3543 733 3596 2·
