2774 5056
420 317 477 379 DE
499 319 580 381 USU
601 319 911 381 EUCHARISTIAE.
1203 326 1254 383 lbi

91 483 194 561 meriti:
216 481 286 557 ‘qui
298 480 376 542 enim
390 477 609 546 manducaverit,
624 487 652 537 et
665 479 768 538 biberit
779 477 906 557 indigne,
916 478 1059 556 judicium
1072 480 1127 540 sibi
1141 481 1259 541 mandu-

91 590 130 641 cat
144 592 168 640 ct
184 581 277 641 bibit.’
300 623 308 638 .
332 621 341 638 .
362 620 370 637 .
392 621 400 636 .
423 577 526 655 angeli
550 576 649 635 mundi
672 595 738 635 cum
763 587 883 635 tremore
907 576 1077 645 ministrant,
1100 578 1259 653 faciemque

91 676 244 756 obtegentes,
259 695 318 736 non
331 673 435 733 audant
447 673 608 749 respicere3
623 682 651 730 et
665 683 694 730 tu
705 671 869 731 immundus
882 690 949 730 cum
962 673 1016 741 sis,
1028 682 1057 731 et
1068 675 1260 751 imperitans,

91 792 120 833 sc
128 774 278 852 impudens,
293 792 352 833 uon
365 770 582 832 contremiscis?
609 769 784 828 Hominibus
798 769 913 842 quidam
925 779 952 827 ta
965 769 1018 828 rite
1031 761 1145 829 sumere
1159 771 1262 831 aucha·

91 872 180 936 delam
192 872 280 931 fidam
294 871 374 937 sacis,
389 867 440 926 sed
454 865 582 926 cordium
597 867 744 925 scrutatori
759 864 828 940 quid
843 865 922 925 dicas
934 865 983 923 l'’²

123 972 163 1031 87.
182 970 212 1027 S.
230 969 370 1027 Basmms
391 964 484 1043 poenis
498 965 529 1021 in
550 964 652 1021 vetoris
673 963 761 1040 Legis
775 962 926 1023 violatores
939 963 1097 1029 recensitis,
1113 965 1261 1040 prosequi-

91 1076 141 1127 tur:
159 1068 218 1126 “Si
231 1066 302 1125 tales
327 1065 415 1124 minae
436 1062 572 1120 adversus
594 1080 644 1119 eos
670 1063 772 1139 posita
790 1072 867 1129 sunt,
880 1061 930 1134 qui
953 1074 1059 1120 temere
1073 1060 1109 1120 ad
1128 1079 1164 1120 ea
1177 1080 1259 1121 sacra

91 1150 218 1232 medum,
232 1181 299 1238 quae
311 1161 347 1220 ab
361 1158 524 1219 homiuibus
539 1157 765 1226 sanctificantur;
787 1156 857 1232 quid
870 1157 1021 1216 dicendum
1035 1168 1080 1216 est
1092 1157 1128 1216 de
1142 1176 1188 1226 ao,
1207 1156 1256 1232 qui

91 1259 223 1319 intantum
236 1252 270 1318 ac
283 1259 338 1317 tale
359 1256 528 1333 mysterium
549 1255 713 1314 temerarius
726 1254 792 1313 esti
823 1254 938 1321 Quanto
952 1255 1029 1313 enim
1044 1255 1136 1333 majus
1150 1253 1258 1329 aliquid

91 1357 159 1416 isset
170 1356 285 1435 templo,
298 1346 456 1414 secundum
471 1351 591 1409 Domini
606 1368 715 1419 vocem,
730 1361 808 1410 tanto
820 1351 933 1428 gravius
948 1361 977 1409 et
990 1351 1142 1410 terribilius
1158 1362 1213 1419 est,
1228 1352 1258 1411 in

92 1453 176 1515 nine
189 1454 348 1532 impuritate
362 1451 556 1521 constitutum,
570 1466 681 1507 coneus
696 1446 827 1507 ennam
839 1466 961 1508 raanan
983 1466 1261 1520 connisum-oz

89 1557 199 1614 murm
208 1567 317 1621 σωματος
326 1565 371 1607 roo
381 1544 664 1622 Xpsroo-quamrsit
675 1544 810 1604 accedere
819 1545 853 1603 ad
866 1546 967 1603 arietes
978 1545 1024 1604 vel
1034 1555 1140 1614 tauros,
1151 1545 1263 1605 dicente

68 1634 212 1717 »Apostolo
225 1642 349 1700 ‘etenim
364 1642 413 1715 qui
427 1641 486 1700 edit
499 1661 612 1720 panem,
625 1653 672 1701 aut
692 1644 762 1703 bibit
775 1643 908 1721 poculum
924 1642 1043 1703 Domini
1057 1643 1183 1722 indigne,
1198 1663 1263 1703 reus

93 1732 136 1797 erit
144 1740 265 1818 mrporis
275 1749 305 1798 et
314 1739 461 1817 sanguinis
473 1740 612 1801 Domini?
632 1741 695 1801 lmo
708 1742 902 1801 vehementius
914 1760 947 1800 ac
960 1741 1111 1801 terribilius
1121 1741 1263 1820 judicium

93 1852 135 1911 per
143 1837 334 1915 repetitionem
348 1838 535 1915 exprimente,
550 1857 616 1896 cum
636 1837 722 1897 dicit:
746 1839 862 1914 ‘probat
874 1848 967 1897 autem
983 1839 1104 1912 quisque
1123 1838 1263 1916 scipsum,

94 1932 161 1992 stria
172 1934 206 1994 de
220 1954 293 2012 panc
308 1934 363 1994 hoc
376 1934 450 2002 edat,
465 1945 494 1993 et
507 1935 541 1993 de
557 1937 660 2013 poculo
674 1936 767 1994 bibat:
789 1937 962 2009 quicumque
984 1936 1133 1996 manducat
1153 1946 1182 1996 et
1196 1938 1267 1996 bibit

94 2027 200 2107 indigus,
209 2028 353 2108 judicium
367 2030 421 2089 sibi
433 2031 585 2090 manducat
596 2043 625 2090 et
636 2031 726 2100 uibus
740 2050 799 2090 nou
809 2031 969 2109 dijudicans
980 2050 1084 2109 corpus
1096 2031 1266 2093 Domini.”¹

124 2128 164 2185 88.
184 2127 215 2186 S.
231 2126 434 2186 Hmaouuuus
450 2127 566 2203 pulchre
580 2128 699 2205 exponit
710 2146 776 2201 quae
791 2129 829 2187 sit
842 2128 872 2187 in
886 2128 1134 2188 sacramentorum
1148 2148 1268 2206 suscep·

94 2221 294 2291 ¹tiorrelidelium
316 2223 480 2296 equalitas:
504 2232 523 2260 ‘⁴
536 2223 600 2283 Nos
616 2224 745 2284 Ouarsm
765 2242 876 2283 coneus
890 2242 1070 2290 morsuram
1089 2244 1265 2287 acerrimus:

95 2336 139 2378 uua
148 2330 188 2380 cst
200 2322 231 2381 iu
243 2321 390 2398 mysteriis
405 2321 589 2380 sanctificatio
603 2320 723 2380 Domini
735 2332 763 2379 et
776 2321 862 2388 servi,
874 2321 977 2379 nobilis
989 2333 1018 2380 at
1030 2321 1176 2399 ignobilis,
1191 2324 1268 2400 regis

94 2419 233 2489 stmilitis;
255 2438 426 2493 quamquam
441 2438 493 2497 pro
507 2419 712 2496 excipientium
726 2420 835 2478 meritis
858 2418 1003 2487 diversum
1017 2420 1067 2478 fiat
1080 2420 1155 2494 quod
1176 2439 1267 2480 unuin

95 2525 137 2575 est.
172 2518 249 2587 ‘Qui
263 2517 340 2577 enim
365 2517 481 2594 indigne
506 2515 719 2576 manducaverit
737 2525 767 2574 et
790 2516 901 2587 biberit,
926 2534 991 2574 rcus
1014 2517 1067 2575 erit
1090 2518 1218 2595 corporis
1239 2531 1269 2576 et

95 2618 223 2694 sauguinis
237 2615 396 2675 Christi.”⁸

124 2718 167 2775 89.
179 2717 211 2775 S.
224 2717 417 2775 Accusamus
431 2704 531 2772 fideles
539 2714 661 2792 graviter
671 2723 787 2773 monet:
807 2714 895 2782 “Qui
909 2714 1080 2774 manducant
1088 2733 1202 2776 caruem
1212 2715 1271 2776 Do·

96 2812 197 2882 miui,et
205 2814 306 2873 biburtt
316 2813 484 2890 sauguinem
496 2813 570 2889 ejus,
582 2813 707 2888 cogitent
717 2811 785 2885 quid
798 2811 970 2871 manducant
980 2823 1009 2872 et
1018 2813 1124 2880 bibant,
1137 2832 1183 2882 ne,
1197 2816 1272 2873 sicut

96 2909 231 2987 Apostolus
240 2909 319 2978 dicit,
328 2909 467 2988 judicium
477 2909 532 2967 sibi
542 2909 713 2968 manducent
726 2920 755 2967 et
762 2909 906 2970 bibant.”⁴
925 2911 992 2970 atio
1001 2911 1067 2969 loco
1079 2910 1148 2970 dicit
1159 2912 1272 2990 Augus·

96 3006 173 3066 inus:
188 3017 207 3046 ‘⁴
217 3007 338 3085 Indigna
351 3024 468 3065 sumens
478 3005 663 3064 Dominicum
676 3007 900 3076 Sacramentum,
910 3026 968 3066 non
980 3007 1077 3073 efficit,
1089 3018 1120 3065 ut
1131 3010 1197 3081 qnia
1209 3011 1273 3086 ipsa

97 3103 235 3173 adurat,
250 3103 356 3163 malum
371 3103 418 3170 sit,
430 3112 479 3160 aut
491 3102 558 3175 quia
571 3102 634 3179 ipse
646 3100 681 3159 ad
696 3101 816 3185 salutem
829 3121 888 3161 uon
902 3103 1015 3180 accipit,
1028 3102 1100 3161 nihil
1111 3106 1270 3180 acceperit:

97 3216 188 3261 aunem
201 3219 278 3262 ιιιιιιι
289 3199 418 3267 Domui,
432 3217 472 3258 au
482 3217 608 3258 aaronis
624 3198 740 3259 Domum
754 3217 952 3260 uiumourrrua
967 3217 1032 3267 usu,
1046 3201 1133 3258 etiam
1145 3200 1201 3260 illis
1211 3202 1274 3274 qui·

97 3293 254 3358 busdieebat
265 3294 440 3375 Apostolusr
457 3296 533 3364 ‘Qui
548 3295 699 3354 manducat
712 3306 740 3353 et
750 3296 822 3354 bibit
834 3295 952 3372 indigne
966 3295 1033 3355 etc.’
1045 3294 1078 3330 ”⁸
1097 3295 1179 3355 Atius
1192 3316 1200 3353 ι
1217 3307 1236 3333 “
1247 3299 1274 3355 A

98 3388 242 3454 ndisboui'
253 3412 285 3451 se
310 3391 395 3451 corde
409 3392 522 3450 interim
537 3402 565 3449 et
579 3393 704 3450 moribus
725 3402 866 3469 separant,
881 3410 971 3452 amm,
990 3409 1209 3454 uauoucsuras
1233 3410 1273 3450 ar

98 3500 225 3551 biterras
234 3509 346 3551 coneus
360 3508 400 3549 aa
413 3507 587 3550 sauamnsu
599 3508 705 3548 uoumr
716 3507 726 3557 ς
739 3488 791 3546 sed
802 3507 868 3547 cum
881 3506 982 3565 magna
995 3486 1175 3547 distinctione
1189 3528 1197 3545 .
1217 3528 1224 3546 .
1240 3508 1275 3548 ac

100 3587 345 3664 persequamur
359 3588 461 3646 inuno
475 3586 634 3659 eodemque
657 3586 799 3669 convicio,
815 3586 835 3644 ii
850 3574 1074 3646 misericordiam
1092 3585 1273 3656 manducant,

100 3680 323 3763 illijudicium.’'⁰
362 3683 460 3743 Alibi:
477 3693 497 3722 ⁴⁶
506 3683 581 3752 Quid
593 3682 628 3741 de
643 3683 835 3760 ipsocorpme
850 3692 878 3740 et
891 3683 1030 3761 sanguine
1044 3682 1175 3752 Domini,
1188 3686 1278 3757 unico,

100 3782 218 3845 sacrificio
230 3803 285 3864 pro
298 3782 388 3841 saluta
403 3792 508 3850 nostra,
523 3780 655 3855 quamvis
669 3782 731 3858 ipsc
746 3780 827 3839 Deus
842 3779 936 3839 dicat:
952 3781 1029 3840 ‘uisi
1043 3782 1107 3856 quis
1124 3783 1275 3843 manduca·

102 3876 160 3937 rsrtr
169 3899 277 3943 caruem
293 3898 397 3948 meam,
412 3889 441 3938 et
453 3880 555 3938 biberit
568 3877 736 3956 sanguinem
751 3897 859 3947 meum,
874 3897 930 3938 nou
946 3878 1060 3938 habebit
1074 3880 1103 3939 in
1117 3899 1149 3939 se
1165 3881 1273 3941 vitam?

104 3970 190 4037 umas
200 3980 276 4041 idem
290 3976 447 4057 Apostolus
464 3975 557 4045 docet,
572 3977 658 4036 etiam
672 3977 866 4057 perniciosum
880 3975 954 4036 male
969 3979 1113 4038 utentibus
1127 3979 1190 4038 fieri
1201 3980 1223 4036 l‘
1237 3982 1276 4039 air

187 4220 194 4233 '
279 4216 325 4285 (1)
342 4214 425 4269 Tract-
435 4214 467 4266 ds
477 4214 546 4266 iestis
555 4216 648 4278 diebus,
659 4223 684 4268 ot
694 4215 725 4266 de
736 4214 854 4279 dignitate
864 4215 1041 4280 mysteriorum.

106 4290 163 4367 ura
177 4368 181 4379 Ι
285 4304 330 4371 (a)
348 4300 380 4354 u.
389 4302 417 4353 rr.
428 4302 458 4352 as
470 4301 543 4367 urps
551 4319 573 4353 ι.
585 4302 619 4353 ιιι.

281 4390 326 4458 (3)
342 4387 374 4439 L.
384 4387 410 4438 ii.
421 4396 506 4438 eontra
514 4387 644 4438 Jovinisn.

282 4478 325 4545 (t)
344 4476 427 4529 Tract
438 4476 469 4529 dc
477 4475 568 4527 Verbis
580 4474 682 4526 Domini
690 4473 768 4523 Saum.
778 4472 838 4523 xlri.

281 4562 325 4631 (b)
344 4560 375 4612 L.
387 4578 411 4613 v.
422 4562 453 4613 ds
464 4562 537 4628 Bapt.
548 4569 633 4612 contra
643 4560 734 4620 Donat,
745 4574 767 4609 e.
777 4558 827 4610 viii.

280 4649 323 4717 (6)
344 4646 437 4700 Contra
447 4648 537 4700 Duum.
547 4655 603 4715 post
613 4647 693 4698 collat.
704 4661 726 4697 c.
736 4660 780 4696 xx.
791 4659 817 4696 ιι.
828 4646 870 4695 17.

657 4733 712 4790 14*
