2774 5056
444 324 503 384 DE
525 324 692 385 RITIBUS
714 325 863 385 MISSAE.
1198 331 1257 388 808

53 483 265 544 confessionis
293 483 433 561 generalis
457 482 579 544 formula
601 483 635 541 ab
667 500 743 542 anno
771 487 963 566 usque-1300
993 484 1136 544 invaluit.1
1176 485 1254 545 Dum

48 583 190 642 sacerdos
215 581 252 639 ad
276 582 362 640 altare
387 582 544 648 accederet,
560 581 665 640 chorus
686 582 836 642 Psalmnm
856 583 1006 641 consuevit
1025 594 1148 651 cantare,
1172 585 1254 661 cujus

14 752 17 757 ,
39 680 170 741 *initium
185 679 353 755 plerumque
368 678 531 739 Introitum
552 679 653 736 Missa
674 679 830 745 constituit,
847 680 933 756 juxta
953 698 1081 738 normam
1097 702 1113 737 a
1128 682 1160 738 S.
1184 682 1256 739 Gre-

10 766 16 777 ”
52 779 138 853 gorio
154 775 198 834 M.
211 785 355 833 statutam.
376 779 450 854 Κύςιε
463 782 611 847 tunam—a
625 775 791 832 Graecorum
806 775 928 852 liturgiis
941 777 975 834 ad
990 775 1120 835 Latinam
1135 778 1256 845 transiit,

54 873 208 950 sexaginta
222 873 322 930 saltem
337 873 418 930 annis
434 882 498 928 ante
523 873 687 945 praelaudati
709 873 854 948 pontificis
869 883 1006 948 tempora.
1049 874 1215 934 Graecarum
1229 885 1258 933 et

51 967 277 1031 Jflebreicarum
294 986 396 1027 vocum
411 968 442 1025 iu
457 967 558 1025 Latiae
574 966 690 1044 liturgia
702 986 772 1027 usus
787 986 821 1025 eo
843 969 971 1036 inservit,
987 979 1017 1026 ut
1037 969 1104 1026 fidei
1125 971 1207 1047 origo
1228 982 1258 1029 et

55 1066 152 1125 unias
177 1066 359 1132 ostendatur;
381 1066 415 1123 ab
432 1064 562 1122 Hebraeis
583 1064 660 1123 enim
682 1063 815 1122 Ecclesia
840 1064 921 1123 duxit
941 1066 1064 1133 initium,
1080 1065 1115 1124 ad
1139 1066 1258 1125 Grecos

56 1163 248 1238 Latinosque,
265 1173 422 1222 etcaeteros
440 1161 564 1240 populos
579 1161 764 1221 dimanatura.
808 1163 887 1224 Hinc
901 1166 1009 1232 Amen,
1028 1182 1103 1233 uere,
1124 1165 1256 1233 Alleluia,

56 1259 197 1322 Laudete
207 1260 317 1328 Deum,
327 1261 408 1319 Deus
421 1260 556 1326 Sabaoth,
567 1259 678 1318 sedicet
689 1259 881 1327 eaereitunm,
895 1261 1044 1329 Hosanna,
1054 1261 1146 1330 edne,
1158 1264 1188 1321 in
1201 1262 1260 1322 Ro-

55 1375 143 1416 mana
157 1357 250 1416 Missa
263 1366 444 1432 usurpantur.
469 1355 606 1432 Hymnus
621 1357 671 1430 qui
686 1356 804 1432 incipit:
828 1366 848 1393 “
861 1357 962 1416 Gloria
973 1358 1002 1415 in
1018 1359 1141 1416 excelsis
1154 1359 1259 1427 Deo;’'

55 1456 170 1514 cantico
184 1454 295 1513 scilicet
308 1455 484 1532 angelorum,
500 1453 618 1512 Christo
629 1463 708 1523 nato,
722 1455 792 1513 olim
813 1457 966 1513 canebatur
980 1443 1010 1514 in
1032 1455 1125 1513 Missa
1147 1456 1259 1514 Nativi-

55 1553 124 1613 tatis
136 1551 345 1618 tantummodo,
359 1552 477 1610 Grecos
493 1551 568 1628 apud
581 1561 610 1609 et
623 1551 752 1610 Latinos.
778 1549 918 1622 Collectae,
933 1571 985 1610 seu
997 1553 1140 1611 orationes
1155 1554 1259 1626 quibus

54 1647 186 1708 fidelium
201 1659 275 1717 vcta,
290 1648 377 1707 veluti
402 1649 431 1706 iu
447 1643 535 1707 nuum
557 1648 686 1717 collecta,
708 1650 916 1726 exprimuntur,
940 1649 1083 1726 pleraque
1105 1650 1256 1711 Gelasium

55 1756 105 1804 aut
120 1746 293 1824 Gregorium
314 1757 458 1805 auctorem
480 1746 583 1804 habere
605 1757 767 1806 censentur.
809 1747 870 1805 Leo
894 1746 935 1805 II.
960 1746 1076 1805 dictavit
1102 1767 1166 1806 earn
1193 1768 1257 1823 quae

55 1842 179 1919 incipit:
201 1851 220 1879 ‘⁶
231 1843 310 1903 Deus
325 1843 375 1917 qui
389 1842 425 1901 B.
438 1842 536 1910 Petro,
552 1841 630 1900 dac.''
672 1841 857 1901 innocentius
872 1843 926 1900 Ill.
949 1854 1047 1901 auctor
1062 1853 1107 1903 est
1120 1845 1255 1904 alterius:

57 1941 115 1999 “A
130 1942 240 1999 cunctis
256 1959 318 2008 nos,
333 1957 510 2014 quesumus,
525 1938 661 2007 Domine,
677 1939 780 1998 mentis
791 1948 820 1996 et
832 1939 961 2016 corporis
973 1938 1094 1998 defende
1110 1941 1257 2017 periculis,

59 2036 140 2096 ἅθ’),

100 2139 168 2194 142.
190 2135 342 2193 Lectiones
356 2153 394 2192 ex
404 2134 569 2212 scripturis,
584 2143 644 2193 tum
659 2131 812 2200 veteribus,
828 2142 888 2191 turn
901 2134 995 2200 novis,
1008 2133 1042 2191 ab
1058 2133 1139 2192 initio
1154 2133 1257 2194 Eccle-

56 2236 110 2295 siae
125 2235 156 2293 in
169 2233 258 2292 sacris
272 2234 458 2292 conventibus
472 2233 669 2300 recitabantur,
684 2251 755 2306 quas
770 2232 869 2290 ordine
884 2229 1007 2305 quodam
1022 2231 1179 2309 digessisse
1190 2251 1257 2292 cen·

56 2342 138 2391 setur
150 2331 361 2407 Hieronymus.
406 2327 558 2389 Groduale
577 2348 683 2388 nomen
704 2329 790 2387 habet
810 2348 827 2385 a
846 2327 981 2406 gradibus
1003 2329 1109 2397 altaris,
1124 2329 1154 2387 in
1176 2331 1259 2407 cujus

57 2427 145 2507 plano
161 2427 231 2486 olIm
245 2427 407 2495 canebatur,
422 2427 468 2485 vel
488 2445 505 2483 a
525 2425 658 2502 gradibus
678 2423 825 2490 ambonis,
841 2442 914 2496 quos
935 2422 1087 2482 scandebat
1109 2424 1258 2494 diaconus,

59 2525 129 2585 dum
143 2535 303 2601 caneretur,
315 2524 440 2583 lecturus
455 2523 521 2582 inde
536 2522 737 2600 Evangelium.
780 2521 877 2599 Hujus
892 2522 962 2580 ritus
977 2531 1075 2596 auctor
1088 2532 1205 2600 putatur
1226 2525 1258 2582 S.

59 2623 244 2690 celestinus,
259 2641 310 2681 eeu
325 2623 357 2680 S.
375 2621 558 2699 (ἔτιςοιὶιιι.Ι
589 2619 718 2680 traam
739 2620 908 2697 plerumque
930 2618 1040 2678 canitur
1053 2620 1175 2689 tractim,
1190 2640 1256 2680 cum

34 2760 37 2766 -
59 2722 211 2800 asperitate
225 2720 348 2795 quadem
362 2732 391 2779 et
405 2721 575 2798 prolixitate,
592 2731 719 2797 tempore
735 2718 924 2796 penitentiam
945 2737 1009 2792 quae
1021 2719 1092 2778 ratio
1106 2730 1151 2777 est
1165 2720 1258 2778 nomi-

59 2822 116 2880 nis.
162 2817 322 2896 Sequentia
336 2817 468 2877 dicuntur
482 2818 622 2894 rhythmi,
637 2818 687 2892 qni
702 2815 853 2890 aliquando
878 2826 944 2892 poet
968 2825 1073 2874 tractus
1094 2816 1260 2879 recitantur..

59 2915 287 2990 Antiquissimus
301 2915 430 2973 omnium
444 2916 550 2989 estqui
564 2915 682 2991 incipit:
706 2913 871 2972 “Victima
893 2914 1020 2989 paschali
1039 2914 1139 2973 laudes
1154 2917 1259 2974 immo·

58 3015 119 3072 lent
142 3011 322 3079 christiani,’'
346 3012 428 3088 cujus
451 3023 548 3071 auctor
571 3011 688 3070 habetur
713 3011 855 3070 Robertus
883 3011 1059 3070 Francorum
1074 3031 1127 3071 rex
1149 3012 1256 3072 saecnlo

58 3109 223 3168 undecimo.
267 3104 452 3189 Symbolum,
467 3117 551 3184 prout
562 3108 592 3166 ln
607 3107 728 3166 Nicoeno
742 3118 771 3165 et
792 3106 1110 3184 Constantinopolitano
1125 3108 1255 3167 conciliis

58 3219 103 3268 est
116 3206 242 3276 auotuni,
257 3218 288 3266 ut
308 3207 370 3266 Arii
396 3205 617 3279 Macedoniique
640 3206 763 3264 hareses
788 3206 985 3282 evellerentur,
1007 3206 1042 3263 ab
1067 3224 1142 3264 anno
1166 3224 1260 3280 usque

59 3311 130 3375 471,
145 3305 221 3384 apud
235 3305 396 3365 Orientales
411 3305 474 3363 cani
489 3305 637 3363 consuevit
650 3303 723 3360 inter
737 3303 940 3379 mysteriorum
954 3301 1190 3371 celebrationem
1206 3301 1259 3361 sed

57 3404 88 3462 in
99 3402 232 3462 Romana
243 3401 376 3463 Ecclesia
386 3419 455 3459 usus
467 3399 542 3458 haud
554 3400 685 3467 obtinuit,
696 3399 763 3472 quia
772 3399 848 3456 nulla
859 3417 923 3456 cam
935 3398 1255 3467 infestaverathaeresis,

56 3517 144 3574 quam
158 3497 226 3556 fidei
241 3497 421 3557 consessione
435 3496 587 3575 profligare
601 3515 674 3572 opus
689 3504 775 3553 esset.
818 3494 917 3553 Gessit
931 3506 1026 3553 tamen
1046 3494 1154 3556 saeculo
1168 3494 1257 3555 unde·

58 3596 136 3656 cimo
151 3594 324 3654 Benedictus
339 3594 422 3653 VIII.
438 3594 566 3652 consiliis
586 3593 706 3653 Henrici
729 3591 919 3669 Imperatoris,
942 3604 971 3650 et
984 3590 1054 3649 illud
1075 3593 1139 3650 cani
1156 3593 1256 3671 jussit.

56 3693 262 3773 Apostolorum
276 3693 441 3771 symbolum
457 3692 558 3752 Romae
571 3692 738 3751 recitabatur
751 3691 824 3748 inter
838 3689 973 3766 baptismi
987 3691 1069 3758 ritus,
1085 3691 1162 3750 nulla
1176 3692 1256 3752 addi-

58 3795 139 3853 tione
153 3802 286 3860 aoctum;
308 3802 479 3869 quapropter
490 3791 659 3851 Ambrosius
674 3791 732 3848 ait:
756 3789 920 3848 “Ecclesia
940 3789 1072 3849 Romana
1092 3791 1259 3867 symbolum

96 3969 141 4036 (1)
160 3950 214 4022 “As
224 3973 251 4019 to
262 3968 304 4020 the
314 3967 453 4019 confession
464 3973 490 4018 et
500 3967 583 4018 Prime
594 3966 643 4018 end
650 3964 788 4033 Oompline,
796 3967 824 4018 in
831 3965 915 4018 which
925 3965 947 4015 is
958 3964 1101 4017 introduced
1109 3965 1151 4018 the
1158 3981 1231 4018 name
1239 3967 1268 4017 ot

58 4055 102 4108 the
113 4055 215 4106 Blessed
225 4054 315 4118 Virgin
326 4053 375 4104 eud
386 4052 456 4105 other
466 4052 550 4104 sainb.
568 4087 600 4114 .,.
617 4087 625 4104 .
641 4052 665 4104 11
675 4052 697 4103 ie
708 4059 752 4104 not
763 4070 778 4103 e
788 4053 875 4118 simple
886 4052 1024 4116 gratuitous
1034 4050 1179 4104 Inrcceticm
1190 4052 1262 4103 mads

58 4149 84 4193 tc
96 4141 173 4202 them,
183 4141 228 4192 bnt
239 4140 291 4191 itis
302 4155 334 4189 eu
345 4137 444 4189 eddress
454 4145 480 4188 to
492 4137 621 4204 Almighty
633 4137 690 4188 God
700 4136 730 4189 in
747 4138 796 4189 Hie
804 4135 924 4207 heooenlp
935 4141 1014 4199 murt,
1025 4153 1053 4187 es
1064 4136 1215 4188 surrounded
1228 4138 1261 4202 by

58 4226 108 4279 Hie
119 4226 204 4277 Saints
216 4224 265 4276 aad
283 4223 386 4286 Angeia,
396 4223 537 4286 enswering
553 4232 579 4275 to
591 4224 627 4275 St
645 4224 730 4276 Paul's
746 4223 836 4287 chmge
847 4230 873 4273 to
890 4221 1011 4288 Timothy
1028 4223 1125 4272 ‘before
1136 4220 1193 4271 God
1210 4219 1260 4271 end

59 4312 102 4365 the
113 4310 181 4363 Lord
191 4311 265 4362 Iesus
277 4308 369 4368 Christ,
380 4309 429 4359 end
440 4309 482 4360 the
494 4310 556 4361 elect
572 4309 682 4373 Angela’
699 4308 748 4360 and
759 4316 785 4359 to
801 4309 892 4361 Daniel
908 4309 958 4361 aud
969 4309 1005 4359 St.
1021 4306 1110 4359 Jcbn’s
1120 4307 1219 4358 eddress
1235 4315 1262 4357 to

58 4399 101 4452 the
113 4397 209 4462 Aaron
220 4396 278 4446 who
288 4411 352 4446 were
363 4401 418 4445 seat
429 4401 456 4445 to
466 4393 558 4446 them.”
591 4395 648 4446 Vol.
658 4394 694 4445 iii.
710 4393 798 4445 Tracts
815 4394 866 4446 No.
878 4397 919 4446 75.
935 4410 960 4461 p.
977 4392 1016 4445 10.
1050 4392 1088 4443 Ita
1105 4391 1261 4442 oxonienses

59 4486 89 4539 in
99 4484 241 4552 prefatione
251 4498 302 4533 sue
314 4480 420 4532 versioni
432 4481 561 4532 Brerierii:
579 4479 623 4546 qui
639 4480 699 4532 dum
716 4481 789 4531 silent
806 4481 837 4532 de
852 4480 981 4548 posteriori
1000 4476 1172 4548 consessionis
1187 4486 1264 4544 parte,

58 4573 177 4626 ridentur
186 4586 242 4622 eam
252 4571 363 4636 probare,
375 4567 479 4634 Ideoque
490 4567 695 4620 consuetud'mem
710 4567 797 4619 orandi
813 4567 917 4620 Sancto·
928 4573 956 4620 ut
972 4581 1017 4634 pro
1027 4564 1099 4618 uobis
1113 4564 1316 4766 mcroeem‘

60 4657 234 4728 spudDenm.
1003 4726 1007 4737 .
