2774 5056
423 310 598 371 PATRUM
619 310 893 370 TESTIMONIA.
1194 314 1250 370 169

88 463 169 541 plicam
181 469 394 529 Sacramentum
406 470 536 529 manibus
550 468 678 527 fidelium
691 469 893 546 excipiebatur,
909 469 1074 545 priusquam
1085 471 1131 529 'ori
1153 469 1249 529 admo·

91 572 184 624 veretur.

120 665 171 722 ldd.
190 664 303 742 lapsis,
325 664 377 723 sed
399 665 528 724 oriminis
555 664 748 741 paenitentiam
773 664 931 740 agentibus,
953 663 1152 724 eucharistiam
1174 664 1249 723 haud

92 757 261 839 denegandam,
277 766 301 821 si
317 783 391 823 nora
405 778 516 840 urgeret
530 765 701 839 persecutio,
711 773 740 819 et
754 763 883 839 martyrii
894 761 999 820 idcirco
1014 762 1182 838 periculum,
1199 773 1253 820 tra·

93 852 133 914 dit:
149 859 323 926 “Quomodo
337 862 414 918 enim
431 859 577 928 docemus,
593 870 640 917 aut
654 878 841 935 provocamus
856 877 906 916 eos
920 859 950 917 in
965 859 1144 918 consessione
1160 862 1252 920 nomi·

50 958 56 967 '
92 953 123 1011 uir
132 954 226 1015 Christi
240 958 407 1036 sanguinem
423 977 508 1017 suum
523 958 650 1023 sundere,
665 958 691 1014 si
711 959 753 1014 eis
773 956 934 1015 militaturis
950 956 1059 1015 Christi
1080 958 1250 1034 sanguinem

93 1048 231 1130 denegamus
241 1054 289 1113 1”ι
330 1054 512 1114 Tibaritauos
538 1055 570 1112 in
594 1053 759 1112 discrimine
786 1057 956 1112 constitutos
980 1054 1107 1112 monuit:
1146 1064 1165 1090 ‘⁶
1178 1054 1249 1112 Fide

93 1146 177 1207 robusta
187 1169 218 1209 se
231 1150 337 1209 debent
350 1151 455 1209 milites
470 1149 579 1209 Christi
594 1168 710 1226 parare;
732 1149 943 1208 considerantes
956 1148 1062 1208 ideirco
1076 1168 1109 1208 aa
1123 1149 1253 1223 quotidie

50 1326 53 1331 Ι
94 1244 177 1309 uben
189 1250 337 1327 sauguinis
351 1249 456 1317 bibere,
471 1259 502 1308 ut
522 1248 634 1326 possint
653 1258 682 1306 et
702 1248 758 1324 ipsi
778 1257 893 1325 propter
913 1245 1061 1308 Christum
1082 1248 1251 1325 sanguinem

93 1340 225 1406 padomum

120 1444 170 1502 11⁰.
191 1443 234 1501 De
259 1442 356 1501 laetitia
377 1460 463 1516 quam
475 1442 645 1501 eucharistia
658 1460 756 1518 parere
775 1441 849 1501 solet
858 1441 944 1500 dicit:
971 1440 1253 1510 “Quemadmodum

93 1536 345 1599 nabocommuni
354 1558 435 1598 mens
444 1539 1253 1616 solvitur,etanimarelaxatur,ettristitiaomnisexponi·

94 1640 135 1691 tur:
150 1635 191 1704 ita,
205 1654 302 1695 eroso
316 1654 466 1695 sensurum
483 1635 608 1702 Donrnr,
624 1648 652 1694 et
672 1637 776 1712 poculo
791 1637 916 1705 salutari,
931 1650 1091 1713 exponatur
1112 1636 1251 1695 memoria

97 1732 170 1790 ream
178 1733 312 1801 hominis,
326 1744 354 1790 et
365 1733 414 1790 fiat
424 1733 530 1792 oblivio
541 1735 766 1792 conversationis
788 1734 916 1810 pristina
927 1733 1070 1792 secularis
1084 1743 1112 1791 et
1123 1743 1255 1791 moestum

95 1832 309 1899 maecenate,
323 1829 400 1903 qnod
414 1830 493 1907 prius
508 1830 632 1906 peccatis
646 1831 813 1906 angentibus
835 1831 1024 1907 premebatur,
1040 1828 1143 1887 divinae
1158 1827 1250 1887 indul·

95 1926 272 1999 teudelatitia
288 1928 421 1987 solvatur.
446 1970 454 1986 .
478 1969 485 1986 .
509 1971 516 1987 .
540 1929 671 1986 Ebrietas
692 1929 768 1985 enim
787 1927 924 1986 dominici
945 1928 1042 1986 calicis
1064 1936 1094 1984 et
1104 1927 1252 2004 sanguinis

95 2025 254 2092 tmesttalis,
264 2025 356 2099 qualis
366 2025 486 2083 ebrietas
499 2024 558 2082 vini
568 2023 760 2082 saeeularis.’'⁸
782 2023 826 2082 De
837 2024 873 2082 iis
884 2041 958 2097 quos
971 2024 1063 2081 malus
1077 2023 1253 2100 impediebat

95 2117 196 2191 pudorne
208 2123 244 2181 ad
258 2123 458 2182 eucharistiam
472 2122 646 2191 accederent,
662 2123 745 2181 dicit:
768 2122 952 2191 “Quomodo
963 2140 1118 2200 possumus
1133 2130 1250 2198 propter

96 2210 209 2280 dhisum
220 2221 388 2297 sanguinem
400 2219 526 2287 sundere,
538 2221 586 2293 qui
597 2221 764 2297 sanguinem
777 2219 886 2278 Christi
897 2219 1091 2278 erubescimus
1103 2219 1198 2277 bibere
1210 2215 1257 2274 l”⁴

122 2317 172 2377 lli.
191 2318 243 2378 IV.
259 2320 397 2378 Smouno.
420 2318 595 2377 (lassamus
610 2319 827 2377 Nazmuzauus
842 2318 887 2376 his
901 2318 994 2376 verbis
1011 2317 1139 2375 hortatur
1152 2315 1186 2373 ad
1208 2334 1257 2373 eu·

96 2408 221 2477 dmum
236 2416 447 2494 recipiendam:
472 2428 491 2454 ⁸⁶
504 2417 572 2476 Sine
588 2417 695 2493 pudore
710 2437 743 2474 ac
757 2416 931 2474 dubitatione
945 2435 1049 2493 corpus
1063 2414 1126 2482 ede,
1142 2415 1257 2491 sangui·

96 2515 206 2575 nubila
219 2518 245 2576 si
266 2516 352 2575 modo
366 2517 430 2575 vita
445 2515 586 2574 desiderio
601 2517 721 2583 tenerier
743 2533 796 2573 nec
817 2514 996 2573 sermonibus
1011 2515 1047 2572 de
1063 2531 1146 2572 carne
1168 2512 1256 2569 fidem

96 2605 208 2687 dagans,
237 2632 290 2673 nec
317 2614 354 2672 ad
380 2632 431 2672 eos
459 2614 508 2687 qui
537 2612 571 2671 de
606 2615 738 2690 passione
777 2613 926 2680 habentur,
957 2608 1256 2690 impingens.”-das’

96 2694 255 2774 mundatos
272 2710 315 2764 aad
327 2706 504 2772 ἇνενδοίαστως,
513 2707 575 2780 qo'sys
593 2727 624 2765 ro
634 2713 711 2778 σῶμα,
721 2706 762 2763 rtis
774 2726 805 2763 το
822 2709 895 2778 αἷμα,
904 2713 927 2764 εἰ
944 2708 988 2780 τῆς
998 2708 1061 2780 ζωῆς
1075 2713 1258 2778 ἐπιὲυμητικως

97 2786 143 2856 ldie
149 2793 206 2868 prisc
217 2796 273 2861 seir
283 2794 340 2867 napi
351 2801 436 2866 σαρκὸς
446 2796 540 2863 dumba
547 2798 636 2868 λόγοις,
647 2794 707 2868 μήτε
717 2802 771 2860 τοίς
781 2799 835 2865 napi
846 2801 877 2853 rh
888 2804 966 2859 archos
973 2798 1160 2866 βωπόμενοςὸ

122 2885 172 2943 112.
186 2887 218 2946 S.
234 2887 366 2946 Barzaura
376 2887 473 2945 Sanus
485 2888 541 2944 ait:
558 2887 663 2954 “Quid
676 2905 743 2964 ergo
754 2887 948 2945 inscrutabilia
956 2889 1101 2954 scrutaris,
1113 2909 1144 2946 ac
1155 2890 1260 2967 imper·

99 2983 239 3060 amabilia
252 2985 397 3065 vestigas?
438 2985 469 3042 Si
482 2987 559 3044 enim
574 2987 627 3043 ista
640 2987 752 3043 curiose
767 2986 888 3055 rimaris,
903 3005 962 3044 non
972 2987 1034 3063 jam
1046 2986 1139 3045 fidelis
1152 3007 1259 3047 nuncu·

100 3075 190 3151 leheris,
215 3081 266 3139 aed
293 3082 434 3140 curiosus.
475 3083 548 3140 Esto
576 3084 670 3156 itaque
705 3081 800 3141 fidelis
821 3095 904 3156 atque
936 3083 1093 3143 innocens:
1123 3087 1260 3162 participa

99 3168 275 3239 inmaculatum
304 3199 409 3258 corpus
429 3193 458 3238 et
477 3180 646 3258 sanguinem
675 3181 793 3241 Domini
813 3183 856 3241 tui
874 3182 931 3240 fide
952 3181 1131 3259 plenissIma,
1153 3198 1259 3251 certus,

100 3275 148 3341 ruod
167 3297 269 3357 agnum
294 3278 391 3355 ipsum
415 3280 523 3356 integre
545 3278 690 3337 comedas.
732 3279 812 3356 lgnis
837 3279 1005 3338 immortalis
1031 3290 1097 3336 sunt
1123 3281 1259 3354 mysteria

101 3362 194 3433 llhristi:
216 3393 284 3434 cave
306 3393 341 3433 ne
363 3392 397 3432 ea
411 3386 516 3433 temere
530 3375 675 3443 scruteris,
689 3394 726 3434 ne
747 3376 777 3433 in
797 3375 925 3452 ipsorum
950 3373 1166 3451 participatione
1179 3393 1258 3433 com·

101 3460 219 3531 humpen

77 3636 80 3641 Ι
126 3568 175 3629 113.
209 3570 241 3630 S.
263 3571 446 3638 Masurius,
467 3569 668 3647 Tangritensis
700 3569 866 3646 episcopus,
887 3568 938 3643 qui
964 3569 1019 3627 sub
1046 3569 1135 3627 finem
1159 3569 1258 3628 saculi

101 3652 159 3736 luia
169 3666 270 3737 floruit,
285 3678 314 3725 et
328 3668 449 3745 Syriaco
462 3668 577 3745 scripsit
590 3684 734 3736 sermone,
750 3666 870 3742 insignis
891 3675 937 3725 est
948 3665 1030 3725 testis
1044 3676 1163 3725 vetustae
1178 3667 1257 3726 fidei.

103 3748 234 3843 Verbaque
248 3783 284 3825 eo
298 3763 432 3824 idiomate
446 3764 568 3824 citantur
579 3785 595 3823 a
607 3764 769 3833 Wiseman,
784 3776 812 3822 et
828 3765 871 3822 sic
885 3762 1059 3822 redduntur:
1082 3774 1101 3801 ‘⁸
1116 3765 1259 3824 Praeterea

105 3852 162 3915 ditm
179 3862 276 3955 prqati
289 3860 413 3921 luissent
431 3863 633 3921 communione
655 3862 782 3937 corporis
804 3871 833 3919 et
851 3860 999 3939 sanguinis
1025 3860 1125 3920 fideles
1140 3863 1259 3939 posteri·

105 3962 163 4023 lust
177 3956 247 4043 (nisi
265 3958 321 4019 ltoe
341 3966 561 4019 sacromentum
582 3957 774 4040 instituisset)
788 3958 839 4018 sed
859 3978 946 4028 nunc,
960 3961 1201 4035 quotiescumque
1222 3960 1257 4017 ad

184 4170 188 4177 ·
218 4156 228 4233 ζ
269 4152 314 4221 (1)
331 4150 381 4219 Ep
391 4152 434 4203 liv.
445 4152 477 4205 ad
488 4150 640 4204 Cornelium.

165 4226 168 4231 ’
265 4238 309 4305 (a)
328 4236 377 4305 up.
386 4237 428 4289 lvi.
439 4238 469 4288 ed
480 4238 642 4289 'liberitanoa

196 4304 203 4317 '
265 4322 630 4394 (a)·r2p.lxiii.adcaci1ium.
664 4321 797 4374 amna.
808 4336 845 4387 op.
856 4338 890 4373 111

267 4410 310 4477 (4)
328 4408 428 4459 ibidem.

267 4497 310 4563 (5)
329 4494 396 4545 Orat.
407 4495 456 4544 xlv.
469 4499 483 4554 ξ
500 4497 538 4545 19.

266 4583 308 4649 (6)
328 4581 367 4632 De
377 4590 465 4632 natura
475 4580 523 4632 Dei
534 4597 584 4632 non
595 4580 730 4631 scrutanda.

193 4699 261 4761 Von.
277 4702 412 4762 ill—15
