2774 5056
92 315 148 376 tls
416 322 473 382 DE
494 322 595 383 RITU
616 323 942 385 EUCHARISTIOO.

589 901 722 978 PARS
754 906 784 978 1.

89 1213 173 1292 DE
221 1212 720 1338 EUOHARISTIAE
769 1212 1280 1296 SAORAMENTO.

592 1552 734 1613 OAPUT
756 1553 781 1612 1.

393 1769 448 1820 DE
478 1767 587 1819 RITU
615 1765 986 1819 uuonaslsulco.

131 1955 160 2009 2.
183 1950 309 2018 Quakeri
321 1952 446 2011 sectariis
461 1953 570 2011 ceteris
582 1951 695 2029 longius
709 1950 853 2029 progressi
864 1950 949 2009 ritum
960 1949 1194 2011 Eucharisticum
1209 1970 1284 2028 pror·

91 2065 141 2104 sus
162 2047 331 2126 rejecerunt,
355 2061 513 2107 asserentes
537 2047 685 2107 Christum
706 2047 815 2107 nullum
830 2046 985 2105 instituisse
1006 2045 1173 2123 hujusmodi
1188 2047 1284 2116 ritum,

91 2141 143 2201 sed
157 2143 362 2220 penestrina
377 2163 429 2221 pro
440 2143 606 2204 Judoeorum
620 2162 710 2212 more,
726 2153 792 2220 post
802 2143 867 2220 agni
881 2160 962 2201 esum
976 2160 1061 2201 usum
1075 2160 1151 2210 esse,
1164 2141 1286 2216 indeque

90 2239 250 2315 sumpsisse
259 2240 439 2306 occasionem
449 2239 651 2318 Apostolorum
662 2249 770 2297 mentes
780 2236 920 2296 erehendi
931 2236 966 2295 ad
975 2255 1079 2315 corpus
1089 2255 1176 2295 suum
1188 2255 1287 2295 verum

90 2346 120 2396 et
129 2338 309 2415 sanguinem,
323 2337 399 2396 haud
413 2337 484 2398 illud
494 2336 571 2412 quod
585 2337 654 2396 foris
668 2336 826 2404 videbatur,
838 2334 890 2395 sed
903 2336 1025 2395 coelcste'
1033 2353 1150 2412 prorsus
1165 2350 1195 2394 et
1205 2335 1288 2413 spiri·

91 2434 156 2504 tale,
176 2453 240 2508 -quo
262 2434 367 2495 auimae
389 2434 564 2494 reficiuntur.
606 2432 691 2501 Quod
713 2434 782 2492 alias
799 2442 901 2492 vocant
923 2449 1031 2500 semen,
1053 2430 1164 2500 lumen,
1179 2430 1288 2500 uitem,

90 2533 186 2610 ipsum
201 2533 335 2606 estquod
349 2552 453 2610 corpus
464 2533 610 2610 spirituale
624 2532 679 2590 hoc
693 2533 758 2590 loco
772 2530 932 2607 designant.
973 2530 1140 2606 Apostolos,
1154 2530 1202 2586 rel
1215 2529 1288 2588 alios

91 2629 192 2687 fideles
207 2630 276 2702 quid
289 2631 384 2688 simile
398 2630 549 2703 aliquando
563 2633 657 2706 egisse
672 2629 698 2685 ei
719 2627 796 2701 quod
819 2628 951 2685 Christus
966 2625 1105 2685 coenando
1126 2635 1287 2703 peregerat,

91 2724 167 2783 haud
182 2737 333 2802 gravantur
346 2726 445 2794 sateri;
466 2725 517 2783 sed
531 2727 616 2783 ritum
631 2726 772 2782 aestimant
782 2724 940 2802 judaicum,
952 2723 986 2781 ad
1002 2735 1116 2800 tempus
1130 2732 1287 2792 servatum,

91 2839 190 2880 eorum
216 2840 302 2880 causa
326 2823 376 2896 qui
400 2822 575 2900 spiritualem
598 2820 680 2880 illum
704 2823 799 2881 cibum
828 2821 999 2880 manducare
1023 2820 1097 2879 haud
1119 2820 1288 2880 didicerant.

92 2917 240 2976 Sententia
264 2918 326 2976 hac
347 2918 419 2977 adeo
443 2929 582 2996 repugnat
605 2921 762 2995 scripturae,
789 2918 962 2991 antiquitatis
986 2917 1151 2986 consensui,
1178 2918 1292 2995 stipsi

92 3015 190 3072 sensui
212 3014 376 3084 christiano,
391 3027 422 3073 ut
441 3016 490 3074 vix
512 3016 550 3073 sit
563 3016 613 3089 qui
633 3033 696 3074 earu
710 3014 784 3074 serid
806 3013 989 3075 refellendam
1005 3025 1141 3074 censeat:
1164 3023 1290 3072 attamen

92 3131 181 3187 quum
195 3113 321 3181 Quakeri
335 3133 465 3183 numero,
479 3113 592 3191 opibus,
607 3121 636 3173 et
652 3114 782 3191 plurimis
798 3114 935 3171 bonorum
950 3114 1057 3172 civium
1071 3111 1188 3170 dotibus
1207 3131 1291 3189 spec·

91 3209 191 3267 tabiles
217 3211 283 3278 sint,
306 3210 336 3269 iu
361 3211 413 3270 hac
437 3212 594 3288 praesertim
621 3211 701 3279 urbe,
724 3211 807 3269 liceat
831 3210 924 3276 nobis,
939 3209 1018 3268 nullo
1043 3209 1203 3277 viadrus,
1227 3228 1290 3268 rem

92 3305 218 3383 aggredi.
258 3307 288 3365 N
290 3327 307 3366 c
320 3309 415 3366 statim
430 3327 496 3366 curu
510 3308 619 3366 caeteris
631 3307 759 3365 sectariis
773 3308 903 3364 ineamus
917 3316 1071 3373 certamen,
1084 3304 1170 3363 ritum
1187 3306 1292 3364 eucha-

91 3403 217 3462 risticum
233 3424 250 3463 a
265 3405 383 3464 Christo
400 3406 575 3473 institutum·
586 3402 727 3482 perpetuis
749 3404 777 3462 in
799 3403 932 3462 Ecclesia
952 3401 1135 3469 servandum,
1158 3401 1292 3461 ostende-

91 3518 155 3558 mus
168 3520 176 3569 ;
197 3513 297 3578 postea
309 3503 401 3580 ipsius
415 3513 554 3570 naturam,
569 3511 599 3560 et
611 3500 688 3575 quod
702 3500 769 3559 latet
782 3500 835 3558 sub
856 3499 1015 3576 speciebus
1029 3517 1176 3567 arcanum,
1192 3511 1293 3558 contra

91 3596 217 3670 reliquos
231 3611 382 3658 novatores
397 3599 613 3676 propugnaturi.

599 3791 781 3832 PsoPoststo.

36 4016 38 4020 Α
137 3946 275 4007 Christus
299 3949 450 4009 Dominus
470 3950 565 4009 ritum
583 3949 717 4008 instituit
739 3947 967 4008 moturisticum
988 3947 1042 4006 sub
1063 3946 1156 4025 punis
1177 3955 1205 4006 et
1226 3948 1294 4008 uiui

94 4042 244 4119 speciebus
258 4053 398 4123 perpetuo
412 4045 446 4105 iu
458 4044 597 4106 Ecclesia
610 4063 667 4104 suc
681 4043 871 4104 seruandum.

134 4138 286 4201 Probatur
299 4141 326 4202 I.
339 4160 375 4203 esc
391 4142 565 4223 Scripturr'r.

134 4242 163 4297 3.
185 4237 293 4297 Praeter
305 4239 485 4309 Matthaeum
499 4240 642 4307 Marcum,
657 4248 687 4296 et
705 4236 824 4308 Lucam,
839 4237 947 4321 Baulos
961 4237 1047 4296 refert
1061 4236 1131 4311 quid
1152 4236 1293 4297 Christus

94 4335 186 4410 pridie
199 4353 260 4393 suae
273 4336 372 4394 mortis
385 4336 485 4413 egerit,
498 4344 528 4396 et
546 4343 720 4414 preceptum
741 4333 837 4394 datum
851 4334 999 4412 Apostolis
1018 4345 1050 4392 ut
1063 4334 1092 4392 id
1113 4334 1172 4411 ipsi
1192 4334 1224 4393 in
1245 4336 1294 4394 sui

95 4432 262 4492 memoriam
287 4440 464 4511 peragerent.
505 4432 604 4510 “Ego
628 4432 706 4491 enim
730 4433 828 4509 accepi
849 4452 867 4490 a
886 4430 1024 4500 Domino,
1039 4429 1117 4504 quod
1138 4441 1167 4488 et
1187 4431 1293 4490 tradidi
1313 4474 1316 4479 ·

96 4532 187 4600 vobis,
202 4530 337 4606 quoniam
352 4530 495 4591 Dominus
509 4529 606 4598 Jerus,
621 4529 719 4603 inqua
731 4537 814 4588 nocte
826 4528 996 4598 tradebatur,
1012 4528 1121 4604 accepit
1135 4547 1254 4605 panem,
1264 4539 1295 4588 et

96 4631 199 4706 gratias
213 4648 300 4708 agens
313 4629 407 4708 fregit,
419 4637 447 4686 et
457 4626 548 4687 dixit:
564 4627 683 4704 accipite
694 4637 723 4686 et
731 4624 917 4687 manducate:
939 4627 994 4687 hoc
1007 4635 1051 4685 cst
1061 4644 1167 4704 corpus
1179 4646 1292 4698 meum,
