2774 5056
70 315 110 374 tt
424 311 480 375 DE
502 312 622 375 MODO
642 311 903 376 Barmzartm.

71 472 189 531 Christo
202 471 284 542 Jesu,
298 472 327 531 in
342 481 430 532 morte
444 473 535 551 ipsius
555 474 688 551 baptizati
699 475 822 533 sumusl
863 472 1033 550 Consepulti
1053 469 1131 531 euim
1156 483 1265 529 surmuar

69 589 134 628 cum
149 570 198 629 illo
210 589 261 648 per
274 570 443 648 baptismum
457 571 487 629 iu
501 582 639 631 mortem:
662 582 692 631 nt
704 571 849 645 quomodo
869 570 1004 630 Christus
1020 571 1170 628 surrexita
1184 585 1261 628 1111·

69 667 126 724 tuis
140 685 192 743 per
206 666 323 744 gloriam
338 667 440 734 Patris,
453 666 491 725 ita
505 678 533 726 et
553 686 606 726 nos
621 668 651 727 in
664 669 789 728 novitate
804 668 868 726 vitae
889 665 1115 726 ambulemus.”¹
1155 663 1258 742 Sepul-

70 768 140 821 turae
152 762 246 839 imago
260 762 289 819 in
302 763 486 826 immersione
501 774 609 822 tautum
623 765 771 841 reperitur.
1267 777 1270 781 ’

108 855 197 935 Resp.
220 858 327 932 Utique
341 859 472 936 Apostoli
493 858 603 918 Christi
623 861 774 919 voluntatis
799 860 829 919 iu
850 859 938 918 sacris
953 856 1133 918 instituendis
1156 856 1257 916 ritibus

69 954 170 1030 optimi
194 966 260 1013 sunt
283 957 460 1033 interpretes,
485 975 606 1030 quorum
620 969 714 1016 tamen
728 976 773 1016 res
795 967 889 1035 gestas
904 957 948 1014 val
968 955 1139 1015 documenta
1159 955 1258 1014 omnia

69 1050 221 1134 Scripturas
235 1073 293 1113 non
306 1055 451 1113 exhibent.
493 1055 578 1122 Quod
592 1055 626 1114 de
641 1057 730 1114 tribus
744 1056 868 1115 millibus
880 1055 1028 1133 baptizatis
1042 1053 1089 1112 die
1104 1053 1258 1111 Pentecos-

68 1156 110 1205 tet
125 1149 251 1219 refertur,
278 1149 451 1209 infusionem
477 1152 520 1209 vel
547 1153 743 1228 aspersionem
770 1151 924 1210 adhibitam
953 1149 1147 1209 verosimilem
1173 1147 1251 1207 iacit.

5 1298 10 1304 .
68 1241 203 1302 Fatemur
223 1257 391 1304 consuetum
411 1258 440 1305 et
460 1246 618 1305 solemnem
646 1247 761 1322 modum
789 1247 972 1307 immersione
992 1246 1092 1312 luisse,
1114 1243 1149 1301 ad
1171 1261 1257 1317 quam

68 1341 218 1400 commode
231 1342 348 1402 refertur
362 1363 446 1418 qnam
462 1345 568 1403 Paulus
582 1358 711 1403 recenset
730 1345 881 1422 sepulture
904 1345 1069 1422 imaginem.
1111 1340 1257 1400 Ceterum

1 1515 3 1520 Ι
67 1437 98 1497 11
109 1439 259 1516 baptismo,
274 1459 453 1516 quacumque
467 1442 626 1500 conseratur
639 1443 757 1510 ratione,
780 1443 874 1520 imago
888 1441 1018 1515 quedam
1032 1441 1132 1498 mortis
1147 1437 1258 1497 Christi

68 1544 97 1593 ct
120 1536 273 1612 sepulturae
294 1538 421 1608 habetur,
444 1540 541 1597 saltem
568 1553 706 1613 quatenus
728 1559 794 1598 cum
808 1539 950 1616 baptismo
964 1538 1013 1596 illa
1025 1537 1199 1616 significatio
1220 1553 1257 1594 ex

67 1631 227 1691 christianis
239 1635 374 1694 institutis
388 1638 572 1695 connectitur.
606 1637 670 1695 Hac
681 1638 788 1695 ratione
802 1635 871 1694 dicit
884 1635 1050 1713 Apostolus,
1065 1644 1084 1671 ‘⁶
1095 1635 1163 1707 quia
1177 1646 1256 1692 vetus

67 1727 154 1788 homo
166 1744 262 1788 noster
275 1732 360 1790 simul
375 1734 529 1792 crucifixus
543 1744 595 1802 est,
608 1745 639 1792 nt
649 1732 808 1792 destruatur
821 1752 925 1810 corpus
939 1732 1059 1810 peccati,
1071 1741 1100 1789 11
1114 1731 1192 1790 ultra
1201 1749 1258 1790 non

67 1827 223 1886 serviamus
244 1831 408 1905 peccato.’'¹
447 1832 593 1906 Equidem
617 1834 653 1891 ex
678 1832 862 1891 allusionibus
883 1831 959 1889 haud
984 1830 1097 1890 firmum
1113 1829 1256 1888 derivatur

67 1935 281 2000 argumentum:
297 1926 372 2000 quod
387 1928 413 1985 si
424 1929 533 2006 placeat
545 1930 580 1987 iis
591 1930 731 1996 insistere,
745 1929 841 1988 licebit
854 1929 923 1987 illud
938 1928 1025 1987 Pauli
1034 1928 1169 2004 prolerre,
1179 1925 1257 2001 quod

66 2021 204 2081 infusioni
217 2023 310 2083 favere
325 2026 469 2084 rideatur:
492 2027 615 2086 “salvos
636 2047 689 2087 nos
710 2028 778 2086 fecit
793 2047 843 2105 per
864 2026 1011 2086 lavacmm·
1028 2025 1253 2105 regenerationis

65 2130 94 2176 et
107 2121 295 2179 renovationis
311 2124 433 2200 Spiritus
460 2125 566 2192 Sancti,
582 2143 667 2198 quem
688 2124 788 2183 effudit
811 2125 842 2183 in
865 2143 918 2183 uos
947 2122 1057 2182 abunde
1086 2143 1135 2200 per
1154 2121 1257 2182 Jcsum

66 2215 214 2276 Christum
252 2220 427 2279 Salvatorem
468 2221 653 2281 nostrum.”³
714 2221 880 2299 Respondet
917 2221 1063 2299 aptissime
1102 2221 1255 2279 vaticinio:

68 2312 252 2373 “Effundam
267 2334 354 2394 super
366 2336 418 2376 vos
429 2337 531 2391 aquam
547 2317 691 2386 mundam,
703 2328 731 2376 et
743 2318 947 2377 mundabimini
962 2318 996 2378 ab
1011 2318 1143 2376 omuibus
1166 2318 1258 2390 inqui·

65 2411 206 2470 ramentis
233 2413 378 2473 vestris.”⁴
430 2416 634 2492 Aspersionem
660 2415 765 2474 indicat
788 2415 894 2475 Paulus
923 2414 979 2473 1111
1000 2415 1080 2474 11111
1117 2414 1258 2493 “aspersi

66 2506 150 2566 corda
164 2510 368 2571 aconseientia
382 2512 465 2580 mala,
479 2523 508 2570 et
521 2512 608 2569 abluti
623 2531 726 2589 corpus
741 2530 814 2585 aqna
829 2510 984 2570 munda.''⁵

104 2607 153 2664 74.
172 2603 237 2682 Odj.
254 2612 282 2664 5.
304 2608 478 2684 Baptismus,
490 2609 937 2684 11111101111111111111111111,
949 2609 1081 2667 omnibus
1093 2609 1255 2675 fatentibus,

66 2702 118 2761 suit
148 2701 351 2761 immersione:
386 2721 453 2780 ergo
476 2704 613 2762 Ecclesiae
634 2723 691 2762 uon
712 2705 793 2762 licuit
812 2705 896 2763 aliam
921 2705 1083 2784 baptizandi
1116 2707 1256 2766 rationem

65 2801 209 2869 inducere,
224 2799 270 2857 vel
283 2801 403 2859 sancire.
654 2874 656 2887 ,

105 2898 193 2976 Resp.
216 2897 349 2956 Christus
374 2900 512 2957 rationem
537 2919 592 2973 qua
618 2901 775 2976 baptismus
803 2902 982 2961 conferretur
1003 2912 1079 2962 certa
1105 2902 1168 2979 lege
1196 2919 1256 2960 nen

66 2995 203 3063 definivit,
218 2994 268 3053 sed
282 2995 425 3072 baptizare
434 2997 521 3072 jussit
535 2997 699 3073 Apostolos,
715 2997 800 3071 quod,
812 2999 895 3074 juxta
919 2999 1047 3058 vocabuli
1069 3017 1151 3057 usum
1174 2997 1258 3056 latio·

66 3113 136 3163 rem,
163 3094 194 3151 fit
220 3093 326 3152 lotione
354 3113 541 3169 quacumque.
584 3096 672 3172 igitur
695 3096 858 3156 mandatum
883 3099 992 3156 Christi
1020 3117 1077 3172 quo
1107 3097 1257 3156 immersio

65 3192 245 3272 precipiatur
258 3210 315 3250 non
330 3201 415 3250 extat.
458 3192 541 3259 Quod
557 3205 651 3252 autem
672 3194 733 3253 alie
748 3196 869 3254 rationes
891 3196 1053 3273 baptizandi
1068 3197 1253 3264 obtinuerint,

64 3310 124 3351 non
148 3290 267 3366 contigit
281 3290 420 3349 Ecclesiae
438 3292 583 3350 sanctione
598 3292 643 3349 vel
665 3303 737 3360 actu,
749 3293 799 3351 sed
814 3313 851 3351 ex
861 3313 953 3352 rerum
965 3295 1142 3352 necessitate.
1184 3294 1258 3353 Sen-

64 3390 118 3449 sim
128 3390 190 3446 sine
204 3406 301 3456 sensu,
313 3400 396 3466 prout
407 3388 834 3465 multiplicabanturoccasiones
849 3393 943 3449 minus
957 3391 1121 3450 solemniter
1134 3390 1255 3450 admini-

62 3486 179 3546 istraadi
191 3483 414 3553 Sacramentum,
429 3485 534 3543 sactum
548 3494 633 3543 estut
658 3485 864 3561 baptizarentur
877 3488 996 3546 infantes
1011 3488 1114 3562 aliique
1137 3487 1258 3564 plurimi

64 3586 205 3644 inlusione
232 3587 267 3644 ob
289 3584 465 3661 periculum:
487 3582 562 3640 unde
584 3581 662 3640 nullo
683 3583 821 3642 Ecclesiae
842 3585 965 3654 decreto,
980 3587 1043 3663 ipsa
1064 3597 1158 3644 tamen
1178 3585 1258 3644 haud

64 3680 251 3758 improbante,
267 3682 386 3740 obtinuit
398 3700 459 3739 mos
474 3681 513 3738 ita
525 3680 697 3758 baptizandi,
714 3681 788 3754 quod
804 3683 947 3740 nonnullis
969 3683 997 3740 in
1013 3685 1125 3742 casibus
1139 3701 1257 3760 semper

64 3779 126 3837 fieri
141 3779 300 3836 consuevit.

105 3880 155 3935 75.
181 3872 247 3952 obj.
275 3877 303 3932 6.
326 3873 374 3931 Ex
396 3873 503 3932 Justini
526 3875 701 3949 aliorumque
727 3890 851 3933 veterum
876 3876 1044 3952 scriptorum
1071 3879 1257 3948 testimoniis,

65 3972 136 4050 ipsis
151 3969 317 4028 advorsariis
340 3970 499 4038 latentibus,
514 3982 623 4029 constat
643 3973 855 4030 immersionem
876 3969 1028 4033 adhibitam
1051 3992 1102 4054 per
1122 3975 1248 4053 plurima

457 4165 498 4229 (l)
519 4163 590 4213 Rom.
601 4164 633 4214 vi.
646 4167 669 4213 3.

458 4250 497 4313 (2)
517 4247 609 4297 Ibidem
622 4250 646 4296 6.

456 4334 495 4399 (3)
515 4333 565 4383 Tit.
577 4334 646 4383 1115.

453 4417 495 4482 (4)
514 4417 605 4468 Erech.
616 4415 703 4466 xxxvi.
714 4417 755 4464 25.

458 4500 497 4566 (5)
515 4501 580 4551 Heb.
590 4517 617 4550 x.
628 4498 668 4550 22.
