2774 5056
411 318 469 378 DE
489 317 730 378 INFANTIUM
750 317 971 378 BhPTlSMO.
1249 323 1288 379 ⁷5

89 479 202 540 sandos
216 479 358 539 offerrent
371 477 538 537 Tertulliani
551 487 644 548 aetatc,
659 495 710 537 eos
730 478 913 537 vehementer
932 477 1084 555 redarguit.
1126 488 1146 515 “
1156 477 1283 551 Itaque,’'

89 575 194 650 inquit,
209 587 296 653 “pro
320 577 457 653 cujusque
482 593 611 653 personae
631 573 793 634 conditione
815 594 848 633 ae
870 573 1068 652 dispositione,
1088 576 1175 635 etiam
1196 586 1286 641 aetate,

89 677 235 735 cunctatio
249 675 385 752 baptismi
399 674 494 733 utilior
507 684 568 736 est:
591 675 733 752 praecipue
744 682 838 733 tamen
849 674 924 732 circa
939 673 1079 751 parvulos.
1121 674 1199 742 Quid
1210 676 1287 734 enim

91 790 209 831 necesse
225 783 272 831 est
288 790 442 849 sponsores
456 771 541 830 etiam
556 772 683 849 periculo
697 769 807 849 ingerit
829 772 896 845 quia
909 780 937 828 et
950 771 1005 848 ipsi
1027 789 1078 847 per
1091 773 1287 831 mortalitatem

91 869 245 929 destituere
271 868 479 945 promissiones
504 878 635 945 possunt,
666 877 695 927 et
715 878 853 944 proventu
879 867 959 925 malae
986 866 1089 925 indolis
1117 867 1186 926 salli.
1240 868 1289 926 Ait

95 966 210 1041 quidem
225 965 383 1026 Dominus.
416 965 534 1023 ‘Nolite
549 965 613 1024 illos
628 965 778 1042 prohibere
793 964 828 1022 ad
849 982 894 1023 me
909 965 1023 1022 veniret
1065 964 1189 1022 Veniant
1209 981 1287 1041 ergo,

93 1062 159 1122 dum
175 1063 364 1132 adolescunt;
382 1063 497 1121 veniant
511 1062 579 1121 dum
593 1062 729 1133 discunt3
749 1060 816 1120 dum
832 1079 889 1135 quo
903 1061 1029 1127 veniunt,
1045 1060 1198 1118 docentur:
1220 1061 1291 1119 fiant
1377 1046 1382 1055 ’

96 1157 253 1219 Christiani
267 1178 333 1218 cum
350 1158 499 1217 Christum
512 1177 597 1217 nosse
612 1159 764 1235 potuerint.
806 1157 882 1225 Quid
898 1157 1010 1215 festinat
1024 1159 1161 1216 innocens
1173 1166 1240 1214 aetas
1254 1156 1290 1214 ad

93 1255 294 1315 remissionem
309 1253 513 1332 peccatorum?
535 1254 656 1313 Cautius
671 1255 763 1332 agitur
776 1254 807 1312 iu
820 1253 1013 1320 secularibus,
1029 1267 1060 1311 ut
1073 1254 1119 1311 cui
1134 1253 1290 1339 substantia

94 1362 202 1411 terrena
223 1372 283 1411 non
309 1351 443 1421 creditur,
457 1351 553 1411 divina
573 1352 718 1411 credatur:
748 1350 843 1409 norint
863 1361 959 1428 petere
981 1350 1112 1419 salutem,
1128 1360 1159 1408 ut
1182 1351 1288 1427 petenti

96 1448 206 1508 dedisse
220 1446 392 1507 videaris.''²

132 1546 221 1626 Resp.
245 1548 294 1606 Ex
309 1548 381 1625 ipsis
396 1546 566 1605 Tertulliani
580 1547 674 1605 verbis
689 1546 778 1621 liquet
791 1564 857 1604 eum
875 1546 947 1604 velle
970 1547 1119 1603 immutare
1140 1555 1291 1603 consuetu·

99 1643 199 1711 dinem,
216 1662 275 1702 non
290 1654 357 1702 tunc
372 1644 496 1720 primum
510 1642 664 1712 inductam,
677 1643 728 1701 sed
743 1644 885 1721 vigentem
895 1644 968 1720 jam,
977 1653 1006 1701 et
1016 1643 1180 1709 stabilitam,
1193 1654 1290 1720 utpote

99 1742 130 1799 ab
143 1742 347 1818 Apostolorum
359 1752 439 1798 aetate
451 1739 614 1799 derivatam.
637 1741 698 1799 Suo
710 1740 860 1819 indulgens
873 1741 988 1816 ingenio
999 1741 1146 1808 severiori,
1158 1741 1291 1818 opinatus
1355 1798 1359 1813 ,

98 1852 139 1897 est
160 1848 294 1917 prestare
319 1849 352 1897 ut
375 1838 534 1916 baptismus
559 1837 729 1907 differretur,
751 1839 842 1897 donec
862 1838 976 1897 edoceri
997 1840 1109 1916 possint
1130 1839 1294 1916 baptizandi

101 1947 232 2011 quantum
246 1938 408 2014 suscepturi
423 1937 517 1995 forent
529 1955 645 1998 munus.
688 1923 848 2014 Singularis
862 1936 923 1995 haeo
937 1937 1078 1995 sententia
1091 1956 1149 1995 non
1161 1938 1293 2006 obtinuit,

102 2035 147 2092 sed
170 2046 235 2114 post
260 2034 387 2093 medium
413 2034 549 2092 seculum
575 2033 645 2093 adeo
667 2034 785 2092 immota
809 2035 930 2111 perstitit
951 2045 1032 2092 votus
1054 2035 1241 2103 consuetudo,
1262 2045 1295 2093 ut

102 2131 266 2206 nequidem
288 2140 354 2190 octo
379 2132 489 2189 dierum
511 2130 609 2189 dilatio
624 2143 783 2208 opportuna
805 2133 1007 2208 episcoporum
1028 2132 1150 2191 concilio
1165 2133 1226 2190 visa
1246 2134 1292 2191 sit.

104 2229 239 2302 Equidem
255 2246 327 2302 quas
342 2229 447 2305 objecit
460 2227 638 2286 difficultates
653 2247 710 2287 non
724 2228 867 2305 ejusmodi
880 2241 956 2302 sunt,
971 2249 1041 2302 quas
1057 2229 1291 2306 Praedo-baptismi

103 2326 225 2386 hodierni
240 2327 395 2385 adversarii
408 2335 520 2404 urgent,
535 2327 703 2403 petebantur
716 2328 793 2385 enim
808 2328 949 2402 imprimis
964 2345 1001 2385 ex
1023 2345 1194 2403 sponsorum
1218 2329 1292 2403 peri·

100 2425 169 2493 culo,
183 2425 366 2503 parvulorum
387 2425 503 2483 nomine
525 2423 722 2500 pollicentium
743 2423 820 2496 quod
841 2424 908 2500 ipsi,
924 2436 1014 2481 morte
1035 2424 1130 2482 forsan
1142 2426 1290 2501 praerepti,

103 2539 154 2580 non
166 2530 286 2599 possent
296 2539 393 2579 curare
405 2518 629 2596 adimplendum,
639 2517 773 2591 quodque
785 2518 859 2576 mala
871 2536 1021 2594 puerorum
1034 2517 1156 2586 indoles,
1168 2538 1290 2596 sponso·
1375 2542 1382 2553 ·

104 2617 173 2677 sibim
194 2617 406 2697 superstitibus,
428 2628 456 2674 et
480 2615 611 2683 solicitis,
632 2625 732 2691 posset
755 2601 899 2673 frustrari:
922 2613 1024 2673 deinde
1049 2634 1087 2674 ex
1114 2617 1291 2677 sacramenti

103 2712 193 2775 dirius
204 2714 377 2795 prestantia.
420 2715 581 2773 Novatores
601 2712 775 2790 baptismum
796 2712 825 2772 vi
846 2731 940 2771 carere
953 2731 971 2771 e
984 2725 1081 2772 contra
1095 2713 1203 2784 dicunt,
1217 2716 1290 2774 nihil

103 2812 214 2889 proinde
227 2812 358 2873 divinum
374 2811 532 2877 continere3
546 2820 574 2868 et
587 2828 760 2887 sponsorum
774 2829 878 2868 munus
893 2810 1049 2887 negligunt.
1091 2811 1177 2879 Quod
1198 2823 1292 2872 autem

104 2906 327 2987 dspssvolorum
341 2908 511 2986 baptismate
534 2906 693 2966 differendo
707 2907 800 2966 arrisit
823 2907 1012 2981 Tertulliano,
1026 2907 1061 2966 de
1084 2909 1241 2986 virginibus
1262 2923 1292 2970 et

103 3006 190 3071 viduis
209 3009 299 3069 etiam
324 3009 417 3066 risum
440 3018 494 3075 est,
508 3025 579 3081 quas
606 3017 701 3064 tamen
723 3024 809 3064 nemo
829 3005 933 3064 dixerit
946 3024 983 3065 ex
1003 3006 1066 3084 lege
1082 3007 1192 3066 Christi
1213 3009 1289 3067 haud

104 3102 212 3167 ibam
224 3106 421 3165 Sacramenta.
452 3104 549 3182 Pergit
563 3105 643 3181 ipse:
666 3112 687 3140 “
701 3103 770 3162 Non
783 3104 893 3162 minore
905 3103 941 3161 de
953 3123 1040 3162 causa
1051 3106 1164 3182 innupti
1175 3124 1290 3180 quoque

72 3200 76 3205 ’
105 3204 331 3283 mutinandi,
345 3205 374 3263 in
389 3205 494 3278 quibus
508 3203 625 3262 tentatio
639 3212 793 3280 praeparata
812 3212 857 3261 est
879 3213 935 3261 tam
957 3204 1113 3281 virginibus
1137 3224 1188 3282 per
1202 3216 1291 3264 matu·

105 3298 216 3375 n'htern,
237 3320 323 3376 quam
345 3301 438 3358 viduis
461 3301 712 3377 personationem,
735 3298 826 3357 donec
841 3309 888 3357 aut
909 3300 1023 3368 nubant,
1039 3312 1087 3359 aut
1107 3303 1288 3361 continentis

107 3398 322 3457 attraherentur.
364 3398 398 3456 Si
412 3397 461 3471 qui
475 3396 586 3474 pondus
601 3395 760 3474 intelligant
773 3397 916 3473 baptismi,
931 3397 1022 3473 magis
1037 3397 1176 3454 timebunt
1189 3416 1289 3455 conse·

108 3494 249 3565 eudonem
273 3514 367 3569 quam
383 3494 565 3553 dilationem:
588 3492 660 3552 fides
685 3495 793 3571 integra
814 3511 913 3550 secura
933 3506 977 3550 est
999 3493 1034 3550 de
1059 3493 1179 3552 salute.’'
1230 3495 1289 3563 Qui

109 3592 240 3651 annom
259 3591 364 3669 placita
387 3590 423 3650 de
448 3592 572 3668 parvulis
597 3592 726 3659 miratur,
741 3592 804 3649 haec
828 3607 942 3662 quoque
967 3591 1029 3666 pari
1055 3591 1163 3649 ratione
1188 3594 1289 3670 probet

110 3699 216 3763 aportat

144 3788 202 3845 tus.
228 3783 297 3866 obj.
313 3789 343 3843 4.
366 3785 523 3863 Gregorius
550 3784 756 3844 Nazianzenus
783 3784 905 3843 tutantes
929 3784 1116 3863 baptizandos
1130 3805 1194 3846 esse
1215 3789 1290 3848 haud

110 3884 244 3958 sarmit?
608 3893 614 3907 ·

145 3975 225 4057 Bcap.
247 3979 373 4039 Censuit
395 3980 513 4039 omnino
535 3980 692 4059 Gregorius
717 3979 838 4039 infantes
862 3979 1049 4057 baptizandos
1071 4001 1146 4052 esse,
1161 3988 1291 4058 quamvis

114 4074 258 4149 opinaretur
271 4087 407 4157 oportere
420 4088 572 4156 expectare
586 4076 750 4147 triennium,
765 4077 791 4134 si
811 4077 919 4137 nullum
941 4078 1102 4138 immineret
1122 4082 1289 4157 periculum,

116 4181 142 4228 ιι
151 4172 291 4249 aliqualem
306 4174 436 4235 hebdam
451 4177 576 4236 muneris
591 4176 737 4238 haberent.
759 4185 780 4212 “
790 4175 887 4235 Infans
899 4176 949 4234 tibi
963 4187 1008 4234 est
1018 4176 1052 4234 t’'
1066 4180 1105 4237 ait
1118 4179 1148 4237 in
1161 4192 1290 4239 sanctum
1343 4169 1347 4176 ’

116 4264 233 4343 banhem
241 4274 392 4334 disserens
402 4283 448 4352 ιιι*
461 4272 509 4333 Ne
522 4274 702 4334 occasionem
712 4274 878 4352 improbitas
892 4274 1015 4352 arripiat:
1037 4277 1074 4335 ab
1085 4277 1201 4336 infantia
1212 4288 1293 4337 sane·

432 4511 476 4577 (l)
495 4507 526 4560 1..
536 4509 567 4559 ds
577 4510 698 4574 baptismo
709 4527 730 4561 o.
741 4510 809 4561 xviii.
960 4580 964 4588 ι

431 4596 473 4662 (a)
493 4595 822 4668 oecumenem-ma
900 4584 903 4590 '
