2774 5056
310 336 367 399 DE
389 335 698 399 memmimus:
720 334 1035 399 EUOHARISTIAE.
1213 343 1270 401 tta

89 490 206 568 Apostoli
220 514 287 554 eum
311 515 357 556 eo.
398 497 439 557 Et
452 496 582 556 aitillis:
604 495 756 557 Desiderio
769 495 929 556 desideravi
953 496 1010 556 hoc
1033 496 1139 576 pascha
1152 498 1269 560 mandu-

90 609 140 651 osrs
158 593 307 655 vobiscum
335 584 488 670 antequam
515 595 614 673 patiar.
669 595 744 654 Dim
774 595 851 655 enim
874 595 966 664 vobis,
988 596 1054 669 quia
1074 614 1111 655 ex
1138 597 1193 658 hoc
1213 617 1271 660 non

90 689 251 751 manducabo
266 692 347 762 illud,
362 693 453 752 donec
462 692 614 770 impleatur
623 692 653 751 iu
668 709 756 770 regno
769 691 836 750 Dei.
876 692 917 751 Et
930 701 1046 770 accepto
1059 693 1158 763 calice,
1168 697 1271 774 gratias

91 785 145 861 egit,
157 797 184 846 et
197 789 291 847 dixitr
315 799 336 827 “
346 790 488 868 Accipite,
503 799 532 848 et
544 788 662 848 dividite
681 789 756 847 iuter
779 806 841 847 vos.
884 787 961 848 Dico
984 790 1061 849 enim
1082 784 1174 862 vobis,
1190 794 1269 868 qnod

91 898 137 942 non
153 883 245 944 bibam
263 884 299 944 de
320 887 504 965 generatione
524 886 601 955 vitis,
616 885 708 945 donec
728 903 847 963 regnum
868 885 926 944 Dei
945 886 1049 946 veniat.
1091 888 1133 947 Et
1153 903 1271 971 accepto

93 997 159 1056 pane,
172 983 276 1060 gratim
295 985 364 1062 egit,
379 996 408 1044 et
421 985 515 1063 fregit,
529 994 559 1044 et
576 983 655 1043 dedit
674 986 728 1054 eie,
743 983 863 1044 deense
886 983 954 1043 Huc
976 995 1021 1042 est
1040 1004 1144 1065 corpus
1164 1007 1272 1060 meum,

96 1077 157 1149 qnod
169 1098 221 1157 pro
235 1081 319 1139 vobis
333 1081 434 1141 datur:
456 1081 512 1141 hoe
525 1081 610 1140 facite
631 1081 662 1140 in
672 1099 765 1141 meam
779 1081 1090 1142 commemorationem.
1133 1085 1273 1146 Similiter

96 1177 244 1237 etcalicem
257 1190 410 1257 postquam
422 1181 554 1249 coeuavit,
568 1179 667 1238 dicens
679 1199 688 1237 z
712 1179 769 1237 Hic
783 1187 827 1237 est
840 1179 915 1237 calix
929 1195 1035 1239 novum
1050 1180 1269 1246 Testamentum

98 1269 121 1330 iu
137 1276 268 1353 sanguiue
290 1295 367 1345 meo,
383 1278 432 1351 qui
447 1296 499 1355 pru
513 1277 594 1336 vobis
618 1275 799 1335 fundetur.'’²
838 1276 950 1336 Textus
963 1277 1066 1336 habet:
1087 1281 1168 1336 Τοῦτό
1178 1287 1233 1340 ἐστι
1244 1303 1275 1342 so

97 1369 151 1439 σῦμᾶ
158 1393 208 1441 μου,
218 1379 251 1428 τὸ
261 1376 323 1444 dirsp
333 1377 400 1443 ὑμῶν
406 1375 537 1444 διδόμενον·
570 1374 654 1429 'roien
661 1376 691 1429 rb
703 1370 847 1444 mocfpwsns‘p
858 1375 929 1446 emto}
937 1376 1043 1446 δωδὴκη
1054 1379 1079 1431 ln
1089 1380 1125 1444 τῷ
1135 1374 1277 1446 ufpueepou

96 1459 119 1509 ti
132 1460 447 1531 dnrpdpraewu'psssov·

131 1551 169 1606 50.
190 1549 298 1607 Paulus
311 1550 490 1619 Corinthios,
504 1549 540 1610 de
551 1549 648 1609 divina
660 1549 750 1626 hujus
765 1549 940 1610 sacramenti
955 1551 1131 1613 institutione
1138 1553 1200 1632 jam
1214 1573 1231 1612 a
1244 1571 1276 1613 se

100 1641 204 1716 doctos
219 1648 397 1725 gravissimis
411 1648 505 1707 verbis
519 1657 638 1707 monete
660 1656 680 1684 ‘⁸
689 1648 755 1725 Ego
766 1648 844 1707 enim
858 1650 984 1727 accepia
997 1649 1138 1719 Domino,
1154 1650 1231 1725 quod
1245 1661 1275 1711 et

102 1739 183 1801 tradidi
195 1744 288 1813 vobis,
303 1745 440 1818 quoniam
461 1744 606 1803 Dominus
626 1744 725 1813 iesus,
740 1745 769 1802 in
795 1762 851 1819 qua
871 1754 954 1804 nocte
975 1746 1144 1818 tradebatur,
1165 1750 1279 1827 accepit

103 1851 195 1911 panem,
210 1852 238 1901 et
251 1842 356 1918 gratias
376 1860 464 1919 agens
484 1841 577 1919 fregit,
599 1852 627 1898 et
641 1839 733 1899 dixit:
755 1841 886 1917 Accipite
901 1851 930 1900 ct
950 1843 1117 1904 manducate
1133 1865 1141 1903 ε
1164 1845 1219 1904 hoc
1234 1857 1279 1904 est

104 1949 186 2013 eorpus
200 1958 310 2008 meum,
326 1939 404 2013 quod
418 1958 471 2017 pro
492 1939 575 1998 vobis
597 1937 737 1998 tradetur:
759 1937 814 1996 hoc
828 1938 911 1998 facite
925 1941 954 1999 in
968 1960 1060 2001 meam
1075 1961 1280 2003 commemora·

104 2028 199 2093 funem.
233 2036 372 2095 Similiter
387 2045 416 2096 et
429 2035 547 2095 calicem
560 2047 712 2113 postquam
725 2035 986 2103 conscindimus:
1010 2038 1068 2097 Hic
1081 2039 1156 2098 calix
1170 2058 1279 2099 morum

106 2119 300 2190 Testamentum
313 2143 358 2191 est
379 2133 496 2199 immeo
510 2131 659 2208 sanguine.
702 2130 769 2189 Hoc
789 2130 883 2200 facite,
906 2134 1143 2210 quotiescumque
1164 2137 1278 2205 bibetis,

107 2217 223 2286 intrusam
232 2227 584 2288 commemorationem.”¹¹
604 2226 639 2286 In
650 2237 729 2286 textu
745 2247 753 2284 r
774 2234 848 2290 rotet
858 2251 904 2300 μου
914 2233 966 2286 ἐστὶ
976 2236 1006 2286 τὸ
1018 2237 1087 2301 σῶμα
1097 2237 1127 2287 τὸ
1137 2236 1198 2302 ὑπὲρ
1214 2237 1281 2303 ὑμῶν

106 2320 213 2389 mptum·
224 2327 301 2381 redeo
310 2325 406 2382 noeirs
418 2331 452 2390 εἰς
462 2326 574 2397 equiperis·
582 2324 798 2395 ἂναμνηοιν-τοῶ
809 2325 840 2377 τὸ
858 2316 1006 2390 ποτήριον,ἡ
1017 2342 1088 2389 xqu
1099 2318 1203 2391 διαθήκη
1215 2324 1283 2376 ἐστίν

107 2406 125 2457 ἓν
133 2415 161 2478 ri
170 2416 215 2483 ἐμᾷ
226 2413 326 2485 dipsas·
337 2416 413 2471 roien
424 2417 519 2471 nederc
532 2413 617 2477 ὁσάκις
626 2436 656 2468 cu
667 2410 765 2483 aiones,
776 2416 810 2474 ἐις
820 2428 866 2481 την
876 2411 935 2480 ἐμὴν
946 2409 1083 2479 ἀνάμνησνα·

138 2500 176 2558 bl.
195 2501 268 2561 Illud
281 2503 423 2582 imprimis
437 2503 559 2564 occurrit
571 2500 790 2569 observandum,
805 2507 925 2574 quatuor
938 2498 1089 2575 scriptores
1104 2516 1201 2556 sacros
1214 2516 1276 2559 rem

109 2596 228 2670 retulisse,
243 2601 322 2676 quod
344 2603 442 2677 quanti
465 2603 503 2660 sit
526 2601 665 2661 momenti
689 2599 805 2668 iudicat,
824 2597 982 2675 praesertim
1005 2615 1092 2671 quum
1107 2615 1143 2655 ex
1164 2596 1282 2674 speciali

109 2694 257 2757 revelatione
272 2717 304 2757 se
318 2717 382 2758 eam
397 2698 533 2758 didicisse
548 2699 656 2757 Paulus
670 2706 796 2756 testetur.
827 2695 846 2754 J
848 2713 894 2753 am
908 2712 975 2753 vero
989 2692 1052 2771 ipsa
1064 2694 1150 2753 verba
1164 2712 1283 2772 perpen-

110 2779 198 2853 damus.
240 2795 351 2855 Omnes
370 2796 400 2854 in
424 2795 528 2855 iisdem
549 2794 706 2854 referendis
720 2794 817 2860 verbis
828 2791 864 2851 de
889 2810 962 2869 pane
983 2792 1174 2851 eucharistico
1195 2791 1281 2851 dictis

111 2891 271 2961 conveniunt,
288 2902 377 2951 “noo
401 2911 456 2951 usn
476 2911 587 2951 conans
601 2890 720 2951 muuu.'’
762 2890 819 2950 His
840 2888 937 2966 adjicit
966 2888 1077 2948 Lucas:
1101 2889 1208 2964 “quod
1231 2908 1284 2967 pro

112 2979 174 3042 l0bis
186 2986 265 3046 datur
277 2987 307 3057 ;’'
324 2988 401 3063 quod
415 2989 523 3048 Paulus
537 2987 643 3048 reddit:
667 2986 774 3061 “quod
788 3004 841 3064 pro
855 2986 937 3044 vobis
952 2985 1087 3064 frangitur
1098 2985 1128 3044 :”
1151 2986 1203 3045 sed
1223 2986 1285 3045 haec

113 3072 157 3138 nm
169 3099 269 3163 augent
281 3087 433 3145 verborum
448 3086 579 3155 aliorum,
595 3105 683 3159 quum
698 3071 768 3144 illud
782 3082 925 3142 declarent
937 3102 1041 3161 corpus
1056 3102 1120 3142 esse
1136 3082 1213 3157 quod
1232 3103 1286 3162 pro

113 3173 177 3237 ¹¹⁰bis
197 3181 293 3241 datum
317 3195 371 3252 est,
391 3193 421 3241 et
444 3183 632 3252 immolatum,
647 3183 678 3241 in
702 3200 784 3241 coena
809 3180 925 3255 quidem
948 3180 1082 3262 mystice,
1098 3181 1233 3258 deinceps
1256 3182 1287 3239 in

114 3281 187 3346 truce,
211 3282 350 3358 sanguine
376 3280 479 3350 effuso,
507 3279 724 3339 immolandum.
765 3276 811 3337 De
835 3278 922 3337 calice
943 3296 1002 3337 uon
1024 3277 1095 3337 adeo
1115 3276 1288 3337 concordant

115 3371 188 3443 turba,
200 3378 286 3437 obvia
298 3377 334 3436 de
348 3396 444 3446 cause,
460 3395 548 3451 quum
563 3377 640 3435 enim
654 3376 789 3454 poculum
803 3392 855 3453 pro
869 3393 904 3433 eo
918 3374 995 3447 quod
1009 3374 1145 3441 continet,
1156 3374 1289 3432 familiari

116 3471 237 3533 sturitate
261 3477 361 3553 ligura,
382 3476 491 3554 passim
512 3485 673 3552 usurpetur,
697 3473 791 3533 Lucas
811 3484 840 3532 et
863 3473 970 3531 Paulus
992 3472 1146 3532 retulerunt
1169 3472 1288 3532 calicem

117 3554 201 3631 dotum
214 3590 280 3630 esse
294 3590 400 3631 novum
414 3572 634 3631 Testamentum
648 3572 678 3629 iu
705 3569 815 3629 Christi
834 3569 984 3645 sangnine,
999 3567 1154 3627 Mattheus
1169 3585 1237 3626 vero
1257 3580 1288 3629 et

117 3654 212 3730 Murcus
237 3670 405 3748 simpliciter
431 3670 583 3729 dixeruntr
614 3668 704 3728 “Hic
730 3678 774 3727 est
799 3667 917 3745 sanguis
944 3666 1060 3726 meus.”
1102 3666 1188 3736 Quod
1214 3667 1291 3727 calix

118 3749 325 3833 diuturnorum
339 3765 557 3825 Testamentum
571 3768 602 3824 in
617 3765 726 3824 Christi
746 3764 895 3842 sanguine,
910 3762 1053 3841 significat
1071 3782 1179 3824 novum
1195 3765 1288 3824 l'oedus

120 3844 208 3920 cbristi
221 3863 361 3940 sanguine
375 3863 490 3931 sanciri,
506 3863 555 3936 qui
569 3880 605 3920 eo
618 3861 706 3920 calice
721 3860 927 3919 continebatur.

54 3982 56 4001 =
148 3957 188 4016 52.
208 3958 306 4018 Verba
320 3959 439 4027 Christi,
455 3960 540 4020 obvio
554 3969 669 4036 sumpta
682 3977 780 4026 seusu,
791 3974 896 4034 corpus
907 3957 1112 4035 etsanguinem
1128 3976 1211 4016 snum
1226 3975 1292 4017 esse

120 4057 167 4114 llo
178 4055 323 4134 Apostolis
336 4056 449 4115 tradidit
463 4057 599 4133 probant:
614 4074 649 4114 ea
661 4065 756 4116 autem
769 4053 854 4113 obvio
868 4053 1007 4112 sumenda
1019 4071 1084 4112 esse
1098 4072 1185 4113 seusu
1198 4062 1293 4113 oeten·

122 4134 225 4213 ‘librent
244 4172 391 4213 sacrorum
411 4154 581 4230 scriptorum
602 4151 764 4220 concordia,
779 4149 874 4209 mullus
895 4150 972 4208 enim
996 4151 1116 4228 figuram
1138 4151 1292 4219 iudicarim

76 4298 80 4303 .
122 4248 150 4295 ‘¹
158 4251 282 4328 emphasi
293 4269 350 4325 qua
361 4250 494 4309 Christus
503 4250 615 4308 locutus
626 4261 680 4319 est;
694 4267 732 4308 ex
743 4246 892 4307 occasione
904 4249 1054 4316 sermonis,
1066 4247 1205 4306 condebat
1217 4248 1294 4305 enim

123 4345 205 4410 ”tium
218 4349 325 4420 fredus,
338 4367 478 4424 novaque
490 4348 563 4426 legis
577 4348 754 4427 precipuum
768 4345 932 4406 instituebat
944 4347 1158 4404 Sacramentum
1175 4364 1183 4413 ς
1204 4363 1242 4404 ex
1257 4344 1293 4402 iis

499 4559 541 4626 (1)
560 4557 691 4609 Luaxxii.
704 4559 743 4608 14.

501 4646 543 4713 (2)
562 4645 583 4697 I.
595 4644 653 4696 Gor.
663 4645 698 4697 xi.
709 4646 752 4696 2³.
