2812 5062
351 296 408 355 DE
430 292 651 371 eremmon
671 293 1046 355 PROPRIETATIBUS.
1236 296 1296 352 283

100 455 229 514 debatur.
258 454 422 515 Discrimen
436 453 530 513 lucide
545 455 665 532 exponit
679 454 875 531 Augustinus:
892 462 912 490 “
922 453 951 511 N
954 472 992 511 on
1005 452 1049 511 sic
1058 470 1108 510 eos
1121 452 1137 530 (
1137 451 1296 531 martyres)

99 571 370 621 commemoramus,
393 550 633 651 quemadmodum
662 551 733 609 alios
755 550 849 624 quiin
869 569 940 627 pace
960 550 1152 623 requiescunt,
1167 558 1199 607 ut
1210 550 1297 607 etiarn

99 669 154 729 pro
169 651 211 708 eis
226 669 352 719 oremus,
368 649 419 708 sed
431 648 522 727 magis
536 658 568 707 ut
578 658 660 708 orent
672 649 729 726 ipsi
738 667 791 725 pro
802 648 895 716 nobis,
908 658 938 705 ut
951 666 1049 706 eorum
1064 647 1191 724 vestigiis
1206 647 1298 705 adhue·

100 747 263 806 reamus.”²

141 848 191 902 92.
217 843 283 924 Obj.
300 849 328 904 3.
358 842 437 904 Ordo
458 844 546 904 officii
570 842 732 903 eommunis
753 843 784 901 in
804 842 903 902 codice
925 840 1092 900 Oolbertino
1112 841 1174 900 haee
1194 842 1298 900 babet:

101 951 122 979 “
134 942 244 1001 Praesta
257 942 342 999 etiam
358 960 408 1020 per
420 942 489 1001 illud
504 943 664 1010 incensum,
680 941 805 1014 quietem
820 950 849 997 et
862 939 1029 998 memoriam
1040 939 1144 997 bonam
1160 939 1300 998 Genitriei

100 1051 169 1106 tuae,
191 1049 219 1097 et
233 1039 339 1096 sanetis
353 1038 443 1098 tuis.”
485 1039 526 1098 Et
540 1039 650 1099 “Ecce
670 1039 853 1097 obsecramus
874 1047 911 1104 te,
926 1036 1051 1095 Domine
1073 1035 1164 1104 Deus,
1185 1039 1300 1114 suscipe

101 1137 254 1196 incensum
275 1135 351 1194 istud
366 1147 535 1206 aromatum,
548 1136 625 1211 quod
639 1135 723 1195 offert
735 1136 787 1194 tibi
795 1137 915 1194 tenuitas
926 1147 1030 1203 nostra,
1043 1153 1094 1211 pro
1103 1143 1200 1193 sancta
1212 1135 1300 1192 Geni·

100 1235 173 1295 trice
188 1234 245 1293 Dei
262 1235 365 1304 Maria,
379 1255 430 1312 pro
446 1246 523 1312 patre
538 1247 636 1295 nostro
648 1234 769 1302 Adamo,
781 1243 810 1292 et
822 1243 911 1291 matre
923 1242 1019 1292 nostra
1029 1232 1103 1301 Eva,
1115 1250 1167 1310 pro
1179 1233 1301 1310 prophe·

102 1334 142 1392 tis
163 1342 192 1391 et
211 1333 369 1411 Apostolis,
392 1335 460 1402 dre,
486 1354 537 1412 pro
558 1334 694 1393 divitibus
722 1343 750 1392 et
770 1332 976 1411 pauperibus.”
1031 1332 1156 1392 lterum:
1189 1334 1300 1393 “Deus

102 1449 159 1510 per
173 1430 353 1489 clementiam
368 1443 456 1500 tuam,
472 1440 576 1509 presta
586 1432 714 1506 requiem
736 1441 765 1490 et
786 1431 953 1490 memoriam
966 1430 1070 1489 bonam
1093 1429 1232 1490 Genitriei
1247 1443 1301 1490 tuae

103 1539 136 1588 et
163 1526 277 1588 Sanctis
303 1530 371 1600 tuis,
392 1530 583 1604 omnibusque
611 1528 763 1599 defunctis,
789 1548 876 1607 super
902 1529 987 1588 altare
1013 1542 1092 1589 tuum
1116 1541 1246 1590 sanctum
1274 1540 1303 1588 et

104 1625 252 1685 caeleste.'’
294 1627 401 1700 Liquet
424 1628 486 1705 pari
507 1629 615 1687 ratione
636 1628 806 1705 sacrificium
827 1625 924 1685 offerri
938 1645 990 1704 pro
1004 1626 1137 1686 omnibus
1152 1627 1303 1695 defunctis,

104 1733 136 1782 et
158 1722 277 1801 proinde
301 1724 378 1783 haud
407 1725 615 1801 propitiationis
636 1723 672 1783 ad
693 1724 791 1793 instar,
806 1722 857 1782 sed
871 1732 903 1782 ut
923 1734 987 1783 vota
1007 1733 1104 1782 nostra
1123 1721 1158 1782 de
1179 1724 1304 1802 perlecta

104 1837 205 1879 eorum
221 1820 393 1879 beatitudine
408 1823 632 1913 exprimantur.‘

146 1915 236 1996 Reep.
259 1916 336 1976 Cum
357 1917 548 1987 Renaudotio‚
565 1927 651 1976 “non
666 1916 825 1976 dubitamus
839 1917 869 1975 in
884 1916 930 1975 his
943 1917 1015 1976 locis
1036 1927 1185 1994 peecatum
1209 1918 1304 1996 potius

106 2035 124 2074 a
137 2015 261 2075 librariis
276 2016 417 2093 imperitis
431 2016 529 2086 fuisse,
545 2017 595 2091 qui
609 2035 644 2074 ea
656 2035 720 2090 quae
743 2015 907 2094 disjunctim
920 2015 1070 2075 scribenda
1085 2027 1173 2086 erant,
1189 2027 1221 2076 ut
1241 2037 1305 2096 pas·

106 2113 164 2171 sim
179 2112 257 2182 alibi,
273 2114 492 2190 conjunxerunt,
515 2133 600 2187 quam
621 2123 698 2172 certo
719 2113 840 2172 oonsilio
851 2112 1008 2172 admissum
1022 2112 1052 2172 id
1073 2113 1172 2183 fuisse,
1188 2125 1219 2174 ut
1231 2134 1306 2174 nova

107 2208 246 2277 doctrina,
263 2229 349 2283 aqua
369 2211 553 2270 remotissimi
576 2222 653 2280 sunt,
668 2221 697 2269 et
717 2229 803 2285 quam
824 2210 988 2284 quotidiana
1013 2211 1126 2271 illorum
1154 2211 1306 2290 disciplina

108 2304 221 2374 refellit,
244 2305 469 2366 induceretur.”⁸
508 2307 542 2366 ln
567 2307 665 2365 ordine
686 2307 833 2365 communi
854 2325 940 2381 quem
961 2307 1079 2365 exhibet
1098 2307 1306 2378 Renaudotius,

108 2404 152 2461 sic
166 2403 303 2461 babetur:
328 2405 487 2464 “Petimus
502 2423 571 2464 ecce
585 2424 602 2461 a
615 2414 653 2473 te,
668 2403 804 2472 Domine,
816 2414 848 2462 ut
860 2404 1001 2481 suscipias
1022 2405 1099 2462 hune
1112 2404 1230 2464 odorem
1244 2406 1308 2464 thu·

108 2503 160 2569 ris,
175 2501 252 2575 quod
265 2500 349 2560 offert
360 2503 410 2560 tibi
423 2503 545 2560 tenuitas
562 2511 667 2568 nostra,
682 2520 735 2578 pro
749 2502 872 2578 peccatis
884 2512 912 2559 et
922 2502 1095 2578 insipientiis
1110 2504 1233 2572 nostris;
1255 2524 1307 2581 pro

109 2596 245 2655 divitibus
260 2609 288 2654 et
302 2598 421 2673 egenis;
444 2617 496 2676 pro
510 2597 627 2675 pupillis
649 2608 677 2654 et
696 2596 811 2666 viduis3
839 2616 892 2675 pro
912 2597 1035 2666 afflictis,
1057 2608 1086 2657 et
1105 2599 1155 2672 qui
1176 2618 1307 2676 persecu·

109 2696 218 2754 tionem
234 2696 396 2772 patiuntur3
418 2715 470 2773 pro
485 2696 606 2757 infirmis
621 2705 650 2754 et
659 2696 807 2776 oppressis
820 2715 828 2764 ς
850 2714 902 2775 pro
916 2697 952 2754 iis
966 2697 1099 2756 omnibus
1111 2697 1161 2771 qui
1175 2697 1308 2758 dixerunt

109 2805 140 2851 et
155 2802 350 2870 praeceperunt
364 2793 458 2861 nobis,
473 2804 504 2852 ut
523 2795 555 2853 in
568 2793 672 2853 nostris
688 2793 723 2850 ad
738 2804 765 2851 te
781 2793 931 2852 Christum
945 2793 1041 2854 Deum
1066 2803 1195 2856 nostrum
1217 2798 1308 2874 preci·

110 2889 178 2956 bus,
203 2906 300 2947 eorum
323 2889 556 2949 meminissemus
570 2909 578 2957 3
601 2908 652 2965 pro
666 2890 740 2947 vivis
752 2900 781 2947 et
794 2890 924 2959 mortuis,
941 2908 992 2966 pro
1007 2891 1165 2952 animarum
1180 2894 1307 2971 ipsarum

111 2986 219 3060 quiete,
231 2987 259 3044 in
269 2986 375 3044 oaelesti
385 2987 546 3047 Jerusalem
561 3009 568 3047 ε
585 3007 636 3064 per
646 2987 867 3048 intercessiones
877 2988 969 3047 Patris
979 2990 1068 3048 nostri
1077 2989 1181 3050 Adami
1195 3002 1224 3051 et
1236 2992 1307 3052 Evae

111 3084 211 3144 matris
226 3094 348 3153 nostrae;
370 3104 422 3162 per
434 3085 648 3162 deprecationes
662 3095 766 3145 sanotae
788 3087 944 3146 Genitricis
964 3087 1022 3147 Dei
1043 3089 1164 3149 Mariae:
1186 3111 1237 3170 per
1248 3111 1309 3151 ora·

110 3182 206 3240 tiones
219 3180 422 3259 prophetarum
437 3180 530 3240 &cm

149 3340 193 3406 (1)
212 3337 294 3388 Traot.
305 3338 399 3388 lxxxiv.
411 3339 438 3389 in
450 3341 465 3390 J
467 3357 521 3391 oen.

147 3424 191 3492 (2)
204 3423 370 3486 Liturgierum
383 3424 545 3478 Orientalium
554 3426 671 3489 collectio,
680 3426 828 3479 ebEurebio
839 3425 998 3477 Renoudotio.
1005 3426 1311 3480 ObservationesinLitur·

112 3511 168 3576 gine
179 3510 299 3576 Syriacae.
309 3510 357 3560 vol.
370 3510 395 3560 ii.
408 3527 434 3577 p.
445 3514 487 3563 98.

150 3594 195 3660 (3)
213 3593 306 3644 Ibidem
317 3609 342 3659 p.
354 3595 377 3642 θ.
