2774 5056
211 295 275 361 DE
300 296 427 368 AQUA
446 295 499 358 tlt
520 296 766 358 BAPTISMUM
787 294 1057 358 NECESSARIA.
1204 294 1245 351 ¹⁸

53 455 158 516 intrabit
168 458 200 516 in
210 477 339 536 regnum
365 459 514 525 emiorum,
534 456 685 516 obstrinxit
703 454 790 514 fidem
810 454 845 513 ad
867 455 1008 533 Baptismi
1029 456 1242 516 necessitatem.

54 549 147 628 imque
160 573 262 613 omnes
276 555 386 615 exinde
401 553 545 612 credentes
559 553 765 629 tinguebsntur.
797 552 882 611 Tune
895 562 923 609 et
935 550 1042 611 Paulus
1055 552 1103 611 ubi
1114 550 1245 622 credidit,

58 654 160 713 tinctus
173 653 264 713 est.”²

93 754 145 809 dl.
164 750 201 808 S.
217 754 389 809 dunecanus
410 752 511 809 animm
530 748 698 808 munditiem
719 767 736 805 a
756 747 863 824 Spiritu
891 744 996 806 Sancto
1015 746 1091 807 effici
1123 748 1249 809 animad-

57 849 149 916 vertit,
162 867 218 907 nec
231 850 309 907 enim
323 850 375 922 qui
390 849 491 906 balneo
505 849 590 906 utitur
603 846 771 905 mundatur:
795 856 815 882 ⁶⁴
828 845 907 905 Hinc
929 864 1071 923 cognosce
1085 846 1161 919 quod
1176 864 1250 922 sqna

55 964 109 1005 non
125 946 248 1004 mundat
259 946 323 1004 sine
337 947 457 1023 Spiritu.
497 945 621 1017 Ideoque
642 943 735 1021 legisti
746 943 823 1016 quod
844 955 905 1002 tres
922 953 1009 1003 testes
1029 943 1060 1001 in
1080 944 1250 1021 baptismate

57 1060 146 1100 unum
160 1043 229 1109 sint,
246 1061 329 1115 aqua,
344 1042 471 1119 sanguis,
485 1051 514 1099 et
527 1042 653 1118 spiritns.
695 1040 770 1107 Quia
785 1041 909 1098 sinuum
922 1040 1024 1099 horum
1036 1039 1176 1110 detrahas,
1191 1060 1250 1102 non

53 1149 108 1197 stat
121 1139 301 1216 baptismatis
315 1150 534 1197 sacramentum.
576 1136 651 1205 Quid
677 1150 721 1195 est
745 1138 820 1196 enim
836 1156 909 1211 aqua
922 1139 984 1197 siue
1007 1155 1090 1197 cruce
1115 1137 1249 1198 Christi!

56 1238 241 1297 Elementnm
262 1255 429 1304 commune,
454 1238 515 1295 sinc
535 1237 594 1295 uilo
614 1237 781 1295 sacramenti
801 1236 914 1295 effectu.
957 1237 1027 1296 Nnc
1046 1256 1161 1297 mennas
1181 1257 1249 1299 siun

56 1354 135 1400 suna
148 1352 412 1394 saosuasamours
426 1352 598 1395 ussrssmrr
609 1352 681 1393 ssu:
705 1335 790 1393 ‘Nisi
804 1336 879 1393 eninr
904 1337 968 1409 quis
982 1344 1096 1395 renatus
1110 1336 1194 1396 suerit
1214 1357 1251 1397 ex

55 1450 131 1506 sque
143 1440 173 1491 et
186 1432 297 1509 Spiritu
310 1451 372 1490 non
392 1440 485 1508 potest
498 1432 613 1490 introire
627 1431 657 1489 in
671 1449 789 1508 regnum
804 1431 881 1490 Dei.’
924 1430 1024 1490 Credit
1047 1442 1140 1493 sutem
1166 1436 1251 1495 ctiam

58 1531 281 1593 catechumenus
294 1531 326 1589 in
340 1548 426 1588 cruce
441 1529 557 1589 Domini
570 1530 655 1598 Jesu,
670 1532 736 1604 qnia
747 1540 776 1588 et
788 1530 851 1607 ipse
864 1530 1008 1608 signatur:
1030 1531 1081 1590 sed
1093 1533 1149 1591 nisi
1163 1534 1252 1612 bspti-

58 1642 139 1687 sstus
149 1627 279 1686 fueritin
291 1628 412 1686 nomine
426 1627 529 1694 Patris,
544 1637 572 1685 et
586 1627 662 1694 Filii,
674 1638 704 1685 ct
717 1628 840 1704 Spiritus
855 1627 962 1695 Sancti,
977 1630 1175 1689 remissionem
1193 1648 1251 1689 non

59 1737 151 1805 potest
163 1726 294 1802 accipere
306 1736 499 1802 peccatorum,
513 1743 566 1783 nec
580 1726 715 1801 spiritalis
729 1726 824 1802 gratim
839 1743 941 1784 munus
956 1725 1113 1789 hanriross’·
1196 1798 1199 1805 Ι

93 1828 144 1883 ott
167 1823 213 1881 De
228 1822 402 1881 seculorum
424 1822 612 1898 posteriorum
633 1841 686 1880 usu
715 1822 786 1880 adeo
799 1832 909 1880 constat
922 1831 953 1880 ut
973 1824 1251 1884 testimoniaret'errc

58 1920 233 2000 superfluum
248 1921 406 1978 videatur.⁸
444 1919 581 1978 Omnium
596 1939 653 1979 vox
667 1921 763 1978 haberi
777 1930 869 1996 potest
881 1919 928 1978 illa
942 1921 1112 1997 Augustini:
1135 1933 1155 1960 “
1168 1924 1254 1983 Tolle

59 2038 169 2095 aqum,
184 2038 241 2078 non
255 2030 301 2077 est
314 2017 523 2093 baptismus.‘’⁴
560 2018 706 2076 Barclaius
718 2018 832 2076 nonnisi
844 2035 961 2093 pouces,
973 2018 1079 2077 sarculo
1088 2020 1251 2091 undecimo,

60 2127 184 2176 recenset
204 2117 254 2192 qni
277 2114 455 2192 baptismum
480 2116 640 2191 rejecerint,
662 2114 875 2183 Manicheismi,
891 2114 932 2171 uti
951 2113 1062 2185 fatetur,
1078 2115 1199 2175 incusati
1219 2132 1250 2177 er

61 2213 191 2273 damnati.
393 2202 401 2221 ⁴

460 2404 657 2446 omtcrtortus
678 2402 862 2444 convontus.

101 2548 147 2608 3³.
171 2548 238 2629 ooj.
257 2552 284 2607 l.
310 2547 446 2607 Probatio
460 2567 496 2606 ex
511 2544 620 2603 Christi
635 2542 765 2602 mandato
777 2544 873 2603 nititur
887 2563 941 2603 usu
956 2554 1070 2622 recepto
1083 2549 1162 2607 vocis
1183 2548 1253 2631 bop-
1325 2520 1333 2581 l

68 2642 200 2704 tiamsdi:
221 2644 274 2704 sed
295 2646 321 2702 si
347 2644 413 2717 quid
436 2644 535 2710 valeat,
557 2641 704 2700 immersio
728 2639 856 2699 habenda
878 2641 931 2699 erit
951 2661 1066 2720 prorsus
1083 2649 1253 2718 necessaria,
1307 2592 1326 2777 s

68 2758 127 2799 uam
141 2743 180 2799 ita
192 2742 397 2819 accipiebatur,
408 2738 492 2818 juxta
505 2741 564 2796 vim
578 2738 667 2814 ipsius
680 2736 783 2793 νοοὶε.ὅ

104 2836 188 2919 Resp.
211 2840 280 2897 Vox
293 2838 341 2896 illa
356 2838 521 2914 plerumque
537 2854 589 2913 pro
600 2835 783 2892 immersione
793 2834 997 2912 accipiebatur:
1014 2846 1135 2898 attamen
1149 2841 1254 2901 ablutio
1308 2854 1315 2989 l

70 2950 137 3006 equa
148 2932 331 3009 quocumque
353 2934 438 2992 modo
454 2935 535 3000 sacta,
550 2933 635 2990 etiam
662 2948 696 2987 ea
711 2928 917 3007 designabatur,
932 2945 1104 3012 quapropter
1128 2938 1177 3009 qui
1197 2938 1254 2997 lus.
1312 2994 1316 3005 Ι

10 3086 12 3093 ,
73 3030 128 3088 nati
147 3051 228 3106 aqua,
243 3051 296 3109 pro
309 3030 382 3108 legis
398 3031 572 3107 praescripto,
588 3045 720 3103 aspersus
735 3025 825 3083 iuerat
838 3036 869 3084 ut
888 3028 1078 3101 mundaretur,
1094 3032 1253 3110 baptizatus
1312 3014 1317 3051 ¹

72 3131 280 3199 -βωιζομνος
294 3130 328 3187 ab
344 3139 456 3186 auctore
471 3124 667 3186 Ecclesiastici
681 3123 782 3182 dicitur
794 3124 817 3182 :⁸
837 3136 946 3184 constet
959 3137 1052 3188 autem
1062 3149 1146 3190 usum
1159 3146 1253 3192 aucto·

75 3244 130 3284 rum
149 3226 346 3294 Iudaicorum,
369 3227 458 3304 magis
487 3244 570 3299 quam
598 3222 777 3300 profanorum
799 3223 829 3281 in
849 3242 952 3283 vocum
971 3226 1010 3295 vi,
1031 3239 1115 3304 prout
1135 3230 1252 3291 innovo
1313 3246 1317 3315 t

74 3320 252 3383 Testamenta
278 3333 460 3400 usurpantur,
481 3318 642 3380 definienda
670 3338 734 3377 esse
762 3319 981 3397 respiciendum.
1024 3323 1167 3386 Caeterum
1194 3348 1252 3389 uon
1313 3324 1319 3361 ²·

75 3421 158 3499 agitur
180 3410 436 3501 impresentiarum
460 3421 495 3479 de
521 3419 605 3478 modo
627 3417 800 3496 baptizandi,
815 3430 909 3478 utrum
930 3421 1038 3481 scilicet
1058 3427 1186 3500 aspersio
1207 3428 1252 3486 rel
1317 3368 1328 3447 χ

77 3518 171 3579 infusio
198 3519 331 3597 baptismi
352 3519 455 3577 habere
478 3518 567 3595 possit
588 3517 747 3582 rationem3
769 3514 891 3589 ideoque
912 3517 981 3574 satis
1006 3518 1059 3577 erit
1079 3535 1252 3583 monstrasse
1339 3536 1342 3541 '

77 3633 166 3676 rocem
185 3637 242 3693 qun
270 3617 403 3675 Christus
427 3635 494 3674 usus
517 3628 569 3685 est,
594 3616 622 3673 ri
645 3634 696 3671 sua
723 3612 826 3681 nativa,
854 3624 883 3672 et
916 3635 970 3674 usu
997 3622 1152 3691 communi,
1180 3643 1253 3699 aque
1353 3658 1357 3671 ι

78 3714 239 3776 ablutionem
254 3715 413 3793 designare.

113 3818 157 3874 34.
181 3815 247 3896 ooj.
263 3821 293 3873 2.
315 3814 449 3873 Christos
470 3812 526 3872 aiio
541 3812 569 3871 in
584 3812 648 3872 loce
669 3810 832 3888 baptizandi
852 3830 922 3873 voce
936 3834 1023 3876 sensu
1037 3821 1170 3883 translato
1183 3841 1252 3882 usus

109 4028 146 4094 (l)
162 4029 305 4080 Tertullian.
316 4028 356 4078 tib.
367 4027 397 4079 de
405 4028 470 4093 bept.

111 4116 145 4182 (2)
161 4115 190 4167 Ι..
200 4116 231 4166 de
241 4115 281 4165 bis
292 4115 343 4178 qui,
351 4115 484 4175 initientur,
495 4129 518 4163 c.
527 4113 558 4162 iv.

113 4200 146 4265 (d)
162 4201 196 4250 “I
206 4202 282 4251 know
292 4192 358 4249 ibera
369 4215 409 4248 ere
419 4199 497 4249 divers
508 4198 537 4247 os
548 4197 617 4247 those
629 4197 705 4248 called
723 4197 764 4248 the
771 4197 880 4258 Fathers,
896 4197 949 4247 that
959 4198 1033 4263 spssk
1048 4202 1123 4255 much
1134 4206 1163 4255 ef
1175 4212 1257 4255 water.

86 4280 181 4347 amsa,
192 4288 283 4350 ona,
293 4285 507 4346 munuum
516 4283 720 4336 emesenum
727 4283 744 4309 ”
775 4284 846 4349 emp
855 4284 898 4334 ss.
910 4284 964 4349 osj.
976 4284 999 4333 o.

116 4369 148 4433 (t)
163 4371 284 4424 Tractxv.
295 4372 322 4422 iu
333 4371 406 4421 Josn.

117 4456 148 4516 (5)
163 4457 264 4523 Bardsy
274 4473 342 4524 prop.
354 4457 396 4507 xii.
409 4460 423 4517 ς
435 4470 461 4506 x.
535 4476 567 4491 ,-

118 4538 147 4599 (6)
162 4540 236 4593 Bestt
246 4540 332 4592 miv.
341 4540 382 4591 ³0.
403 4569 416 4602 ι,

417 4616 426 4661 i

130 4699 327 4767 VonIlI.-³
432 4716 498 4803 ’χχ
547 4756 666 4825 ML„
795 4700 800 4709 ¹
840 4698 868 4771 ’.
917 4754 931 4779 r
1020 4768 1029 4779 ,
1108 4752 1113 4761 .
1190 4734 1197 4741 '

73 4816 436 5032 xadosesfcld
482 4870 668 4973 &9³52
700 4896 739 4949 ἲ·
787 4906 828 4919 ··
883 4906 888 4917 ·
993 4886 1034 4895 “’
1080 4854 1085 4861 ⁸
