2774 5056
133 318 175 380 ss
446 319 503 381 os
523 319 721 381 ammam
739 302 1011 383 suasoriam.

134 477 244 549 donari,
255 476 324 537 dum
337 496 410 553 aqua
418 478 609 548 ablueremur,
620 478 708 538 tribus
721 477 826 540 dirime
839 482 969 559 personis
983 481 1144 541 invocatis.²
1164 480 1328 561 Regenera·

137 577 178 636 tio
199 576 261 635 hac
274 575 370 635 divino
385 577 531 654 proposito
557 575 704 636 tribuenda
717 588 770 646 est,
785 595 843 637 non
867 577 982 652 quidem
996 578 1125 638 absoluto
1149 579 1191 639 illi
1211 580 1328 641 decreto
1357 637 1361 644 ,

134 673 212 748 qued
225 674 321 732 statuit
341 673 489 743 Calvinus,
504 693 560 747 quo
575 673 705 735 homines
720 674 750 733 in
770 674 924 744 interitum,
946 674 992 734 vel
1012 677 1110 744 ritam,
1132 695 1248 737 summo
1269 678 1327 737 Dei

135 773 259 840 arbitrio,
269 771 346 830 nulla
359 772 453 834 habita
466 771 630 833 meritorum
640 772 758 840 ratione,
770 771 963 841 destinentur3
988 772 1039 831 sed
1050 774 1180 833 benefico
1192 776 1326 846 consilio,

135 888 192 944 quo
205 870 300 947 gratia
315 869 389 928 dona
403 869 534 928 omnibus
549 870 579 927 in
593 869 733 947 baptismo
753 868 849 947 largiri
869 868 1004 938 decrevit,
1018 870 1044 928 si
1065 871 1140 930 obex
1155 889 1214 931 non
1237 893 1326 952 appo·

134 980 256 1026 neretur.
298 966 374 1025 Tota
387 965 463 1025 illius
477 984 558 1025 nova
573 967 725 1025 nativitatis
746 966 835 1043 gloria
855 966 919 1024 Deo
934 966 1025 1025 danda
1038 977 1091 1035 est,
1106 970 1189 1047 cujus
1215 970 1327 1030 miseri-

134 1065 258 1125 cordiam
273 1084 339 1143 erga
352 1065 509 1142 baptizatos
524 1066 628 1135 mirari,
640 1066 780 1143 justitiam
794 1084 861 1143 erga
874 1066 956 1135 alios,
971 1066 1021 1141 qui
1035 1076 1112 1127 tanto
1126 1079 1226 1129 carent
1239 1071 1325 1130 benc·

135 1163 212 1232 ticio,
227 1156 343 1222 adorar'e
356 1171 476 1239 oportet.

586 1356 872 1401 mansuariorum.
887 1412 892 1420 ι

174 1522 240 1578 lll.
262 1517 444 1590 Omniaque
458 1514 492 1573 ad
508 1515 720 1574 Sacramentum
735 1515 764 1591 N
767 1515 813 1574 ovi
834 1515 1012 1576 Testamenti
1026 1519 1186 1577 necessaria
1200 1529 1277 1590 sunt,
1292 1521 1325 1581 in

134 1618 276 1695 baptismo
290 1615 477 1694 reperiuntur,
492 1623 624 1671 externus
639 1613 748 1672 scilicet
761 1614 840 1681 ritus,
856 1613 990 1674 divinitus
1004 1616 1159 1686 institutus,
1174 1619 1220 1677 cui
1236 1619 1326 1696 gratia

133 1714 298 1775 adnectitur.
342 1713 407 1771 Hac
420 1696 581 1770 tamen'sua
601 1711 685 1788 culpa
704 1711 838 1788 privatur,
853 1712 903 1785 qui
924 1713 1030 1786 absque
1045 1712 1101 1771 fide
1125 1723 1154 1772 et
1166 1714 1265 1774 dolore
1286 1716 1322 1776 de

132 1812 267 1890 peccatis,
282 1829 346 1869 oum
361 1811 425 1868 virae
440 1827 522 1867 norae
536 1809 692 1886 proposito,
706 1819 912 1868 sacramentum
927 1810 1057 1887 suscipit.
1088 1810 1158 1871 Ideo
1173 1815 1324 1874 consuevit

132 1912 162 1969 in
177 1910 264 1968 reteri
277 1907 416 1967 Ecclesiae
434 1905 695 1966 Cateclrumenutus
716 1906 823 1974 haberi,
839 1906 978 1966 candidati
998 1908 1109 1968 scilicet
1133 1928 1185 1987 per
1205 1922 1321 1990 tempus

132 2007 296 2066 diuturnum
310 2006 340 2063 in
361 2004 473 2081 pietatis
493 2003 635 2062 exercitiis
657 2005 875 2080 occupabantur,
891 2003 1079 2064 edocebantur
1100 2025 1218 2066 munera
1231 2010 1322 2069 chris·

132 2104 217 2174 tiana,
229 2115 258 2163 et
272 2094 418 2173 virtutibus
433 2101 532 2159 sedulo
544 2100 682 2158 navabant
696 2119 821 2177 operam.
843 2101 994 2175 Aliquibus
1008 2103 1038 2160 in
1052 2103 1123 2161 locis
1138 2116 1323 2182 peccatorum

132 2203 303 2280 peragebant
315 2200 536 2266 consessionem,
552 2217 615 2270 quae
630 2206 724 2256 tamen
738 2197 913 2258 consuetudo
924 2218 982 2256 non
996 2200 1101 2272 ubique
1116 2202 1255 2272 obtinuit;
1268 2223 1324 2265 nec

132 2299 385 2379 impresentiarum
399 2309 442 2356 est
456 2295 608 2364 suadenda,
624 2314 660 2354 ne
675 2295 852 2357 difficultates
867 2298 1037 2373 ingressuris
1051 2298 1216 2359 Ecclesiam
1230 2302 1327 2362 multi·
1352 2375 1355 2379 Ι

133 2396 283 2473 plicemus,
298 2396 344 2454 vel
363 2395 435 2453 falsa
455 2393 603 2452 inducatur
618 2394 755 2452 sententia
777 2403 894 2470 peccata
917 2407 981 2452 ante
1003 2395 1176 2472 baptismum
1197 2397 1325 2460 admissa

133 2492 273 2554 Ecclesia
298 2492 429 2571 potestati
454 2492 609 2569 subjacere.
658 2490 801 2549 Craterum
826 2491 1087 2567 explorandus-est
1109 2493 1324 2559 candidatorum

133 2593 255 2659 animus,
270 2609 306 2647 ne
320 2589 450 2666 imparati
464 2598 571 2646 tantum
586 2588 798 2646 Sacramentum
814 2589 983 2666 suscipiant.
1002 2590 1073 2657 Qua
1088 2591 1157 2650 olim
1171 2591 1243 2650 sacta
1254 2606 1324 2655 sunt

130 2689 241 2766 juvabit
255 2706 312 2765 prae
334 2686 424 2745 oculis
438 2688 552 2750 habere,
567 2693 598 2740 ut
618 2684 710 2761 majus
732 2683 900 2743 accendatur
920 2686 1045 2744 studium
1066 2688 1100 2746 ad
1122 2689 1247 2749 animum
1269 2693 1324 2751 rite

133 2783 298 2862 parandum.
338 2783 477 2842 Audistur
497 2780 689 2840 Tertullianus
710 2781 828 2839 secundi
849 2783 944 2841 saeculi
969 2783 1147 2862 disciplinam
1173 2787 1322 2848 referens:

134 2891 155 2920 ‘⁸
166 2881 347 2960 Ingressuros
361 2883 542 2960 baptismum,
557 2879 730 2939 orationibus
745 2880 859 2948 crebris,
877 2881 996 2959 jejuniis
1011 2894 1039 2941 et
1052 2885 1321 2962 geniculationibus,

135 2991 163 3040 et
177 2980 332 3058 pervigiliis
347 2999 427 3039 orare
440 2989 561 3056 oportet,
576 2990 605 3035 et
624 2996 688 3035 cum
704 2977 883 3036 consessione
905 2981 1032 3038 omnium
1054 2991 1128 3040 retro
1142 2982 1323 3054 delictorum,

134 3089 164 3138 ut
177 3087 322 3154 exponant
334 3078 419 3137 etiam
433 3076 605 3154 baptismum
619 3075 637 3134 J
640 3074 756 3133 oannis:
780 3075 1005 3152 Tinguebantur,
1027 3077 1129 3151 inquit,
1151 3081 1322 3141 confitentes

133 3175 235 3234 delicta
248 3194 310 3235 sua.
352 3174 444 3234 Nobis
459 3171 653 3252 gratulandum
668 3184 720 3241 est,
736 3173 761 3230 si
775 3191 833 3230 non
848 3174 959 3250 publice
973 3175 1141 3247 confitemur
1154 3177 1322 3251 iniquitates

133 3284 181 3333 aut
194 3272 380 3350 turpitudines
395 3282 515 3330 nostras.
538 3270 630 3328 Simul
644 3270 728 3328 etiam
743 3279 770 3328 et
784 3270 820 3328 de
833 3271 959 3348 pristinis
974 3271 1164 3332 satisfacimus
1177 3276 1325 3337 conflicta-

132 3372 209 3431 tione
223 3371 315 3430 carnis
330 3379 359 3428 et
370 3369 497 3447 spiritus,
513 3378 541 3425 et
554 3367 745 3425 subsecuturis
767 3369 965 3428 tentationibus
980 3370 1157 3429 munimenta
1177 3376 1325 3448 praestrui·

131 3469 244 3529 mus.’'⁹

175 3573 240 3625 tta.
263 3567 320 3634 Qui
333 3567 439 3640 absque
454 3564 547 3624 debita
561 3563 648 3621 animi
662 3563 847 3640 dispositione
864 3566 1032 3643 baptizatur,
1046 3567 1237 3628 characterem
1259 3575 1323 3645 qui·

132 3662 197 3721 dem
214 3645 460 3730 Sacramentalem',
474 3660 509 3718 de
525 3679 581 3734 quo
596 3672 695 3737 postea
710 3660 847 3730 dicemus,
864 3663 972 3740 recipit,
988 3662 1037 3720 sed
1055 3665 1142 3741 gratia
1155 3683 1212 3738 qua
1225 3669 1325 3727 anima

133 3757 197 3816 Deo
217 3758 255 3815 sit
274 3776 346 3826 cara,
361 3776 466 3814 vacuus
481 3767 593 3825 manet;
615 3759 704 3817 immo
725 3759 865 3835 sacrilegii
879 3759 997 3816 crimine
1018 3759 1209 3836 adstringitur.
1253 3765 1324 3828 Hoc

131 3865 163 3912 ut
176 3855 235 3912 luat
247 3854 330 3912 debet
343 3853 411 3912 illud
429 3852 564 3931 deinceps
579 3856 705 3915 confiteri
727 3868 755 3913 et
776 3857 896 3932 plorare,
913 3857 1023 3915 veniam
1037 3868 1065 3916 et
1085 3860 1201 3936 gratiam
1224 3862 1255 3923 in
1272 3865 1325 3925 Sa.

150 3960 277 4011 ramento
292 3952 469 4011 Poenitentiae
485 3951 597 4010 tandem
611 3962 786 4031 recepturus.
1057 3942 1071 3971 ‘¹

165 4147 201 4208 (l)
221 4143 310 4194 Utrum
326 4144 435 4209 physice,
452 4151 576 4208 tamquam
594 4144 641 4196 Dei
657 4146 853 4204 instrumentum,
870 4161 933 4209 aqua
950 4146 1061 4199 virtutem
1079 4150 1193 4201 abluendi
1212 4153 1325 4207 animam

130 4229 224 4291 babeat,
232 4231 270 4279 vel
281 4227 408 4281 moraliter
419 4237 522 4290 tantum,
529 4237 648 4294 quatenus
656 4248 685 4282 ea
696 4231 821 4282 occasione
837 4230 906 4281 Deus
917 4232 1023 4283 animam
1034 4235 1116 4295 abluit,
1124 4237 1191 4287 salva
1202 4239 1253 4292 fide
1261 4242 1327 4294 inter

130 4315 271 4381 Theologos
283 4316 410 4382 quaritur:
428 4333 466 4367 res
477 4324 558 4370 tamen
569 4318 654 4369 ecdem
664 4318 733 4380 redit,
744 4325 794 4368 tcta
805 4319 871 4369 enim
882 4319 982 4371 virtusa
993 4321 1047 4373 Deo
1058 4321 1185 4374 derivatur.

164 4408 202 4468 (2)
220 4404 249 4456 1..
261 4405 291 4455 de
302 4402 437 4469 Baptismo.
