2774 5056
424 314 676 379 Dutoaunus
697 316 918 380 BAPTISMO·
1235 320 1270 381 dl

89 473 407 569 qrtGhristibaptismus
416 479 501 538 veluti
511 498 605 537 merus
614 479 779 538 initiationis
789 482 869 549 ritus,
880 479 930 538 sed
939 479 1080 539 lavacrum
1090 496 1146 556 quo
1156 483 1273 542 abluun-

90 582 124 629 tur
132 585 258 649 peccata,
269 583 300 632 et
310 575 441 634 homines
453 588 638 634 mttascttntur
648 577 721 635 Deo.
744 576 829 644 Quod
840 576 876 635 ad
884 577 902 636 J
905 576 1048 637 udaeorum
1061 598 1152 638 mores
1164 581 1272 653 attinet,

91 667 208 729 dicuntur
223 673 344 745 quidem
363 675 547 732 consuevisse
559 674 700 733 Ethnicos
714 674 749 732 ad
763 693 816 732 sua
826 694 904 733 sacra
913 676 1055 752 excipere,
1071 687 1099 734 ct
1114 678 1275 755 proselytos

90 764 178 835 lacere,
202 769 301 829 abluto
319 772 396 846 prius
410 790 484 845 aqua
498 789 634 847 corpore:
657 771 709 828 sed
723 773 857 848 baptismi
872 771 982 830 Christi
1002 774 1073 831 ratio
1087 774 1122 830 ab
1141 775 1204 850 ejus
1212 775 1274 851 jus·

89 864 156 923 riona
170 867 296 943 petenda
307 879 362 938 est,
377 879 405 927 et
425 870 469 927 vis
484 869 517 927 ab
531 868 593 945 ejus
615 869 767 928 voluntate.
794 869 928 946 ‚Optime
952 872 1128 947 Augustinus
1150 871 1275 928 animad-

90 962 177 1020 tartit:
202 974 222 1000 ‘¹
239 964 406 1041 Baptizatos
421 965 540 1023 aPaulo
554 967 665 1039 eosqui
677 967 737 1041 jam
759 966 902 1042 baptismo
921 965 1043 1024 loannis
1056 966 1191 1043 baptizati
1206 967 1274 1024 luis·

90 1070 141 1117 tent
166 1061 293 1138 legimus
308 1062 338 1121 in
358 1064 477 1122 Actibus
492 1064 706 1141 Apostolorum,
722 1082 779 1121 non
801 1064 837 1122 ob
865 1063 951 1133 aliud,
967 1064 1022 1122 nisi
1036 1064 1103 1139 quia
1117 1065 1273 1141 baptismus

92 1155 201 1216 Joannis
216 1178 274 1218 non
289 1160 342 1218 suit
354 1159 465 1219 Christi
480 1148 686 1238 baptismus.”²

121 1259 184 1316 127.
211 1255 279 1336 ooj.
295 1260 325 1316 4.
347 1258 500 1336 Baptizato
515 1258 632 1317 Christo
654 1258 779 1317 caelestia
793 1259 857 1318 data
878 1268 945 1317 sunt
964 1258 1070 1318 indicia
1083 1262 1167 1318 ritum
1193 1260 1273 1318 illum

91 1351 143 1412 lleo
168 1354 295 1413 maxime
321 1356 481 1433 probatum,
508 1356 613 1432 Spiritu
639 1357 703 1432 ipso
719 1357 824 1415 Sancto
839 1357 869 1415 in
884 1355 994 1415 Christi
1018 1367 1112 1433 caput,
1135 1356 1274 1415 columbas

91 1451 185 1526 specie,
213 1453 327 1529 illapso.
389 1453 469 1531 Ergo
496 1453 550 1512 ritu
578 1452 680 1512 eodem
708 1472 809 1512 omnes
839 1454 949 1512 Christi
976 1453 1110 1531 discipuli
1140 1453 1273 1512 abluendi

92 1558 155 1606 sunt.
224 1564 228 1581 ¹

48 1654 53 1703 i·
120 1642 205 1723 Ilcsp.
234 1645 344 1720 Utique
372 1645 436 1705 Deo
462 1648 594 1725 probatus
622 1657 666 1705 est
690 1647 849 1724 baptismus
875 1666 960 1721 quem
989 1649 1108 1707 contulit
1133 1648 1270 1716 loannes,

93 1741 208 1813 quamvis
223 1761 287 1815 quta
301 1741 366 1800 data
380 1754 447 1801 sunt
466 1744 548 1820 signa
568 1744 704 1810 coelsstia,
721 1745 838 1802 Christo
860 1743 915 1802 Dei
940 1744 1015 1803 Filio
1029 1745 1157 1803 testando
1171 1744 1275 1803 idonea

93 1836 145 1905 tint,
168 1839 264 1915 potius
280 1856 366 1912 quarn
381 1839 449 1897 ritus
464 1839 597 1898 efficacia
622 1840 859 1898 demonstranda.
901 1841 935 1899 ln
961 1843 1127 1920 exemplum
1153 1842 1272 1901 aliorum

94 1931 212 1994 Christus
226 1955 294 1995 eum
307 1937 445 2014 suscepit,
466 1947 497 1997 ut
517 1939 566 2011 qui
582 1949 647 1996 tunc
662 1939 797 1997 vivebant
815 1937 910 1998 Judaei
931 1937 1072 1998 Jcannem
1087 1950 1274 2017 agnoscerent

94 2030 212 2093 divinitus
227 2036 360 2102 missum,
376 2038 459 2110 eique
473 2036 507 2095 ad
523 2037 717 2113 paenitentiam
733 2038 855 2095 hortanti
870 2037 1046 2097 obaudirent.
1088 2039 1182 2097 Nobis
1203 2039 1270 2116 bap·

94 2129 164 2191 mmo
176 2131 298 2190 loannis
313 2151 386 2210 opus
400 2153 458 2192 non
473 2143 525 2201 est,
541 2133 610 2191 ritus
626 2134 703 2191 enim
719 2134 841 2210 praevius
856 2134 918 2202 fuit,
934 2135 984 2207 qui
995 2134 1163 2193 adveniente
1177 2136 1273 2194 Salva·

95 2229 255 2299 toredesiit3
278 2230 441 2307 baptizandi
462 2240 556 2289 tamen
577 2250 687 2297 sumus,
710 2245 741 2288 ut
763 2231 880 2289 Christo
902 2233 1131 2309 obtemperemus
1147 2234 1270 2310 jubenti.

48 2350 50 2355 ·
95 2321 263 2402 lgiturquem
278 2328 400 2386 instituit
412 2329 570 2405 baptismus
586 2328 785 2404 suscipiendus
798 2336 851 2396 est,
866 2347 924 2386 non
938 2347 1023 2401 quem
1038 2330 1101 2405 ipse
1115 2331 1251 2405 suscepit.

127 2425 185 2480 lus.
210 2421 278 2503 Obj.
296 2429 324 2482 5.
346 2425 461 2501 Apollo,
487 2425 625 2483 referente
647 2423 736 2488 Luca,
754 2432 773 2459 ¹⁴
783 2438 843 2480 erat
855 2422 973 2481 edoctus
989 2424 1063 2482 viam
1085 2424 1223 2483 Domini:
1246 2438 1275 2484 et

95 2514 189 2577 ferrens
204 2521 307 2597 spiritu
321 2521 498 2593 loquebatur,
514 2529 543 2578 ct
563 2519 681 2576 docebat
695 2513 845 2594 diligenter
858 2538 891 2576 ea
912 2538 975 2593 quse
996 2532 1064 2578 sunt
1082 2520 1163 2589 lesu,
1179 2523 1273 2581 sciens

96 2622 186 2675 numm
199 2618 342 2695 baptisma
355 2617 518 2677 Joannis.’'⁹
545 2618 614 2675 Non
626 2615 700 2674 aliud
713 2616 842 2674 videntur
852 2614 1014 2693 suscepisse
1024 2618 1175 2695 Apostoli:
1199 2629 1218 2656 ⁸*
1228 2621 1273 2678 liis

97 2711 245 2785 unimm‚‘’
261 2716 459 2775 animadvertit
479 2716 689 2784 Rosenmiiller,
706 2725 725 2752 ‘¹
739 2714 838 2773 iterato
852 2716 1020 2792 baptismate
1045 2732 1103 2776 non
1128 2729 1186 2776 erat
1200 2738 1273 2797 opus

97 2810 231 2880 quistatim
247 2815 282 2871 ab
294 2814 375 2873 initio
388 2814 482 2872 edocti
496 2825 585 2881 erant,
600 2811 705 2871 ,lesum
716 2801 780 2869 ess'e
796 2812 981 2871 Messiam.’‘⁸

124 2907 205 2988 Resp.
228 2909 263 2969 Id
276 2923 354 2970 notat
364 2911 471 2980 Lucas,
487 2921 518 2970 ut
530 2911 660 2968 ostendat
671 2911 743 2968 scire
758 2919 889 2986 oportere
905 2911 1023 2988 insuper
1036 2912 1107 2971 lesu
1123 2913 1272 2991 baptisma,
1338 2966 1341 2973 .

96 3019 250 3087 quapropter
260 3011 427 3088 subjungit:
450 3011 573 3077 “Quem
588 3028 655 3066 cum
667 3008 813 3066 audissent
827 3008 958 3067 Priscilla
972 3019 1001 3066 et
1015 3012 1129 3083 Aquila,
1145 3032 1274 3091 assump-

96 3116 265 3172 semnteum,
281 3117 310 3164 ct
329 3105 493 3184 diligentius
507 3117 703 3182 exposuerunt
717 3106 743 3162 ei
757 3104 830 3161 riam
854 3103 1004 3164 Domini.'’
1046 3107 1134 3184 Igitur
1148 3109 1275 3169 dubitan-

96 3194 147 3257 dum
166 3219 225 3259 non
246 3212 291 3259 est
311 3219 378 3261 cum
397 3200 532 3279 deinceps
554 3201 738 3277 baptizatum,
754 3200 793 3257 ita
815 3199 894 3259 enim
915 3213 1008 3260 actum
1028 3201 1163 3281 deinceps
1190 3207 1275 3265 refert

96 3311 159 3356 acer
170 3299 294 3376 scriptor
308 3299 371 3357 aliis
385 3300 434 3373 qui
455 3300 597 3375 baptisma
616 3296 737 3356 Joannis
752 3306 859 3355 tantum
880 3312 1076 3376 susceperunt.
1118 3303 1273 3378 Apostolos

96 3389 237 3470 baptizatos
262 3396 352 3455 fuisse
377 3395 486 3455 Christi
514 3404 690 3454 sacramento
717 3406 823 3454 temere
855 3405 982 3471 negatur,
1004 3397 1040 3454 ob
1066 3398 1274 3474 scripturarum

96 3488 233 3561 silentium,
246 3511 335 3567 quum
350 3511 505 3566 numquam
521 3492 548 3550 id
561 3493 616 3550 sibi
632 3493 830 3569 proposuerint
844 3504 971 3549 auctores
986 3493 1059 3549 sacri
1073 3503 1104 3550 ut
1117 3513 1162 3550 res
1174 3514 1274 3554 omnes

95 3597 173 3663 gestas
185 3592 333 3650 referrent.
375 3590 498 3649 Constat
511 3590 643 3656 Paulum,
657 3589 724 3646 licet
738 3587 873 3646 divinitus
888 3598 1028 3656 vocatum,
1045 3591 1187 3667 baptismo
1201 3613 1275 3670 opus
1360 3646 1364 3655 .

96 3681 224 3758 habuisse,
240 3707 328 3763 quare
341 3687 525 3748 dubitandum
541 3706 598 3744 non
613 3695 656 3744 est
670 3695 786 3742 caeteros
800 3685 905 3760 pariter
917 3686 1005 3744 sacris
1015 3689 1103 3747 undis
1115 3691 1274 3752 mundatos.

97 3779 166 3844 Ratio
179 3776 273 3845 autem
290 3805 375 3860 quam
399 3783 529 3862 adsignat
550 3781 755 3842 Rosenmiiller
779 3781 867 3839 sutilis
882 3792 935 3850 est,
961 3793 990 3856 et
1012 3786 1090 3844 nullo
1113 3789 1276 3849 testimonio
1302 3774 1307 3779 ⁶

98 3883 160 3943 nixa.
189 3887 296 3960 Liquet
308 3885 450 3944 universis
464 3883 629 3943 hominibus
644 3881 736 3958 legem
751 3900 767 3937 a
789 3879 907 3939 Christo
931 3882 1107 3958 impositam,
1123 3897 1151 3943 et
1164 3888 1275 3946 aPetro

99 3984 297 4062 promulgatam,
314 3983 393 4042 nullo
407 3982 481 4041 facto
507 3980 672 4039 discrimine
686 3996 785 4036 eorum
808 3979 858 4051 qui
873 3980 972 4037 notitia
995 3980 1159 4058 hujusmodi
1175 3985 1275 4044 imbuti

101 4077 221 4141 tlcannc
235 4081 370 4159 baptizati
384 4079 514 4147 luissent,
526 4087 555 4137 et
566 4077 686 4135 aliorum
701 4076 750 4148 qui
765 4094 799 4133 ea
812 4087 970 4134 caruerunt.

48 4202 50 4213 ·
133 4173 234 4256 uqa.
263 4176 459 4236 Tertullianus
480 4176 537 4234 ait:
574 4174 713 4245 “Neque
738 4171 894 4245 quidquam
922 4172 1007 4231 refert
1032 4173 1105 4232 inter
1127 4195 1177 4235 eos
1202 4197 1274 4251 quos

48 4288 51 4325 t
103 4265 208 4334 loannes
222 4280 249 4336 in
263 4275 400 4343 Jordane,
413 4283 441 4332 et
454 4291 527 4346 quos
538 4272 640 4331 Petrus
652 4271 681 4327 in
697 4269 808 4346 Tyberi
823 4268 954 4326 tinxit.”⁴

510 4407 550 4471 (1)
568 4403 599 4455 L.
609 4420 633 4452 r.
647 4402 756 4467 chapt.
766 4418 787 4452 c.
798 4404 832 4452 ix.

507 4495 544 4553 (2)
563 4493 618 4539 Act
629 4489 696 4537 xviii.
708 4491 748 4538 25.

509 4578 546 4635 (3)
564 4575 594 4623 ln
603 4574 660 4622 Act.
671 4573 722 4622 xix.
733 4575 756 4623 5.

511 4661 551 4726 (4)
571 4659 601 4709 L.
613 4659 643 4709 de
654 4658 772 4725 baptismo
783 4673 804 4708 c.
815 4656 848 4706 iv.

143 4721 203 4785 lot.
216 4730 326 4790 Ill-6
