2774 5056
394 314 451 375 DE
473 313 696 374 sacelelcll
717 314 945 375 VERITATE.
1198 321 1257 377 2115

48 477 141 557 igitur
154 474 191 535 ad
204 474 378 534 sacrificium
391 473 582 532 necessariam
604 472 689 532 habet
709 472 874 532 relationem
888 493 897 543 ;
919 472 1042 547 ideoque
1055 474 1084 533 in
1103 473 1258 533 Melchise-

49 574 140 635 dechi
167 573 311 632 sacrificio
339 570 449 630 Christi
469 570 621 631 oblationis
642 581 745 648 typum
768 581 796 629 et
817 571 970 649 imaginem
986 581 1115 648 spectare
1136 584 1257 650 oportet.

49 672 126 743 Quae
141 671 228 731 luerit
241 670 352 729 oblatio
367 667 632 729 Melchisedeciaua
645 687 682 727 ex
698 669 826 727 Genesis
840 668 952 728 decimo
966 668 1067 742 quarto
1077 671 1169 746 capite
1183 671 1261 730 colli·

50 770 139 849 gitur,
154 769 185 827 in
200 784 259 841 quo
273 774 400 825 narratur
425 784 491 824 eum
512 764 634 823 Abrehae
656 765 785 823 redeunti
806 765 919 824 obviam
940 766 1038 832 ivisse,
1054 775 1084 823 et
1105 767 1258 841 protulisse

50 886 159 947 panem
173 866 322 932 etviuum,
338 875 398 923 erat
411 864 518 942 quippe
533 863 666 921 sacerdos
682 863 737 921 Dei
751 863 908 921 altissimi.1
941 827 1024 952 ¹1⁸2po
1046 848 1258 956 DJJ'Q'JD!

59 968 161 1084 tribu
185 937 270 1071 bue,
291 961 363 1062 tris
384 975 476 1072 nent
496 973 668 1076 gnon?
699 964 828 1057 retain
862 961 970 1068 coep
991 965 1067 1038 uod
1095 986 1111 1024 a
1140 942 1256 1044 vulgati

54 1088 212 1164 interprete
226 1083 373 1143 redditurr
396 1085 468 1141 “At
482 1101 550 1142 vero
564 1082 792 1152 Melchisedech,
808 1102 860 1141 rex
872 1083 979 1153 Salem,
992 1085 1138 1162 proferens
1154 1102 1259 1163 panem

54 1193 84 1242 et
97 1183 208 1250 vinum,
218 1183 367 1241 eratenim
377 1180 510 1241 sacerdos
522 1180 753 1239 Deialtissirni.’‘
776 1181 891 1239 Oblatio
901 1181 965 1241 Deo
974 1181 1047 1240 facta
1060 1183 1142 1260 panis
1154 1193 1182 1240 et
1195 1183 1259 1241 vini

53 1297 109 1338 nec
122 1278 154 1336 in
167 1286 257 1346 textu,
273 1278 372 1336 necin
386 1277 518 1336 versione
533 1275 698 1345 affirmatur,
718 1275 770 1334 sed
786 1295 842 1335 vox
865 1277 1018 1345 Hebraica,
1035 1278 1081 1337 cui
1103 1277 1257 1355 respondet

55 1385 75 1414 ‘⁴
87 1374 260 1454 profereus”
272 1376 302 1435 in
316 1376 449 1453 Vulgata,
465 1384 530 1452 apte
544 1376 682 1453 exprimit
692 1375 832 1435 donorum
845 1374 1043 1434 adductionem
1054 1387 1085 1434 ut
1096 1376 1160 1436 Deo
1175 1377 1259 1435 offer·

51 1484 161 1545 rentur,
176 1474 256 1549 quod
270 1492 307 1533 ex
320 1473 475 1533 sacerdotii
496 1474 542 1532 sui
556 1475 715 1543 mentione,
728 1493 792 1548 que
807 1475 904 1548 statim
916 1475 958 1541 fit.
970 1476 1035 1552 jure
1050 1477 1159 1554 optimo
1174 1476 1258 1535 inler-

53 1578 125 1634 tur.⁸
165 1574 311 1648 Equidem
325 1572 421 1633 nullus
435 1572 508 1631 alins
530 1582 608 1631 actus
623 1590 678 1631 suo
698 1573 858 1632 sacerdotio
872 1574 1023 1651 peculiaris
1039 1575 1068 1633 in
1083 1594 1165 1633 sacro
1177 1586 1257 1634 textu

58 1671 211 1741 indicatur,
240 1671 409 1730 benedicere
440 1670 518 1729 enim
545 1679 575 1728 et
594 1668 720 1729 decimas
750 1671 880 1748 accipere
904 1679 964 1729 erat
983 1671 1033 1748 jus
1063 1671 1258 1730 sacerdotibus

54 1770 216 1829 harnnicis.
239 1769 329 1846 Ergo,
341 1786 376 1826 ea
385 1768 417 1827 in
427 1785 458 1825 re
472 1767 662 1827 sacerdotium
674 1767 783 1827 Christi
797 1767 955 1828 secundum
966 1768 1094 1827 ordinem
1104 1769 1261 1828 Melchise-

56 1867 127 1927 dech
139 1886 157 1926 a
171 1865 331 1926 sacerdotio
345 1864 490 1924 horonico
504 1863 698 1942 distinguitur,
712 1865 789 1939 quod
804 1867 886 1943 panis
901 1875 930 1923 et
943 1866 1041 1923 riuum
1059 1884 1117 1942 prae
1132 1866 1262 1927 animan.

58 1964 129 2023 tibus
144 1983 163 2022 a
176 1963 295 2023 Christo
309 1962 506 2031 adhibeantur,
521 1980 585 2035 quae
606 1962 715 2020 scilicet
728 1981 832 2041 corpus
848 1973 877 2021 et
895 1963 1012 2039 sanguis
1026 1963 1072 2020 sui
1093 1963 1175 2031 sacta,
1191 1962 1257 2021 Deo

56 2061 205 2122 hominnm
215 2080 305 2121 causa
318 2062 484 2121 offeruntur.
526 2060 669 2119 Praeterea
689 2057 778 2134 duum
792 2060 913 2137 singule·
928 2060 1147 2118 circumstantiae
1169 2060 1258 2138 hujus
1271 2114 1274 2121 ,

57 2159 223 2218 narrationis
243 2159 339 2235 plenae
358 2158 417 2216 sint
436 2158 578 2234 mysterii,
593 2157 636 2216 uti
656 2156 747 2216 Paulo
767 2156 888 2216 docente
909 2155 1078 2226 didicimus,
1099 2157 1175 2215 haud
1195 2158 1259 2216 sine

56 2274 141 2315 cauea
160 2255 244 2334 panis
264 2265 293 2313 et
313 2255 372 2314 vini
387 2255 495 2313 mentio
509 2254 583 2312 sacta
596 2254 740 2313 censenda
752 2264 806 2312 eat.
847 2253 916 2332 lpsa
937 2256 976 2312 rei
992 2266 1080 2332 gestae
1108 2252 1260 2312 concordia

56 2372 122 2414 cum
145 2354 229 2432 panis
243 2364 273 2412 et
287 2354 346 2411 vini
360 2372 415 2412 usu
428 2373 445 2411 a
460 2352 592 2421 Christo,
608 2353 692 2431 cujus
706 2351 897 2411 sacerdotium
911 2352 947 2410 ad
961 2352 1051 2410 instar
1065 2350 1258 2426 Melchisede-

58 2449 131 2509 ciani
144 2449 296 2509 sacerdotii
311 2448 478 2516 declaratur,
492 2448 661 2527 gravissima
672 2457 716 2505 est
729 2448 809 2516 ratio,
825 2448 916 2509 curin
930 2447 1074 2505 oblatione
1102 2446 1259 2504 affirmetur

56 2543 223 2613 sinitimdo,
238 2555 311 2623 typo
326 2545 368 2602 rei
388 2545 536 2602 veritatem
550 2545 752 2620 praesignante.
794 2543 874 2618 Ergo
890 2542 1024 2599 Christus
1039 2540 1199 2600 censendus
1214 2550 1261 2598 est

58 2643 206 2703 sacerdotii
235 2643 281 2701 eui
301 2640 460 2701 secundum
481 2642 610 2699 ordinem
639 2638 858 2699 Melchisedech
882 2657 998 2698 munere
1019 2640 1134 2698 functus
1149 2658 1214 2698 esse
1229 2639 1260 2698 iu

60 2742 233 2802 eucharistiae
243 2741 431 2808 institutione,
448 2757 546 2798 verum
561 2740 660 2813 utique
675 2737 822 2797 offerendo
836 2738 1020 2797 sacrificium.
1053 2740 1150 2806 Quum
1163 2748 1259 2797 autem

64 2850 229 2915 perpetuum
243 2838 282 2896 sit
299 2836 370 2895 illud
390 2835 592 2903 sacerdotium,
608 2834 684 2894 idem
710 2835 882 2893 sacrificium
906 2833 1017 2893 Christi
1038 2837 1215 2903 auctoritate,
1230 2844 1259 2893 et

67 2934 145 2994 veluti
166 2954 290 3013 persona
310 2933 490 2993 offerendum
504 2942 558 3001 est,
586 2931 621 2990 ad
646 2930 746 2991 mundi
774 2950 866 3004 usque
881 2931 979 3000 finem,
995 2932 1068 2991 utin
1090 2951 1182 2991 aevum
1197 2933 1261 3010 ipse

10 3036 14 3049 ’
72 3032 190 3094 sacerdos
205 3034 253 3092 sit.

108 3126 205 3189 Patres
219 3126 402 3208 appellamus
413 3127 596 3207 interpretes.

109 3226 132 3283 8.
150 3226 181 3286 S.
197 3224 385 3293 Oramus,
400 3232 467 3301 post
486 3225 573 3282 relata
587 3224 692 3283 Psaltis
709 3225 811 3283 verba:
835 3224 914 3282 “Tu
929 3242 960 3283 es
975 3222 1116 3281 Sacerdos
1130 3224 1160 3280 in
1176 3232 1256 3281 eeter-

81 3328 130 3378 110
145 3321 303 3382 secundnm
316 3320 446 3380 ordinem
462 3319 709 3386 Melchisedech‚’'
725 3319 810 3378 dicit:
834 3320 922 3385 “Qui
943 3318 1013 3377 ordo
1027 3320 1125 3392 utique
1148 3318 1195 3375 hic
1211 3328 1256 3376 est

84 3404 249 3477 isacrificio
262 3413 313 3475 illo
324 3418 455 3484 veniens,
467 3425 496 3473 et
508 3416 575 3474 inde
587 3415 775 3482 descendeus,
791 3413 867 3488 quod
889 3413 1107 3472 Melchisedech
1122 3412 1257 3471 sacerdos
1324 3447 1330 3463 ι

11 3549 17 3559 -
84 3500 124 3569 Dei
135 3515 236 3575 summi
251 3514 305 3573 fuit
319 3514 397 3589 quod
418 3533 522 3592 panem
544 3523 573 3572 et
586 3515 684 3573 vinum
707 3513 817 3580 obtulit,
839 3511 916 3585 quod
936 3510 1078 3569 Abraham
1100 3510 1257 3570 benedixit.

10 3694 41 3817 df}
109 3724 143 3793 (ι)
159 3728 223 3781 nm.
234 3730 288 3780 xa.
299 3731 339 3779 ιε.

26 3880 29 3887 ,
108 3809 141 3879 (2)
172 3815 359 3867 “Melchisedec
369 3829 422 3865 was
438 3813 515 3866 called
525 3829 541 3862 a
551 3812 638 3873 Priest,
651 3812 692 3878 (as
702 3813 734 3862 he
744 3812 766 3862 is
777 3813 844 3863 elien
854 3813 887 3876 by
900 3811 937 3862 St.
948 3810 1012 3863 Paul
1028 3818 1053 3861 to
1065 3810 1107 3860 the
1118 3810 1259 3878 Hebrewe)

10 3899 29 3943 is
84 3890 124 3945 110
135 3909 174 3964 yet
182 3900 232 3952 had
243 3916 278 3952 no
286 3899 356 3950 other
366 3899 468 3963 offering
479 3915 506 3949 or
517 3898 626 3948 sacrifice
636 3898 690 3949 that
700 3915 739 3948 we
749 3899 807 3949 read
818 3899 850 3961 of,
860 3900 905 3949 but
916 3899 969 3948 that
979 3898 1008 3947 of
1022 3896 1100 3946 Bresd
1112 3897 1160 3946 and
1174 3899 1257 3963 wine,

31 3998 36 4035 ’.
85 3974 180 4039 lmus.
200 3986 258 4037 ‘He
270 3987 375 4049 brought
391 3986 456 4037 forth
475 3985 551 4035 breed
568 3984 617 4035 and
634 3987 706 4046 wine,
718 3984 782 4045 sud?
794 4002 821 4035 or
832 3986 883 4036 ‘for
902 3985 957 4050 (the
978 3983 1084 4034 Hebrew
1102 3984 1170 4033 word
1193 3986 1261 4035 bears

10 4084 37 4136 Si
85 4060 136 4136 bd)
156 4072 197 4125 Hs
207 4089 260 4124 rrae
272 4089 287 4123 a
298 4073 386 4134 Priest,
397 4072 450 4123 that
460 4072 489 4134 is,
501 4071 549 4122 this
559 4080 597 4123 act
608 4075 637 4123 01
651 4072 690 4123 his
709 4089 760 4122 was
775 4089 808 4122 an
830 4078 869 4122 act
877 4071 906 4121 cf
918 4069 1075 4128 Priesthood3
1087 4071 1158 4120 forse
1166 4078 1232 4123 must
1243 4071 1263 4120 it

29 4166 32 4171 '
85 4148 207 4224 bimam,
224 4162 272 4213 ‘hs
282 4160 388 4224 brought
394 4160 459 4211 forth
469 4160 542 4211 breed
558 4160 607 4211 arrd
619 4161 691 4221 wine,
702 4160 739 4210 for
749 4160 781 4209 he
793 4176 843 4208 was
860 4155 979 4217 sPrieet,'
992 4157 1040 4208 end
1051 4165 1096 4209 not
1104 4158 1162 4209 thus
1169 4175 1184 4231 τ’
1194 4157 1258 4207 ‘aud

86 4230 160 4297 hlverte
170 4265 185 4298 s
196 4248 282 4307 Prlest,
290 4247 339 4298 and
350 4247 443 4297 bleesed
462 4245 586 4296 Abraham
594 4245 610 4306 3’
627 4247 671 4304 for,
682 4246 742 4296 both
759 4245 787 4295 in
797 4245 839 4295 the
850 4245 956 4295 Hebrew
969 4238 1125 4304 andurae,
1136 4244 1203 4294 there
1213 4244 1261 4293 isa

86 4316 116 4374 llll
131 4332 193 4393 mins
208 4332 353 4383 astarthem
371 4329 549 4392 worde,‘end,'
561 4332 653 4381 or‘fnr
669 4332 701 4381 he
713 4347 763 4380 was
774 4347 789 4379 a
800 4327 919 4379 Priest.''’
953 4329 1049 4395 Bishop
1064 4329 1177 4394 Sparrorr
1195 4326 1261 4391 apud

89 4402 222 4479 01011ieuses‚
234 4418 291 4469 Vol.
302 4418 335 4467 iv,
352 4416 435 4468 Tract.
452 4420 493 4466 81.
504 4434 528 4483 p.
548 4421 604 4477 155,
621 4416 727 4467 London
742 4415 840 4466 edition.
887 4413 1019 4466 Consentit
1034 4414 1161 4466 Dodwell:
1179 4420 1194 4444 ⁸‘
1204 4412 1260 4461 The

58 4558 62 4567 ,
90 4493 276 4564 duumuir,
293 4504 431 4564 eratenim,
443 4505 531 4555 witha
547 4504 630 4554 causnl
649 4503 757 4570 particle.
790 4500 850 4552 And
866 4503 951 4553 unless
972 4516 1039 4551 some
1061 4499 1124 4549 such
1141 4498 1212 4561 thing
1228 4500 1258 4547 be

91 4578 214 4653 ludam,
224 4591 245 4643 it
254 4591 306 4641 will
316 4598 361 4641 not
371 4591 402 4639 be
412 4606 470 4656 easy
482 4599 507 4641 to
519 4591 574 4654 gire
585 4606 634 4655 any
645 4590 758 4640 tolerable
769 4595 874 4639 0000001
889 4587 919 4638 01
933 4588 974 4638 the
985 4585 1125 4652 pertinency
1143 4585 1192 4636 and
1203 4600 1260 4637 con-

93 4665 158 4723 11ῑίοο
170 4676 197 4726 01
203 4676 342 4728 theinrmer
351 4683 407 4741 pert
417 4674 447 4728 os
455 4677 496 4727 the
508 4692 576 4727 verre
587 4674 649 4727 with
658 4674 701 4727 the
712 4673 805 4726 letter.''
823 4672 915 4723 Ibidem
926 4674 1017 4738 p250.
