<?xml version="1.0" encoding="UTF-8"?>
<!DOCTYPE html PUBLIC "-//W3C//DTD XHTML 1.0 Transitional//EN"
    "http://www.w3.org/TR/xhtml1/DTD/xhtml1-transitional.dtd">
<html xmlns="http://www.w3.org/1999/xhtml" xml:lang="en" lang="en">
 <head>
  <title>
</title>
<meta http-equiv="Content-Type" content="text/html;charset=utf-8" />
  <meta name='ocr-system' content='tesseract 3.04.00' />
  <meta name='ocr-capabilities' content='ocr_page ocr_carea ocr_par ocr_line ocrx_word'/>
</head>
<body>
  <div class='ocr_page' id='page_1' title='image "./theologidogmati03kenrgoog_0223.png"; bbox 0 0 2812 5062; ppageno 0'>
   <div class='ocr_carea' id='block_1_1' title="bbox 102 309 847 372">
    <p class='ocr_par' dir='ltr' id='par_1_1' title="bbox 102 309 847 372">
     <span class='ocr_line' id='line_1_1' title="bbox 102 309 847 372; baseline 0 -3"><span class='ocrx_word' id='word_1_1' title='bbox 102 315 161 372; x_wconf 80' lang='lat'><strong>220</strong></span> <span class='ocrx_word' id='word_1_2' title='bbox 547 311 603 371; x_wconf 85' lang='lat' dir='ltr'><strong>DE</strong></span> <span class='ocrx_word' id='word_1_3' title='bbox 624 309 847 371; x_wconf 85' lang='lat' dir='ltr'><strong>LITURGIIS.</strong></span> 
     </span>
    </p>
   </div>
   <div class='ocr_carea' id='block_1_2' title="bbox 35 464 1300 744">
    <p class='ocr_par' dir='ltr' id='par_1_2' title="bbox 35 464 1300 744">
     <span class='ocr_line' id='line_1_2' title="bbox 103 464 1300 554; baseline 0.002 -25"><span class='ocrx_word' id='word_1_4' title='bbox 103 471 178 531; x_wconf 82' lang='lat' dir='ltr'><strong>eleut</strong></span> <span class='ocrx_word' id='word_1_5' title='bbox 200 481 231 532; x_wconf 88' lang='lat' dir='ltr'><strong>et</strong></span> <span class='ocrx_word' id='word_1_6' title='bbox 241 477 401 554; x_wconf 52' lang='lat' dir='ltr'><strong>incursu-¹</strong></span> <span class='ocrx_word' id='word_1_7' title='bbox 441 464 586 547; x_wconf 84' lang='lat' dir='ltr'><strong>Equidem</strong></span> <span class='ocrx_word' id='word_1_8' title='bbox 608 488 784 544; x_wconf 78' lang='lat' dir='ltr'><strong>unaqueque</strong></span> <span class='ocrx_word' id='word_1_9' title='bbox 806 468 920 546; x_wconf 79' lang='lat' dir='ltr'><strong>liturgia</strong></span> <span class='ocrx_word' id='word_1_10' title='bbox 943 486 1042 530; x_wconf 81' lang='lat' dir='ltr'><strong>uerum</strong></span> <span class='ocrx_word' id='word_1_11' title='bbox 1066 489 1177 549; x_wconf 75' lang='lat' dir='ltr'><strong>corpus</strong></span> <span class='ocrx_word' id='word_1_12' title='bbox 1192 469 1300 531; x_wconf 68' lang='lat' dir='ltr'><strong>adesse</strong></span> 
     </span>
     <span class='ocr_line' id='line_1_3' title="bbox 39 565 1300 660; baseline 0 -32"><span class='ocrx_word' id='word_1_13' title='bbox 39 654 42 660; x_wconf 22' lang='grc' dir='ltr'>Ι</span> <span class='ocrx_word' id='word_1_14' title='bbox 103 568 235 640; x_wconf 76' lang='lat' dir='ltr'>declarat,</span> <span class='ocrx_word' id='word_1_15' title='bbox 247 582 276 629; x_wconf 88' lang='lat' dir='ltr'><strong>et</strong></span> <span class='ocrx_word' id='word_1_16' title='bbox 285 572 351 630; x_wconf 88' lang='lat' dir='ltr'><strong>ideo</strong></span> <span class='ocrx_word' id='word_1_17' title='bbox 362 570 548 629; x_wconf 71' lang='lat' dir='ltr'><strong>mutationem</strong></span> <span class='ocrx_word' id='word_1_18' title='bbox 562 568 725 627; x_wconf 72' lang='lat' dir='ltr'><strong>substantie</strong></span> <span class='ocrx_word' id='word_1_19' title='bbox 737 565 842 635; x_wconf 82' lang='lat' dir='ltr'><strong>statuit,</strong></span> <span class='ocrx_word' id='word_1_20' title='bbox 854 583 940 639; x_wconf 86' lang='lat' dir='ltr'><strong>quam</strong></span> <span class='ocrx_word' id='word_1_21' title='bbox 953 567 1096 645; x_wconf 76' lang='lat' dir='ltr'><strong>pleraque</strong></span> <span class='ocrx_word' id='word_1_22' title='bbox 1107 569 1209 628; x_wconf 78' lang='lat' dir='ltr'><strong>verbis</strong></span> <span class='ocrx_word' id='word_1_23' title='bbox 1221 567 1300 628; x_wconf 79' lang='lat' dir='ltr'><strong>valde</strong></span> 
     </span>
     <span class='ocr_line' id='line_1_4' title="bbox 35 666 852 744; baseline -0.006 -15"><span class='ocrx_word' id='word_1_24' title='bbox 35 674 40 729; x_wconf 73' lang='lat' dir='ltr'><strong>l</strong></span> <span class='ocrx_word' id='word_1_25' title='bbox 102 667 262 744; x_wconf 79' lang='lat' dir='ltr'><strong>perspicuis</strong></span> <span class='ocrx_word' id='word_1_26' title='bbox 276 666 432 727; x_wconf 84' lang='lat' dir='ltr'><strong>enuntiant.</strong></span> <span class='ocrx_word' id='word_1_27' title='bbox 848 708 852 713; x_wconf 86' lang='lat'><em>-</em></span> 
     </span>
    </p>
   </div>
   <div class='ocr_carea' id='block_1_3' title="bbox 27 760 1299 1528">
    <p class='ocr_par' dir='ltr' id='par_1_3' title="bbox 27 760 1298 1038">
     <span class='ocr_line' id='line_1_5' title="bbox 30 760 1298 849; baseline 0 -25"><span class='ocrx_word' id='word_1_28' title='bbox 30 804 35 849; x_wconf 77' lang='lat' dir='ltr'><strong>t</strong></span> <span class='ocrx_word' id='word_1_29' title='bbox 142 769 211 824; x_wconf 76' lang='lat'><strong>335.</strong></span> <span class='ocrx_word' id='word_1_30' title='bbox 237 764 304 844; x_wconf 84' lang='lat' dir='ltr'><strong><em>Obj.</em></strong></span> <span class='ocrx_word' id='word_1_31' title='bbox 316 769 345 823; x_wconf 69' lang='lat'><strong>42</strong></span> <span class='ocrx_word' id='word_1_32' title='bbox 367 763 516 843; x_wconf 77' lang='lat' dir='ltr'><strong>Antitypa</strong></span> <span class='ocrx_word' id='word_1_33' title='bbox 526 772 664 822; x_wconf 82' lang='lat' dir='ltr'><strong>vocantur</strong></span> <span class='ocrx_word' id='word_1_34' title='bbox 677 781 740 836; x_wconf 81' lang='lat' dir='ltr'><strong>quae</strong></span> <span class='ocrx_word' id='word_1_35' title='bbox 757 763 855 840; x_wconf 86' lang='lat' dir='ltr'><strong>jacent</strong></span> <span class='ocrx_word' id='word_1_36' title='bbox 867 760 899 820; x_wconf 92' lang='lat' dir='ltr'><strong>in</strong></span> <span class='ocrx_word' id='word_1_37' title='bbox 912 760 991 819; x_wconf 87' lang='lat' dir='ltr'><strong>altari</strong></span> <span class='ocrx_word' id='word_1_38' title='bbox 1005 771 1073 838; x_wconf 81' lang='lat' dir='ltr'><strong>pust</strong></span> <span class='ocrx_word' id='word_1_39' title='bbox 1088 763 1181 822; x_wconf 86' lang='lat' dir='ltr'><strong>verba</strong></span> <span class='ocrx_word' id='word_1_40' title='bbox 1197 761 1298 824; x_wconf 87' lang='lat' dir='ltr'><strong>Domi·</strong></span> 
     </span>
     <span class='ocr_line' id='line_1_6' title="bbox 101 860 1298 942; baseline -0.001 -18.057"><span class='ocrx_word' id='word_1_41' title='bbox 101 869 166 928; x_wconf 89' lang='lat' dir='ltr'><strong>nica</strong></span> <span class='ocrx_word' id='word_1_42' title='bbox 179 862 286 940; x_wconf 84' lang='lat' dir='ltr'><strong>prolata</strong></span> <span class='ocrx_word' id='word_1_43' title='bbox 297 872 326 921; x_wconf 88' lang='lat' dir='ltr'><strong>et</strong></span> <span class='ocrx_word' id='word_1_44' title='bbox 339 862 463 940; x_wconf 80' lang='lat' dir='ltr'><strong>Spiritus</strong></span> <span class='ocrx_word' id='word_1_45' title='bbox 475 861 573 921; x_wconf 87' lang='lat' dir='ltr'><strong>Sancti</strong></span> <span class='ocrx_word' id='word_1_46' title='bbox 584 861 802 921; x_wconf 82' lang='lat' dir='ltr'><strong>invocationem.</strong></span> <span class='ocrx_word' id='word_1_47' title='bbox 826 860 895 919; x_wconf 89' lang='lat' dir='ltr'><strong>Non</strong></span> <span class='ocrx_word' id='word_1_48' title='bbox 906 869 972 918; x_wconf 83' lang='lat' dir='ltr'><strong>eunt</strong></span> <span class='ocrx_word' id='word_1_49' title='bbox 981 860 1067 938; x_wconf 83' lang='lat' dir='ltr'><strong>igitur</strong></span> <span class='ocrx_word' id='word_1_50' title='bbox 1077 861 1179 940; x_wconf 75' lang='lat' dir='ltr'><strong>ipsum</strong></span> <span class='ocrx_word' id='word_1_51' title='bbox 1193 881 1298 942; x_wconf 73' lang='lat' dir='ltr'><strong>cerpus</strong></span> 
     </span>
     <span class='ocr_line' id='line_1_7' title="bbox 27 942 393 1038; baseline -0.005 -19"><span class='ocrx_word' id='word_1_52' title='bbox 27 942 32 997; x_wconf 61' lang='lat' dir='ltr'><strong>i</strong></span> <span class='ocrx_word' id='word_1_53' title='bbox 100 970 129 1019; x_wconf 86' lang='lat' dir='ltr'><strong>et</strong></span> <span class='ocrx_word' id='word_1_54' title='bbox 142 960 258 1038; x_wconf 81' lang='lat' dir='ltr'><strong>sanguis</strong></span> <span class='ocrx_word' id='word_1_55' title='bbox 273 959 393 1019; x_wconf 86' lang='lat' dir='ltr'><strong>Chrieti.</strong></span> 
     </span>
    </p>

    <p class='ocr_par' dir='ltr' id='par_1_4' title="bbox 99 1053 1299 1528">
     <span class='ocr_line' id='line_1_8' title="bbox 140 1053 1297 1136; baseline 0.002 -20"><span class='ocrx_word' id='word_1_56' title='bbox 140 1056 230 1136; x_wconf 74' lang='lat' dir='ltr'><strong>Rcep.</strong></span> <span class='ocrx_word' id='word_1_57' title='bbox 252 1056 401 1135; x_wconf 87' lang='lat' dir='ltr'><strong>Optimum</strong></span> <span class='ocrx_word' id='word_1_58' title='bbox 422 1056 522 1115; x_wconf 77' lang='lat' dir='ltr'><strong>damus</strong></span> <span class='ocrx_word' id='word_1_59' title='bbox 542 1057 621 1115; x_wconf 84' lang='lat' dir='ltr'><strong>vecie</strong></span> <span class='ocrx_word' id='word_1_60' title='bbox 644 1056 826 1134; x_wconf 81' lang='lat' dir='ltr'><strong>interpretem</strong></span> <span class='ocrx_word' id='word_1_61' title='bbox 847 1056 880 1113; x_wconf 86' lang='lat' dir='ltr'><strong>S.</strong></span> <span class='ocrx_word' id='word_1_62' title='bbox 901 1053 1045 1114; x_wconf 77' lang='lat' dir='ltr'><strong>loannem</strong></span> <span class='ocrx_word' id='word_1_63' title='bbox 1067 1055 1297 1128; x_wconf 81' lang='lat' dir='ltr'><strong>Damaeeenum,</strong></span> 
     </span>
     <span class='ocr_line' id='line_1_9' title="bbox 101 1152 1299 1232; baseline 0.003 -18"><span class='ocrx_word' id='word_1_64' title='bbox 101 1174 188 1232; x_wconf 87' lang='lat' dir='ltr'><strong>quem</strong></span> <span class='ocrx_word' id='word_1_65' title='bbox 204 1155 299 1215; x_wconf 85' lang='lat' dir='ltr'><strong>Graeci</strong></span> <span class='ocrx_word' id='word_1_66' title='bbox 325 1154 457 1232; x_wconf 78' lang='lat' dir='ltr'><strong>plurimis</strong></span> <span class='ocrx_word' id='word_1_67' title='bbox 471 1154 595 1213; x_wconf 85' lang='lat' dir='ltr'><strong>faciunt:</strong></span> <span class='ocrx_word' id='word_1_68' title='bbox 618 1154 786 1232; x_wconf 78' lang='lat' dir='ltr'><strong>“Antitypa</strong></span> <span class='ocrx_word' id='word_1_69' title='bbox 808 1171 877 1212; x_wconf 80' lang='lat' dir='ltr'><strong>veru</strong></span> <span class='ocrx_word' id='word_1_70' title='bbox 899 1153 1057 1212; x_wconf 83' lang='lat' dir='ltr'><strong>futurorum</strong></span> <span class='ocrx_word' id='word_1_71' title='bbox 1079 1152 1219 1224; x_wconf 74' lang='lat' dir='ltr'><strong>dicimus,</strong></span> <span class='ocrx_word' id='word_1_72' title='bbox 1240 1174 1299 1217; x_wconf 87' lang='lat' dir='ltr'><strong>neu</strong></span> 
     </span>
     <span class='ocr_line' id='line_1_10' title="bbox 102 1249 1298 1329; baseline 0.003 -17"><span class='ocrx_word' id='word_1_73' title='bbox 102 1252 180 1328; x_wconf 89' lang='lat' dir='ltr'><strong>quod</strong></span> <span class='ocrx_word' id='word_1_74' title='bbox 193 1271 252 1312; x_wconf 90' lang='lat' dir='ltr'><strong>non</strong></span> <span class='ocrx_word' id='word_1_75' title='bbox 266 1253 325 1310; x_wconf 81' lang='lat' dir='ltr'><strong>sint</strong></span> <span class='ocrx_word' id='word_1_76' title='bbox 338 1270 403 1311; x_wconf 85' lang='lat' dir='ltr'><strong>vere</strong></span> <span class='ocrx_word' id='word_1_77' title='bbox 418 1269 522 1329; x_wconf 84' lang='lat' dir='ltr'><strong>corpus</strong></span> <span class='ocrx_word' id='word_1_78' title='bbox 536 1260 566 1309; x_wconf 89' lang='lat' dir='ltr'><strong>et</strong></span> <span class='ocrx_word' id='word_1_79' title='bbox 577 1251 705 1329; x_wconf 74' lang='lat' dir='ltr'><strong>sanguis,</strong></span> <span class='ocrx_word' id='word_1_80' title='bbox 720 1252 771 1309; x_wconf 88' lang='lat' dir='ltr'><strong>eed</strong></span> <span class='ocrx_word' id='word_1_81' title='bbox 783 1251 849 1324; x_wconf 91' lang='lat' dir='ltr'><strong>quia</strong></span> <span class='ocrx_word' id='word_1_82' title='bbox 863 1268 915 1328; x_wconf 84' lang='lat' dir='ltr'><strong>per</strong></span> <span class='ocrx_word' id='word_1_83' title='bbox 927 1250 1001 1327; x_wconf 79' lang='lat' dir='ltr'><strong>ipsa,</strong></span> <span class='ocrx_word' id='word_1_84' title='bbox 1013 1249 1170 1310; x_wconf 79' lang='lat' dir='ltr'><strong>divinitatis</strong></span> <span class='ocrx_word' id='word_1_85' title='bbox 1186 1250 1298 1315; x_wconf 70' lang='lat' dir='ltr'><strong>curtat</strong></span> 
     </span>
     <span class='ocr_line' id='line_1_11' title="bbox 101 1345 1297 1424; baseline 0.003 -16"><span class='ocrx_word' id='word_1_86' title='bbox 101 1368 177 1413; x_wconf 84' lang='lat' dir='ltr'><strong>nunc</strong></span> <span class='ocrx_word' id='word_1_87' title='bbox 190 1366 290 1407; x_wconf 76' lang='lat' dir='ltr'><strong>enimus</strong></span> <span class='ocrx_word' id='word_1_88' title='bbox 304 1357 472 1415; x_wconf 65' lang='lat' dir='ltr'><strong>conseruet</strong></span> <span class='ocrx_word' id='word_1_89' title='bbox 487 1357 555 1407; x_wconf 91' lang='lat' dir='ltr'><strong>tunc</strong></span> <span class='ocrx_word' id='word_1_90' title='bbox 568 1357 663 1406; x_wconf 85' lang='lat' dir='ltr'><strong>autem</strong></span> <span class='ocrx_word' id='word_1_91' title='bbox 673 1345 856 1406; x_wconf 80' lang='lat' dir='ltr'><strong>intellectuali</strong></span> <span class='ocrx_word' id='word_1_92' title='bbox 866 1347 975 1406; x_wconf 84' lang='lat' dir='ltr'><strong>ratione</strong></span> <span class='ocrx_word' id='word_1_93' title='bbox 987 1364 1040 1424; x_wconf 87' lang='lat' dir='ltr'><strong>per</strong></span> <span class='ocrx_word' id='word_1_94' title='bbox 1050 1347 1143 1408; x_wconf 86' lang='lat' dir='ltr'><strong>eclam</strong></span> <span class='ocrx_word' id='word_1_95' title='bbox 1152 1350 1297 1411; x_wconf 77' lang='lat' dir='ltr'><strong>visionem</strong></span> 
     </span>
     <span class='ocr_line' id='line_1_12' title="bbox 99 1445 338 1528; baseline -0.017 -20"><span class='ocrx_word' id='word_1_96' title='bbox 99 1445 338 1528; x_wconf 75' lang='lat' dir='ltr'><strong>percipiemue.&#39;’⁸</strong></span> 
     </span>
    </p>
   </div>
   <div class='ocr_carea' id='block_1_4' title="bbox 300 1601 1087 1757">
    <p class='ocr_par' dir='ltr' id='par_1_5' title="bbox 300 1601 1087 1757">
     <span class='ocr_line' id='line_1_13' title="bbox 300 1601 1087 1671; baseline 0.006 -20"><span class='ocrx_word' id='word_1_97' title='bbox 300 1604 342 1669; x_wconf 97' lang='lat'><strong>(1)</strong></span> <span class='ocrx_word' id='word_1_98' title='bbox 361 1601 425 1654; x_wconf 81' lang='lat' dir='ltr'><strong>Vide</strong></span> <span class='ocrx_word' id='word_1_99' title='bbox 436 1601 501 1668; x_wconf 85' lang='lat' dir='ltr'><strong>apud</strong></span> <span class='ocrx_word' id='word_1_100' title='bbox 512 1602 694 1655; x_wconf 79' lang='lat' dir='ltr'><strong>Renautlctium</strong></span> <span class='ocrx_word' id='word_1_101' title='bbox 704 1601 799 1667; x_wconf 76' lang='lat' dir='ltr'><strong>Liturg.</strong></span> <span class='ocrx_word' id='word_1_102' title='bbox 808 1601 926 1654; x_wconf 86' lang='lat' dir='ltr'><strong>Oriental.</strong></span> <span class='ocrx_word' id='word_1_103' title='bbox 936 1603 983 1661; x_wconf 66' lang='lat' dir='ltr'><strong>ci.</strong></span> <span class='ocrx_word' id='word_1_104' title='bbox 993 1619 1018 1671; x_wconf 84' lang='lat' dir='ltr'><strong>p.</strong></span> <span class='ocrx_word' id='word_1_105' title='bbox 1028 1606 1087 1656; x_wconf 81' lang='lat' dir='ltr'><strong>att.</strong></span> 
     </span>
     <span class='ocr_line' id='line_1_14' title="bbox 301 1685 781 1757; baseline 0.006 -23"><span class='ocrx_word' id='word_1_106' title='bbox 301 1685 342 1757; x_wconf 67' lang='grc' dir='ltr'><strong>(ἓ)</strong></span> <span class='ocrx_word' id='word_1_107' title='bbox 361 1685 392 1739; x_wconf 79' lang='lat' dir='ltr'><strong>L.</strong></span> <span class='ocrx_word' id='word_1_108' title='bbox 401 1687 434 1740; x_wconf 83' lang='lat' dir='ltr'><strong>iv.</strong></span> <span class='ocrx_word' id='word_1_109' title='bbox 445 1687 475 1741; x_wconf 85' lang='lat' dir='ltr'><strong>de</strong></span> <span class='ocrx_word' id='word_1_110' title='bbox 486 1687 534 1741; x_wconf 85' lang='lat' dir='ltr'><strong>fide</strong></span> <span class='ocrx_word' id='word_1_111' title='bbox 546 1687 689 1743; x_wconf 83' lang='lat' dir='ltr'><strong>orthodoxa</strong></span> <span class='ocrx_word' id='word_1_112' title='bbox 699 1704 720 1739; x_wconf 88' lang='lat' dir='ltr'><strong>c.</strong></span> <span class='ocrx_word' id='word_1_113' title='bbox 731 1688 781 1743; x_wconf 78' lang='lat' dir='ltr'><strong>xiv.</strong></span> 
     </span>
    </p>
   </div>
   <div class='ocr_carea' id='block_1_5' title="bbox 0 0 1410 5062">
    <p class='ocr_par' dir='ltr' id='par_1_6' title="bbox 0 0 1410 5062">
     <span class='ocr_line' id='line_1_15' title="bbox 0 0 1410 5062; baseline 0 0"><span class='ocrx_word' id='word_1_114' title='bbox 0 0 1410 5062; x_wconf 95' lang='lat' dir='ltr'><strong> </strong></span> 
     </span>
    </p>
   </div>
  </div>
 </body>
</html>
