2812 5062
202 319 258 380 DE
280 317 574 383 COMMUNIONE
596 317 674 378 SUB
697 317 898 385 UTRAQUE
920 315 1081 377 SPEOIE.
1203 319 1261 377 289

545 799 685 864 csPUT
706 797 791 860 XIV.

184 1039 237 1093 DE
266 1038 577 1092 COMMUNIONE
607 1039 691 1090 SUB
721 1036 937 1100 UTRAQUE
967 1035 1144 1092 senem.

109 1270 180 1326 296.
200 1268 286 1328 Anno
298 1268 410 1327 circiter
422 1270 511 1334 1412,
525 1266 628 1325 Petrus
649 1264 821 1324 Dresdensis
835 1274 864 1324 et
882 1264 1058 1335 Jacobellus,
1080 1265 1188 1334 Misua,
1203 1266 1260 1326 Bo·

71 1363 177 1422 hemlm
201 1363 318 1441 oppido,
334 1362 482 1432 oriundus,
497 1363 639 1423 Ecclesia
663 1361 854 1440 disciplinam,
877 1380 934 1436 qua
957 1363 1010 1421 sub
1033 1363 1131 1441 specie
1156 1373 1264 1422 tantum

67 1458 154 1534 panis
169 1457 377 1517 administratur
397 1457 577 1526 eucharistia,
597 1458 808 1534 impugnarunt,
834 1453 980 1516 C'cle'oetini
999 1459 1035 1516 ob
1056 1458 1153 1517 calicis
1174 1476 1260 1518 usum

64 1553 242 1616 vindicatum
256 1555 420 1634 nuncupati.
461 1556 604 1615 lantherus
618 1553 770 1628 aliquando
783 1554 930 1632 professus
940 1564 984 1613 est
997 1573 1028 1612 se
1040 1555 1116 1614 nolle
1130 1555 1257 1634 discipli·

68 1669 139 1711 nam
159 1663 303 1732 receptam
315 1654 369 1712 hac
387 1654 418 1713 ia
441 1672 471 1713 re
485 1659 604 1722 mutare,
619 1654 675 1712 nisi
699 1671 737 1711 ex
759 1653 875 1710 concilii
896 1652 1036 1729 generalis
1059 1654 1258 1723 auctoritate32

69 1748 208 1827 deinceps
221 1750 365 1810 consuluit
383 1750 527 1829 episeopis
542 1759 573 1809 ut
588 1759 736 1823 utramque
757 1750 885 1825 speciem
905 1748 1125 1818 concederesne
1145 1749 1259 1810 tandem

69 1843 162 1904 dixite
182 1847 243 1904 “Si
255 1846 333 1921 quod
343 1847 496 1906 concilium
507 1857 641 1905 statueret
652 1856 700 1905 aut
710 1846 885 1924 permitteret
894 1854 1043 1919 utramque
1054 1847 1193 1923 speciem,
1206 1865 1260 1906 nos

71 1958 253 2016 nequequam
266 1952 384 2018 utraque
394 1945 436 2002 uti
446 1943 593 2011 vellemus,
605 1942 657 2000 sed
668 1944 697 2000 in
708 1940 875 2019 despectum
887 1942 1012 2010 concilii,
1024 1943 1143 2019 eJusque
1155 1945 1262 2013 statuti,

69 2047 122 2098 aut
133 2057 190 2098 nna
202 2051 251 2099 aut
262 2053 371 2112 neutra,
385 2050 415 2100 et
428 2042 544 2100 minime
558 2052 676 2114 utraque
690 2039 731 2097 uti
745 2038 895 2106 vellemus,
910 2037 1087 2098 maledicturi
1102 2041 1262 2110 universos,

70 2136 175 2212 quiex
187 2147 325 2215 potestate
338 2149 386 2198 aut
398 2147 502 2198 statuto
515 2138 630 2198 concilii
643 2147 761 2210 utraque
775 2135 976 2211 uterentun’ffl,
994 2135 1133 2197 Calvinus
1145 2139 1243 2196 scribit
1256 2157 1264 2196 ε

71 2243 93 2271 “
104 2233 155 2293 Ex
168 2235 267 2295 eadem
282 2235 424 2314 (diaboli)
445 2235 550 2313 prodiit
563 2235 677 2294 officina
698 2233 827 2292 etaltera
847 2232 1023 2300 constitutio,
1037 2251 1101 2307 quae
1116 2234 1264 2294 dimidiam

72 2349 162 2391 caenac
171 2342 279 2410 partem
293 2332 405 2392 meliori
418 2332 518 2411 populi
531 2331 587 2390 Dei
601 2349 721 2390 numero
735 2330 781 2388 vel
794 2329 884 2387 furata
896 2339 941 2387 est
954 2329 999 2387 vel
1012 2330 1163 2406 eripuit.”⁴
1189 2333 1267 2389 Atta·

71 2449 144 2490 men
157 2430 311 2491 Lntherani
324 2441 353 2490 et
365 2429 528 2490 calviniani
541 2429 693 2504 aliqnando
713 2429 904 2506 permiserunt
923 2429 1069 2488 abstemiis
1090 2432 1143 2489 sub
1164 2432 1262 2508 specie

74 2529 160 2606 panis
171 2529 405 2589 communicare.⁵
424 2529 514 2587 Recte
526 2536 653 2587 “monet
666 2526 754 2604 Hugo
768 2526 885 2584 Grotius
897 2526 927 2584 in
941 2524 1079 2584 adnotatis
1093 2527 1124 2586 in
1138 2526 1266 2588 Cassan·

72 2623 126 2684 dri
139 2625 261 2696 cornult,
277 2645 312 2704 p.
328 2630 382 2686 161
405 2626 478 2686 nihil
499 2625 577 2685 aliud
601 2644 676 2693 esse,
692 2623 770 2698 quod
793 2624 847 2682 hac
876 2625 907 2683 in
929 2643 960 2682 re
982 2624 1077 2685 obstet
1095 2627 1268 2697 concordie,

72 2732 178 2802 preter
190 2731 298 2782 atroces
312 2721 508 2783 adcusationes
520 2721 596 2790 illas,
611 2722 714 2796 quibus
727 2722 942 2798 protestantium
956 2722 1087 2781 nonnulli
1102 2723 1268 2784 Ecclesiam

72 2819 236 2880 Romanam
249 2820 313 2879 heic
326 2820 467 2898 sacrilegii
480 2838 558 2879 ream
572 2818 693 2887 laciant3
714 2836 803 2892 quum
818 2829 913 2876 tamen
926 2817 1008 2878 initio
1021 2818 1176 2888 Lutherus,
1201 2820 1268 2879 Me·

71 2917 219 2986 lanchton,
233 2918 362 2977 Bucerus
386 2915 556 2976 crediderint
569 2916 632 2974 sine
653 2924 770 2994 peccato
790 2915 844 2973 sub
857 2932 916 2974 uno
936 2915 1070 2991 symbolo
1091 2916 1147 2975 hoc
1161 2918 1263 2977 Sacra·

77 3023 206 3073 mentum
217 3015 293 3073 sumi
305 3012 440 3092 posse.’'⁰

116 3112 185 3170 297.
207 3109 240 3168 ld
254 3111 284 3169 in
297 3109 430 3168 confesso
443 3118 488 3166 est
500 3107 575 3186 apud
589 3124 701 3175 omues,
715 3106 859 3184 publicam
872 3108 1116 3177 communionem,
1132 3129 1183 3186 per
1196 3109 1267 3170 duo·

77 3207 173 3267 decim
186 3207 280 3284 priora
290 3205 429 3265 Ecclesiae
443 3203 556 3272 secula,
568 3203 736 3280 plerumque
745 3202 926 3277 subsutraque
937 3204 1036 3281 specie
1047 3204 1270 3266 administratam

77 3303 192 3372 fuisse,⁷
211 3320 297 3376 quam
321 3312 416 3359 tamen
442 3309 525 3358 antea
538 3300 653 3357 arbitrio
673 3297 801 3356 fidelium
821 3297 960 3364 relictam,
982 3297 1117 3357 Gelasius
1140 3300 1270 3376 pontifex

79 3399 180 3474 quinto
200 3397 305 3456 saeculo
327 3405 469 3473 precepto
482 3394 631 3472 injunxit,s
651 3411 739 3467 quum
760 3393 988 3453 Manichaeorum
1008 3412 1102 3452 errore
1123 3395 1231 3464 infecti,
1254 3414 1271 3453 a

79 3495 178 3575 specie
188 3493 249 3552 vini
259 3493 451 3561 abhorrentes,
462 3492 579 3550 alteram
590 3500 697 3549 tantum
709 3489 835 3566 speciem
846 3489 1016 3567 reciperent.
1037 3488 1158 3548 Constat
1168 3491 1273 3568 pariter

78 3570 261 3689 exipldrimis
275 3591 447 3666 antiquitatis
469 3588 662 3649 monumentis
684 3588 821 3665 priuatam
848 3587 1081 3648 communionem
1102 3588 1271 3666 plerumque

79 3688 209 3766 quolibet
219 3688 326 3748 seculo
338 3689 391 3747 sub
405 3688 491 3746 altera
503 3695 612 3744 tantum
625 3684 724 3763 specie
738 3683 895 3742 tributam.⁹

118 3866 161 3935 (l)
178 3866 209 3918 ln
219 3867 280 3919 decl.
291 3869 368 3918 Serm.
381 3864 413 3916 de
423 3862 504 3916 Eueh·

120 3956 164 4021 (2)
182 3954 213 4006 In
224 3961 306 4005 essert
317 3959 360 4004 art.
370 3951 420 4003 xvi.

116 4044 161 4108 (3)
180 4040 212 4092 D·
223 4040 254 4091 de
263 4041 367 4092 formale
377 4039 468 4090 Missa.

119 4129 164 4195 (4)
182 4125 213 4177 L.
223 4127 255 4177 iv.
266 4125 326 4176 inst.
337 4141 359 4176 e.
370 4125 429 4176 xvii.

117 4214 162 4280 (5)
180 4212 245 4264 Vide
257 4211 395 4263 calvinian.
405 4209 498 4276 discipl
506 4221 528 4261 e.
536 4208 584 4260 ali.
593 4208 626 4260 'tlt
639 4202 670 4259 de
686 4217 764 4267 cene,
775 4211 819 4256 ert
830 4204 872 4257 rii.
884 4204 949 4272 epnd
965 4201 1073 4259 Bossnet
1084 4205 1111 4258 ln
1122 4222 1209 4273 expos.
1221 4203 1279 4257 fidei

81 4298 151 4352 ceth.

122 4385 167 4451 (6)
186 4383 262 4450 Apud
272 4381 416 4434 Walchium
427 4377 514 4432 introd.
525 4379 542 4432 l.
552 4379 569 4430 i.
580 4395 601 4442 e.¹
611 4377 646 4430 iii
658 4382 673 4440 ς
683 4377 735 4428 xlii.
745 4393 770 4443 p
782 4378 840 4426 339.

120 4471 165 4537 (7)
184 4469 248 4520 Vide
259 4466 332 4519 Oard„
344 4468 421 4519 Bona.
430 4469 446 4518 l.
456 4466 490 4517 xi.
500 4481 582 4516 rerum
593 4463 689 4527 liturgic
699 4479 722 4513 c.
730 4461 798 4512 xviii.
808 4465 822 4524 ἦ
834 4461 852 4512 i.

114 4559 159 4624 (8)
178 4556 255 4623 Apud
265 4555 374 4606 Gratiae.
381 4554 412 4605 de
423 4552 539 4606 cosme.
550 4552 599 4604 dist
608 4550 634 4603 ii.
645 4565 698 4617 cap.
708 4549 751 4600 xii.

123 4647 167 4715 (9)
187 4644 264 4705 Bona,
274 4643 317 4696 ubi
329 4659 408 4710 supra.
