2812 5062
104 306 164 362 ete
308 300 365 361 DE
386 300 732 361 SUSGIPIENTIBUS
751 299 1084 361 euenturum.

105 473 200 521 tamen
214 459 373 520 damnanda
386 469 430 518 est
452 460 613 535 antiquitas,
628 460 654 517 si
668 477 733 518 eum
748 478 857 518 morem
871 460 902 519 in
915 460 1086 533 quibusdam
1106 459 1180 518 iocis
1202 478 1298 519 serva·

104 559 160 626 vit;
187 569 217 616 ut
230 559 306 617 enim
321 557 493 616 sanctissimi
507 557 549 615 illi
562 567 656 634 patres
670 557 716 615 sui
730 556 796 616 faeti
815 551 991 634 probabilem
1011 576 1129 617 causam
1148 575 1204 634 pro
1219 558 1296 617 illius

106 656 242 732 temporis
257 655 363 713 ratione
377 655 543 722 habuerunt,
557 654 595 713 ita
608 663 684 713 certe
694 672 744 712 eos
759 653 836 712 nulia
849 653 948 712 salutis
962 655 1130 713 necessitate
1145 652 1177 713 id
1191 654 1295 715 fecisse

105 752 167 810 sine
190 752 382 813 controversia
402 751 574 811 erodendum
596 749 686 811 est.”¹
726 751 861 810 Decrevit
881 751 983 810 etiamr
1008 752 1159 825 “Siquis
1180 751 1297 821 dixerit,

106 849 241 926 parvulis,
255 859 406 924 antequam
428 848 464 907 sd
484 867 574 908 annos
594 849 775 909 discretionis
796 849 988 926 pervenerint,
1012 848 1208 909 necessariam
1230 869 1295 910 esee

22 974 25 979 ,
105 945 281 1004 eucharistie
305 944 583 1005 communionem.”⁹
629 946 787 1019 Antiquum
811 963 921 1004 morem
945 964 962 1002 a
988 945 1202 1023 superstitionis
1231 947 1298 1007 labe
1335 988 1339 999 =

105 1042 206 1103 meriti
221 1043 365 1103 vindicant
378 1044 587 1103 oxonienses.⁸

143 1144 211 1199 326.
232 1139 330 1200 ndulti
344 1150 473 1200 tenentur
494 1141 591 1200 divino
614 1149 757 1218 precepto
782 1139 817 1198 ad
841 1138 1054 1217 percipiendam
1079 1141 1292 1212 eucharistiam,

96 1236 183 1312 juxta
195 1235 305 1294 Christi
319 1237 421 1296 verba:
442 1237 541 1295 “Nisi
554 1235 790 1296 manducaveritis
805 1254 919 1294 earnem
933 1235 1001 1295 Filii
1014 1237 1154 1304 hominis,
1169 1249 1198 1296 et
1217 1239 1292 1297 bibe·

103 1334 164 1393 ritis
178 1335 241 1411 ejus
254 1335 432 1411 sangninem,
447 1352 505 1393 non
526 1333 665 1393 habebitis
686 1333 772 1393 vitam
792 1333 822 1391 in
843 1332 969 1392 vobis.''⁴
1008 1332 1050 1392 Ut
1070 1333 1141 1392 illud
1164 1346 1298 1412 urgerent

104 1429 310 1490 Lateranenses
332 1439 435 1506 patres,
451 1431 600 1507 jusserunt
620 1428 752 1489 fidelibus
772 1429 905 1488 omnibus
930 1431 1033 1489 saltem
1057 1430 1150 1489 semel
1169 1432 1201 1489 in
1221 1450 1296 1492 anno

57 1571 70 1586 .
103 1528 301 1592 eucharistiam
315 1527 478 1604 suscipere:
501 1547 558 1601 quo
578 1528 639 1586 nixi
663 1527 776 1586 decreto
797 1527 961 1587 Tridentini
981 1537 1076 1605 patres
1097 1539 1291 1596 censuerunt:

104 1625 168 1682 “Si
182 1624 245 1698 quis
261 1624 412 1700 negaverit,
424 1641 523 1682 omnes
538 1632 566 1682 et
580 1623 709 1701 singulos
721 1623 831 1682 Christi
846 1623 944 1683 fideles
954 1625 1100 1698 utriusque
1112 1644 1216 1694 sexus,
1228 1645 1293 1686 cum

104 1721 141 1781 ud
154 1740 243 1781 annos
257 1720 434 1780 discretionis
449 1722 636 1799 pervenerint,
652 1722 741 1781 teneri
754 1721 876 1799 singulis
890 1722 972 1781 annis
986 1722 1088 1782 saltem
1103 1723 1133 1782 in
1149 1725 1290 1784 Paschate

105 1817 141 1877 ad
154 1817 432 1889 communicandum,
448 1819 532 1897 juxta
545 1829 718 1898 preceptum
738 1829 843 1878 sancte
864 1820 961 1878 matris
975 1819 1128 1889 Ecclesia,
1144 1822 1296 1883 anathema

107 1915 191 1977 sit.”⁵
968 1964 971 1969 .

146 2011 219 2073 Haec
232 2011 267 2073 de
281 2014 464 2074 Sacrameuto
487 2013 665 2074 eucharistie
685 2013 882 2083 disseruimus,
897 2015 960 2075 fuse
981 2015 1098 2091 quidem
1121 2018 1158 2077 si·
1171 2018 1294 2079 instituti

106 2112 195 2171 nostri
208 2111 344 2171 habeatur
355 2113 437 2180 ratio,
451 2112 503 2172 sed
515 2114 637 2172 breviter
657 2131 710 2191 pro
723 2112 765 2173 rei
777 2115 923 2191 gravitate.
964 2114 1010 2174 De
1023 2134 1058 2174 ea
1078 2125 1166 2193 prout
1178 2117 1291 2177 Sacrifi-

107 2209 184 2269 cium
198 2216 243 2268 est
254 2227 331 2268 nuno
344 2208 496 2286 agendum.

144 2423 188 2490 (l)
208 2423 274 2473 Sese.
285 2422 338 2473 xxi.
383 2438 436 2488 cap.
447 2422 480 2474 ir.
520 2460 523 2465 .

142 2510 185 2575 (2)
204 2509 305 2567 Ibidem,
316 2525 363 2559 cun
373 2508 406 2558 iv.
439 2537 442 2543 ·

139 2595 182 2660 (3)
201 2601 215 2626 “
224 2593 318 2644 Would
329 2600 373 2645 not
383 2599 447 2643 most
457 2609 515 2643 men
525 2594 651 2654 maintniu,
662 2609 696 2644 on
708 2592 750 2643 the
767 2594 819 2645 first
829 2595 892 2646 view
909 2595 938 2644 oi
949 2595 991 2646 the
1007 2597 1108 2662 subject,
1119 2593 1173 2646 that
1184 2602 1210 2645 to
1221 2595 1297 2646 adim-

105 2679 180 2730 nister
191 2679 232 2728 the
243 2677 341 2727 Lusso’s
353 2685 477 2743 supporto
487 2679 586 2738 infante,
598 2695 625 2728 or
636 2687 661 2728 to
672 2679 713 2728 the
724 2680 801 2743 dying
813 2681 862 2731 and
873 2681 1012 2740 insensible,
1022 2681 1138 2731 however
1154 2681 1301 2732 consistent·

106 2765 131 2829 iy
142 2764 213 2829 pious
221 2764 269 2813 and
279 2764 400 2826 believing
411 2764 438 2814 in
449 2763 510 2813 their
520 2772 575 2827 past
586 2765 652 2823 lives,
664 2781 715 2814 was
726 2781 741 2813 a
752 2766 918 2830 superstition,
929 2767 977 2816 and
988 2772 1031 2831 yet
1039 2766 1099 2817 both
1107 2766 1228 2832 practices
1238 2766 1302 2819 heve

104 2836 147 2900 the'
155 2849 266 2899 sanction
277 2850 306 2898 of
317 2848 437 2914 primitive
447 2849 545 2913 usage?
562 2850 655 2903 Oxiord
666 2850 761 2913 Traeis,
769 2853 816 2903 vol·
825 2852 850 2907 ii.
869 2851 1069 2904 Advertisement.

144 2934 187 2998 rs)
204 2933 274 2983 roan.
291 2934 323 2982 vr.
335 2935 375 2982 st.
426 2914 432 2925 “

145 3019 188 3086 (5)
207 3019 330 3073 Sesexiii.
338 3036 391 3071 can.
402 3019 435 3071 ix·
