<?xml version="1.0" encoding="UTF-8"?>
<!DOCTYPE html PUBLIC "-//W3C//DTD XHTML 1.0 Transitional//EN"
    "http://www.w3.org/TR/xhtml1/DTD/xhtml1-transitional.dtd">
<html xmlns="http://www.w3.org/1999/xhtml" xml:lang="en" lang="en">
 <head>
  <title>
</title>
<meta http-equiv="Content-Type" content="text/html;charset=utf-8" />
  <meta name='ocr-system' content='tesseract 3.04.00' />
  <meta name='ocr-capabilities' content='ocr_page ocr_carea ocr_par ocr_line ocrx_word'/>
</head>
<body>
  <div class='ocr_page' id='page_1' title='image "./theologidogmati03kenrgoog_0270.png"; bbox 0 0 2774 5056; ppageno 0'>
   <div class='ocr_carea' id='block_1_1' title="bbox 396 332 1263 396">
    <p class='ocr_par' dir='ltr' id='par_1_1' title="bbox 396 332 1263 396">
     <span class='ocr_line' id='line_1_1' title="bbox 396 332 1263 396; baseline 0.002 -2"><span class='ocrx_word' id='word_1_1' title='bbox 396 332 452 394; x_wconf 81' lang='lat' dir='ltr'>DE</span> <span class='ocrx_word' id='word_1_2' title='bbox 474 332 696 394; x_wconf 69' lang='lat' dir='ltr'>arcumen</span> <span class='ocrx_word' id='word_1_3' title='bbox 717 332 944 394; x_wconf 76' lang='lat' dir='ltr'>VERITATE.</span> <span class='ocrx_word' id='word_1_4' title='bbox 1204 339 1263 396; x_wconf 77' lang='lat'>267</span> 
     </span>
    </p>
   </div>
   <div class='ocr_carea' id='block_1_2' title="bbox 55 492 1265 863">
    <p class='ocr_par' dir='ltr' id='par_1_2' title="bbox 55 492 1265 863">
     <span class='ocr_line' id='line_1_2' title="bbox 55 492 1265 572; baseline 0.001 -19"><span class='ocrx_word' id='word_1_5' title='bbox 55 495 122 572; x_wconf 88' lang='lat' dir='ltr'>ejus</span> <span class='ocrx_word' id='word_1_6' title='bbox 136 492 297 572; x_wconf 86' lang='lat' dir='ltr'>majestatis</span> <span class='ocrx_word' id='word_1_7' title='bbox 320 492 456 553; x_wconf 90' lang='lat' dir='ltr'>idoneum</span> <span class='ocrx_word' id='word_1_8' title='bbox 477 503 522 551; x_wconf 89' lang='lat' dir='ltr'>est</span> <span class='ocrx_word' id='word_1_9' title='bbox 541 493 757 552; x_wconf 83' lang='lat' dir='ltr'>testimonium:</span> <span class='ocrx_word' id='word_1_10' title='bbox 779 511 848 570; x_wconf 87' lang='lat' dir='ltr'>ergo</span> <span class='ocrx_word' id='word_1_11' title='bbox 869 492 1035 551; x_wconf 73' lang='lat' dir='ltr'>verosimile</span> <span class='ocrx_word' id='word_1_12' title='bbox 1056 512 1114 553; x_wconf 93' lang='lat' dir='ltr'>non</span> <span class='ocrx_word' id='word_1_13' title='bbox 1129 505 1173 554; x_wconf 88' lang='lat' dir='ltr'>est</span> <span class='ocrx_word' id='word_1_14' title='bbox 1187 494 1265 554; x_wconf 91' lang='lat' dir='ltr'>hunc</span> 
     </span>
     <span class='ocr_line' id='line_1_3' title="bbox 56 588 1264 667; baseline 0 -17"><span class='ocrx_word' id='word_1_15' title='bbox 56 591 179 659; x_wconf 88' lang='lat' dir='ltr'>cultum,</span> <span class='ocrx_word' id='word_1_16' title='bbox 195 590 319 648; x_wconf 84' lang='lat' dir='ltr'>Christo</span> <span class='ocrx_word' id='word_1_17' title='bbox 333 589 511 658; x_wconf 89' lang='lat' dir='ltr'>adveniente,</span> <span class='ocrx_word' id='word_1_18' title='bbox 526 590 641 667; x_wconf 91' lang='lat' dir='ltr'>penitus</span> <span class='ocrx_word' id='word_1_19' title='bbox 664 588 796 647; x_wconf 73' lang='lat' dir='ltr'>desiisse.</span> <span class='ocrx_word' id='word_1_20' title='bbox 838 592 877 648; x_wconf 86' lang='lat' dir='ltr'>At</span> <span class='ocrx_word' id='word_1_21' title='bbox 896 588 1005 648; x_wconf 90' lang='lat' dir='ltr'>nullum</span> <span class='ocrx_word' id='word_1_22' title='bbox 1021 598 1066 648; x_wconf 92' lang='lat' dir='ltr'>est</span> <span class='ocrx_word' id='word_1_23' title='bbox 1079 591 1264 659; x_wconf 83' lang='lat' dir='ltr'>sacrificium,</span> 
     </span>
     <span class='ocr_line' id='line_1_4' title="bbox 57 685 1262 766; baseline 0.001 -21"><span class='ocrx_word' id='word_1_24' title='bbox 57 688 85 745; x_wconf 85' lang='lat' dir='ltr'>si</span> <span class='ocrx_word' id='word_1_25' title='bbox 99 687 273 746; x_wconf 77' lang='lat' dir='ltr'>eucharistia</span> <span class='ocrx_word' id='word_1_26' title='bbox 286 705 344 744; x_wconf 90' lang='lat' dir='ltr'>non</span> <span class='ocrx_word' id='word_1_27' title='bbox 358 686 413 754; x_wconf 71' lang='lat' dir='ltr'>sit,</span> <span class='ocrx_word' id='word_1_28' title='bbox 435 686 522 763; x_wconf 85' lang='lat' dir='ltr'>igitur</span> <span class='ocrx_word' id='word_1_29' title='bbox 535 686 565 745; x_wconf 93' lang='lat' dir='ltr'>in</span> <span class='ocrx_word' id='word_1_30' title='bbox 585 704 620 744; x_wconf 91' lang='lat' dir='ltr'>ea</span> <span class='ocrx_word' id='word_1_31' title='bbox 638 686 709 744; x_wconf 89' lang='lat' dir='ltr'>ratio</span> <span class='ocrx_word' id='word_1_32' title='bbox 731 685 864 744; x_wconf 84' lang='lat' dir='ltr'>sacrificii</span> <span class='ocrx_word' id='word_1_33' title='bbox 880 685 1060 764; x_wconf 84' lang='lat' dir='ltr'>agnoscenda</span> <span class='ocrx_word' id='word_1_34' title='bbox 1074 697 1128 745; x_wconf 88' lang='lat' dir='ltr'>est.</span> <span class='ocrx_word' id='word_1_35' title='bbox 1170 688 1262 766; x_wconf 76' lang='lat' dir='ltr'>Argu·</span> 
     </span>
     <span class='ocr_line' id='line_1_5' title="bbox 59 783 1079 863; baseline -0.003 -18"><span class='ocrx_word' id='word_1_36' title='bbox 59 795 192 846; x_wconf 88' lang='lat' dir='ltr'>mentum</span> <span class='ocrx_word' id='word_1_37' title='bbox 207 786 265 845; x_wconf 94' lang='lat' dir='ltr'>hoc</span> <span class='ocrx_word' id='word_1_38' title='bbox 280 783 407 853; x_wconf 80' lang='lat' dir='ltr'>Onerall,</span> <span class='ocrx_word' id='word_1_39' title='bbox 422 784 578 861; x_wconf 91' lang='lat' dir='ltr'>episcopus</span> <span class='ocrx_word' id='word_1_40' title='bbox 590 784 777 862; x_wconf 84' lang='lat' dir='ltr'>Anglieanns,</span> <span class='ocrx_word' id='word_1_41' title='bbox 793 785 923 862; x_wconf 85' lang='lat' dir='ltr'>agnoscit</span> <span class='ocrx_word' id='word_1_42' title='bbox 935 788 1079 863; x_wconf 80' lang='lat' dir='ltr'>eturget.1</span> 
     </span>
    </p>
   </div>
   <div class='ocr_carea' id='block_1_3' title="bbox 462 997 940 1051">
    <p class='ocr_par' dir='ltr' id='par_1_3' title="bbox 462 997 940 1051">
     <span class='ocr_line' id='line_1_6' title="bbox 462 997 940 1051; baseline 0.002 -13"><span class='ocrx_word' id='word_1_43' title='bbox 462 997 662 1039; x_wconf 80' lang='lat' dir='ltr'>omncssosus</span> <span class='ocrx_word' id='word_1_44' title='bbox 686 997 872 1039; x_wconf 77' lang='lat' dir='ltr'>socruum.</span> <span class='ocrx_word' id='word_1_45' title='bbox 935 1040 940 1051; x_wconf 82' lang='grc'>,</span> 
     </span>
    </p>
   </div>
   <div class='ocr_carea' id='block_1_4' title="bbox 56 1137 1272 3853">
    <p class='ocr_par' dir='ltr' id='par_1_4' title="bbox 60 1137 1269 1587">
     <span class='ocr_line' id='line_1_7' title="bbox 102 1137 1267 1218; baseline 0 -20"><span class='ocrx_word' id='word_1_46' title='bbox 102 1143 152 1199; x_wconf 80' lang='lat'>52.</span> <span class='ocrx_word' id='word_1_47' title='bbox 171 1137 240 1218; x_wconf 81' lang='lat' dir='ltr'>obj.</span> <span class='ocrx_word' id='word_1_48' title='bbox 257 1143 285 1198; x_wconf 92' lang='lat'>1.</span> <span class='ocrx_word' id='word_1_49' title='bbox 300 1137 347 1198; x_wconf 88' lang='lat' dir='ltr'>De</span> <span class='ocrx_word' id='word_1_50' title='bbox 358 1139 503 1199; x_wconf 89' lang='lat' dir='ltr'>oblatione</span> <span class='ocrx_word' id='word_1_51' title='bbox 518 1138 600 1216; x_wconf 87' lang='lat' dir='ltr'>panis</span> <span class='ocrx_word' id='word_1_52' title='bbox 611 1148 640 1197; x_wconf 90' lang='lat' dir='ltr'>et</span> <span class='ocrx_word' id='word_1_53' title='bbox 651 1137 710 1196; x_wconf 88' lang='lat' dir='ltr'>vini</span> <span class='ocrx_word' id='word_1_54' title='bbox 725 1157 742 1195; x_wconf 95' lang='lat' dir='ltr'>a</span> <span class='ocrx_word' id='word_1_55' title='bbox 757 1137 976 1199; x_wconf 81' lang='lat' dir='ltr'>Melchisedech</span> <span class='ocrx_word' id='word_1_56' title='bbox 991 1141 1057 1200; x_wconf 93' lang='lat' dir='ltr'>silet</span> <span class='ocrx_word' id='word_1_57' title='bbox 1069 1140 1202 1217; x_wconf 83' lang='lat' dir='ltr'>Moyses,</span> <span class='ocrx_word' id='word_1_58' title='bbox 1216 1141 1267 1214; x_wconf 92' lang='lat' dir='ltr'>qui</span> 
     </span>
     <span class='ocr_line' id='line_1_8' title="bbox 62 1233 1269 1314; baseline 0 -19"><span class='ocrx_word' id='word_1_59' title='bbox 62 1234 218 1296; x_wconf 89' lang='lat' dir='ltr'>sacerdotii</span> <span class='ocrx_word' id='word_1_60' title='bbox 231 1236 295 1314; x_wconf 87' lang='lat' dir='ltr'>ejus</span> <span class='ocrx_word' id='word_1_61' title='bbox 310 1236 486 1295; x_wconf 85' lang='lat' dir='ltr'>mentionem</span> <span class='ocrx_word' id='word_1_62' title='bbox 508 1234 587 1297; x_wconf 83' lang='lat' dir='ltr'>iecit.</span> <span class='ocrx_word' id='word_1_63' title='bbox 602 1244 633 1292; x_wconf 91' lang='lat' dir='ltr'>nt</span> <span class='ocrx_word' id='word_1_64' title='bbox 647 1233 820 1311; x_wconf 84' lang='lat' dir='ltr'>intelligatur</span> <span class='ocrx_word' id='word_1_65' title='bbox 839 1254 889 1294; x_wconf 92' lang='lat' dir='ltr'>cur</span> <span class='ocrx_word' id='word_1_66' title='bbox 903 1236 1025 1295; x_wconf 72' lang='lat' dir='ltr'>Abrahae</span> <span class='ocrx_word' id='word_1_67' title='bbox 1039 1236 1227 1305; x_wconf 80' lang='lat' dir='ltr'>benedixerit,</span> <span class='ocrx_word' id='word_1_68' title='bbox 1240 1250 1269 1295; x_wconf 88' lang='lat' dir='ltr'>et</span> 
     </span>
     <span class='ocr_line' id='line_1_9' title="bbox 60 1330 1260 1412; baseline 0 -20"><span class='ocrx_word' id='word_1_69' title='bbox 60 1332 189 1393; x_wconf 90' lang='lat' dir='ltr'>decimas</span> <span class='ocrx_word' id='word_1_70' title='bbox 203 1333 239 1392; x_wconf 91' lang='lat' dir='ltr'>ab</span> <span class='ocrx_word' id='word_1_71' title='bbox 252 1351 288 1392; x_wconf 89' lang='lat' dir='ltr'>eo</span> <span class='ocrx_word' id='word_1_72' title='bbox 303 1333 454 1411; x_wconf 89' lang='lat' dir='ltr'>acceperit,</span> <span class='ocrx_word' id='word_1_73' title='bbox 469 1342 554 1409; x_wconf 92' lang='lat' dir='ltr'>prout</span> <span class='ocrx_word' id='word_1_74' title='bbox 567 1332 693 1409; x_wconf 86' lang='lat' dir='ltr'>explicat</span> <span class='ocrx_word' id='word_1_75' title='bbox 707 1330 825 1400; x_wconf 87' lang='lat' dir='ltr'>Paulus,</span> <span class='ocrx_word' id='word_1_76' title='bbox 840 1331 876 1391; x_wconf 93' lang='lat' dir='ltr'>de</span> <span class='ocrx_word' id='word_1_77' title='bbox 887 1333 1030 1392; x_wconf 88' lang='lat' dir='ltr'>oblatione</span> <span class='ocrx_word' id='word_1_78' title='bbox 1042 1335 1147 1412; x_wconf 90' lang='lat' dir='ltr'>pariter</span> <span class='ocrx_word' id='word_1_79' title='bbox 1160 1335 1260 1392; x_wconf 85' lang='lat' dir='ltr'>silens.</span> 
     </span>
     <span class='ocr_line' id='line_1_10' title="bbox 62 1429 1268 1508; baseline 0.001 -19"><span class='ocrx_word' id='word_1_80' title='bbox 62 1429 152 1498; x_wconf 90' lang='lat' dir='ltr'>Quod</span> <span class='ocrx_word' id='word_1_81' title='bbox 165 1439 261 1489; x_wconf 84' lang='lat' dir='ltr'>autern</span> <span class='ocrx_word' id='word_1_82' title='bbox 276 1430 400 1490; x_wconf 88' lang='lat' dir='ltr'>attulerit</span> <span class='ocrx_word' id='word_1_83' title='bbox 419 1447 524 1508; x_wconf 92' lang='lat' dir='ltr'>panem</span> <span class='ocrx_word' id='word_1_84' title='bbox 539 1439 568 1487; x_wconf 87' lang='lat' dir='ltr'>et</span> <span class='ocrx_word' id='word_1_85' title='bbox 580 1429 690 1498; x_wconf 90' lang='lat' dir='ltr'>vinum,</span> <span class='ocrx_word' id='word_1_86' title='bbox 712 1430 834 1507; x_wconf 85' lang='lat' dir='ltr'>contigit</span> <span class='ocrx_word' id='word_1_87' title='bbox 846 1440 878 1488; x_wconf 91' lang='lat' dir='ltr'>ut</span> <span class='ocrx_word' id='word_1_88' title='bbox 900 1430 1007 1490; x_wconf 81' lang='lat' dir='ltr'>milites</span> <span class='ocrx_word' id='word_1_89' title='bbox 1022 1432 1143 1491; x_wconf 82' lang='lat' dir='ltr'>Abraboe</span> <span class='ocrx_word' id='word_1_90' title='bbox 1156 1431 1268 1491; x_wconf 86' lang='lat' dir='ltr'>relocil-</span> 
     </span>
     <span class='ocr_line' id='line_1_11' title="bbox 60 1520 1252 1587; baseline 0 -1"><span class='ocrx_word' id='word_1_91' title='bbox 60 1525 145 1587; x_wconf 89' lang='lat' dir='ltr'>laret.</span> <span class='ocrx_word' id='word_1_92' title='bbox 1248 1520 1252 1531; x_wconf 64' lang='lat'><strong>¹</strong></span> 
     </span>
    </p>

    <p class='ocr_par' dir='ltr' id='par_1_5' title="bbox 56 1621 1270 3445">
     <span class='ocr_line' id='line_1_12' title="bbox 103 1621 1268 1703; baseline 0.001 -20"><span class='ocrx_word' id='word_1_93' title='bbox 103 1622 197 1703; x_wconf 84' lang='lat' dir='ltr'>Resp.</span> <span class='ocrx_word' id='word_1_94' title='bbox 219 1624 355 1684; x_wconf 82' lang='lat' dir='ltr'>Fatemur</span> <span class='ocrx_word' id='word_1_95' title='bbox 367 1623 544 1685; x_wconf 90' lang='lat' dir='ltr'>oblationem</span> <span class='ocrx_word' id='word_1_96' title='bbox 564 1621 640 1681; x_wconf 88' lang='lat' dir='ltr'>haud</span> <span class='ocrx_word' id='word_1_97' title='bbox 655 1622 821 1682; x_wconf 83' lang='lat' dir='ltr'>affirmaris</span> <span class='ocrx_word' id='word_1_98' title='bbox 842 1624 961 1703; x_wconf 86' lang='lat' dir='ltr'>Moyse,</span> <span class='ocrx_word' id='word_1_99' title='bbox 976 1625 1026 1698; x_wconf 93' lang='lat' dir='ltr'>qui</span> <span class='ocrx_word' id='word_1_100' title='bbox 1049 1632 1143 1684; x_wconf 86' lang='lat' dir='ltr'>tamen</span> <span class='ocrx_word' id='word_1_101' title='bbox 1164 1645 1268 1703; x_wconf 91' lang='lat' dir='ltr'>panem</span> 
     </span>
     <span class='ocr_line' id='line_1_13' title="bbox 63 1705 1268 1789; baseline 0 -7"><span class='ocrx_word' id='word_1_102' title='bbox 63 1731 96 1782; x_wconf 87' lang='lat' dir='ltr'>et</span> <span class='ocrx_word' id='word_1_103' title='bbox 107 1723 209 1782; x_wconf 82' lang='lat' dir='ltr'>vinum</span> <span class='ocrx_word' id='word_1_104' title='bbox 224 1722 308 1780; x_wconf 91' lang='lat' dir='ltr'>allata</span> <span class='ocrx_word' id='word_1_105' title='bbox 321 1740 387 1781; x_wconf 89' lang='lat' dir='ltr'>esse</span> <span class='ocrx_word' id='word_1_106' title='bbox 401 1721 513 1789; x_wconf 88' lang='lat' dir='ltr'>dicens,</span> <span class='ocrx_word' id='word_1_107' title='bbox 528 1731 557 1780; x_wconf 92' lang='lat' dir='ltr'>et</span> <span class='ocrx_word' id='word_1_108' title='bbox 570 1705 665 1780; x_wconf 88' lang='lat' dir='ltr'>statim</span> <span class='ocrx_word' id='word_1_109' title='bbox 681 1721 819 1781; x_wconf 87' lang='lat' dir='ltr'>adnotans</span> <span class='ocrx_word' id='word_1_110' title='bbox 834 1741 900 1781; x_wconf 92' lang='lat' dir='ltr'>eum</span> <span class='ocrx_word' id='word_1_111' title='bbox 916 1723 1005 1782; x_wconf 88' lang='lat' dir='ltr'>luisse</span> <span class='ocrx_word' id='word_1_112' title='bbox 1020 1726 1196 1784; x_wconf 84' lang='lat' dir='ltr'>sacerdotem</span> <span class='ocrx_word' id='word_1_113' title='bbox 1210 1724 1268 1784; x_wconf 90' lang='lat' dir='ltr'>Dei</span> 
     </span>
     <span class='ocr_line' id='line_1_14' title="bbox 67 1818 1269 1896; baseline 0 -15"><span class='ocrx_word' id='word_1_114' title='bbox 67 1820 225 1889; x_wconf 81' lang='lat' dir='ltr'>Altissimi,</span> <span class='ocrx_word' id='word_1_115' title='bbox 240 1818 457 1879; x_wconf 85' lang='lat' dir='ltr'>fundamentum</span> <span class='ocrx_word' id='word_1_116' title='bbox 472 1818 581 1896; x_wconf 82' lang='lat' dir='ltr'>praebet</span> <span class='ocrx_word' id='word_1_117' title='bbox 593 1818 738 1896; x_wconf 81' lang='lat' dir='ltr'>cogitandi</span> <span class='ocrx_word' id='word_1_118' title='bbox 752 1837 787 1876; x_wconf 90' lang='lat' dir='ltr'>ea</span> <span class='ocrx_word' id='word_1_119' title='bbox 807 1819 896 1877; x_wconf 85' lang='lat' dir='ltr'>luisse</span> <span class='ocrx_word' id='word_1_120' title='bbox 917 1820 1020 1879; x_wconf 85' lang='lat' dir='ltr'>oblate.</span> <span class='ocrx_word' id='word_1_121' title='bbox 1062 1823 1091 1880; x_wconf 93' lang='lat' dir='ltr'>N</span> <span class='ocrx_word' id='word_1_122' title='bbox 1094 1841 1131 1881; x_wconf 91' lang='lat' dir='ltr'>on</span> <span class='ocrx_word' id='word_1_123' title='bbox 1146 1822 1216 1881; x_wconf 84' lang='lat' dir='ltr'>dicit</span> <span class='ocrx_word' id='word_1_124' title='bbox 1235 1841 1269 1881; x_wconf 87' lang='lat' dir='ltr'>ea</span> 
     </span>
     <span class='ocr_line' id='line_1_15' title="bbox 60 1915 1264 1995; baseline 0.001 -17"><span class='ocrx_word' id='word_1_125' title='bbox 60 1917 153 1978; x_wconf 82' lang='lat' dir='ltr'>fuisse</span> <span class='ocrx_word' id='word_1_126' title='bbox 167 1917 306 1977; x_wconf 89' lang='lat' dir='ltr'>militibus</span> <span class='ocrx_word' id='word_1_127' title='bbox 319 1917 394 1985; x_wconf 87' lang='lat' dir='ltr'>data,</span> <span class='ocrx_word' id='word_1_128' title='bbox 408 1917 532 1991; x_wconf 92' lang='lat' dir='ltr'>ideoque</span> <span class='ocrx_word' id='word_1_129' title='bbox 546 1935 635 1990; x_wconf 91' lang='lat' dir='ltr'>quum</span> <span class='ocrx_word' id='word_1_130' title='bbox 649 1927 781 1975; x_wconf 90' lang='lat' dir='ltr'>neutrum</span> <span class='ocrx_word' id='word_1_131' title='bbox 796 1915 880 1985; x_wconf 90' lang='lat' dir='ltr'>dicat,</span> <span class='ocrx_word' id='word_1_132' title='bbox 895 1936 933 1976; x_wconf 87' lang='lat' dir='ltr'>ex</span> <span class='ocrx_word' id='word_1_133' title='bbox 953 1918 1094 1995; x_wconf 88' lang='lat' dir='ltr'>adjunctis</span> <span class='ocrx_word' id='word_1_134' title='bbox 1118 1921 1264 1979; x_wconf 87' lang='lat' dir='ltr'>sermonis</span> 
     </span>
     <span class='ocr_line' id='line_1_16' title="bbox 66 2012 1270 2094; baseline 0.001 -19"><span class='ocrx_word' id='word_1_135' title='bbox 66 2015 138 2090; x_wconf 87' lang='lat' dir='ltr'>quid</span> <span class='ocrx_word' id='word_1_136' title='bbox 153 2015 254 2074; x_wconf 82' lang='lat' dir='ltr'>iecerit</span> <span class='ocrx_word' id='word_1_137' title='bbox 266 2013 467 2073; x_wconf 84' lang='lat' dir='ltr'>verosimiliter</span> <span class='ocrx_word' id='word_1_138' title='bbox 480 2013 662 2090; x_wconf 83' lang='lat' dir='ltr'>conjicimus.</span> <span class='ocrx_word' id='word_1_139' title='bbox 704 2012 850 2073; x_wconf 81' lang='lat' dir='ltr'>Caeterum</span> <span class='ocrx_word' id='word_1_140' title='bbox 864 2033 922 2073; x_wconf 92' lang='lat' dir='ltr'>non</span> <span class='ocrx_word' id='word_1_141' title='bbox 937 2029 1076 2093; x_wconf 81' lang='lat' dir='ltr'>repugnet</span> <span class='ocrx_word' id='word_1_142' title='bbox 1089 2029 1120 2075; x_wconf 89' lang='lat' dir='ltr'>ut</span> <span class='ocrx_word' id='word_1_143' title='bbox 1134 2030 1200 2094; x_wconf 91' lang='lat' dir='ltr'>post</span> <span class='ocrx_word' id='word_1_144' title='bbox 1220 2020 1270 2076; x_wconf 94' lang='lat' dir='ltr'>ob·</span> 
     </span>
     <span class='ocr_line' id='line_1_17' title="bbox 64 2110 1267 2194; baseline 0.001 -20"><span class='ocrx_word' id='word_1_145' title='bbox 64 2114 204 2174; x_wconf 87' lang='lat' dir='ltr'>lationem</span> <span class='ocrx_word' id='word_1_146' title='bbox 230 2113 368 2172; x_wconf 89' lang='lat' dir='ltr'>militibus</span> <span class='ocrx_word' id='word_1_147' title='bbox 389 2112 635 2182; x_wconf 88' lang='lat' dir='ltr'>distribuerentur,</span> <span class='ocrx_word' id='word_1_148' title='bbox 649 2110 679 2171; x_wconf 95' lang='lat' dir='ltr'>id</span> <span class='ocrx_word' id='word_1_149' title='bbox 701 2114 778 2172; x_wconf 91' lang='lat' dir='ltr'>enim</span> <span class='ocrx_word' id='word_1_150' title='bbox 803 2124 971 2173; x_wconf 89' lang='lat' dir='ltr'>consuetum</span> <span class='ocrx_word' id='word_1_151' title='bbox 995 2124 1091 2173; x_wconf 89' lang='lat' dir='ltr'>estut</span> <span class='ocrx_word' id='word_1_152' title='bbox 1113 2117 1267 2194; x_wconf 86' lang='lat' dir='ltr'>participes</span> 
     </span>
     <span class='ocr_line' id='line_1_18' title="bbox 63 2210 1267 2285; baseline 0.001 -13"><span class='ocrx_word' id='word_1_153' title='bbox 63 2213 158 2272; x_wconf 80' lang='lat' dir='ltr'>forent</span> <span class='ocrx_word' id='word_1_154' title='bbox 171 2214 246 2271; x_wconf 87' lang='lat' dir='ltr'>sacri</span> <span class='ocrx_word' id='word_1_155' title='bbox 261 2211 387 2270; x_wconf 88' lang='lat' dir='ltr'>muneris</span> <span class='ocrx_word' id='word_1_156' title='bbox 402 2212 453 2285; x_wconf 89' lang='lat' dir='ltr'>qui</span> <span class='ocrx_word' id='word_1_157' title='bbox 471 2210 572 2270; x_wconf 88' lang='lat' dir='ltr'>oblatis</span> <span class='ocrx_word' id='word_1_158' title='bbox 588 2211 785 2271; x_wconf 87' lang='lat' dir='ltr'>vescebantur.</span> <span class='ocrx_word' id='word_1_159' title='bbox 819 2212 904 2278; x_wconf 84' lang='lat' dir='ltr'>Quod</span> <span class='ocrx_word' id='word_1_160' title='bbox 918 2213 1096 2272; x_wconf 87' lang='lat' dir='ltr'>benedixerit</span> <span class='ocrx_word' id='word_1_161' title='bbox 1110 2214 1267 2274; x_wconf 89' lang='lat' dir='ltr'>Melchise-</span> 
     </span>
     <span class='ocr_line' id='line_1_19' title="bbox 63 2294 1266 2388; baseline 0.002 -19"><span class='ocrx_word' id='word_1_162' title='bbox 63 2309 140 2369; x_wconf 88' lang='lat' dir='ltr'>dech</span> <span class='ocrx_word' id='word_1_163' title='bbox 155 2309 289 2377; x_wconf 80' lang='lat' dir='ltr'>Abrahoe,</span> <span class='ocrx_word' id='word_1_164' title='bbox 305 2308 474 2367; x_wconf 89' lang='lat' dir='ltr'>etdecimas</span> <span class='ocrx_word' id='word_1_165' title='bbox 488 2307 573 2368; x_wconf 88' lang='lat' dir='ltr'>abeo</span> <span class='ocrx_word' id='word_1_166' title='bbox 594 2310 735 2386; x_wconf 86' lang='lat' dir='ltr'>acceperit</span> <span class='ocrx_word' id='word_1_167' title='bbox 748 2309 868 2386; x_wconf 84' lang='lat' dir='ltr'>contigit</span> <span class='ocrx_word' id='word_1_168' title='bbox 880 2294 989 2368; x_wconf 76' lang='lat' dir='ltr'>r&#39;atione</span> <span class='ocrx_word' id='word_1_169' title='bbox 1009 2310 1170 2379; x_wconf 88' lang='lat' dir='ltr'>sacerdotii,</span> <span class='ocrx_word' id='word_1_170' title='bbox 1185 2314 1266 2388; x_wconf 90' lang='lat' dir='ltr'>cujus</span> 
     </span>
     <span class='ocr_line' id='line_1_20' title="bbox 62 2405 1262 2483; baseline -0.002 -14"><span class='ocrx_word' id='word_1_171' title='bbox 62 2417 162 2469; x_wconf 86' lang='lat' dir='ltr'>tarncu</span> <span class='ocrx_word' id='word_1_172' title='bbox 176 2425 282 2467; x_wconf 89' lang='lat' dir='ltr'>munus</span> <span class='ocrx_word' id='word_1_173' title='bbox 294 2407 324 2466; x_wconf 95' lang='lat' dir='ltr'>in</span> <span class='ocrx_word' id='word_1_174' title='bbox 339 2406 481 2465; x_wconf 90' lang='lat' dir='ltr'>oblatione</span> <span class='ocrx_word' id='word_1_175' title='bbox 495 2416 540 2464; x_wconf 91' lang='lat' dir='ltr'>est</span> <span class='ocrx_word' id='word_1_176' title='bbox 554 2407 689 2483; x_wconf 88' lang='lat' dir='ltr'>positum.</span> <span class='ocrx_word' id='word_1_177' title='bbox 732 2406 816 2463; x_wconf 88' lang='lat' dir='ltr'>Patet</span> <span class='ocrx_word' id='word_1_178' title='bbox 829 2423 864 2463; x_wconf 89' lang='lat' dir='ltr'>ea</span> <span class='ocrx_word' id='word_1_179' title='bbox 877 2423 935 2464; x_wconf 93' lang='lat' dir='ltr'>non</span> <span class='ocrx_word' id='word_1_180' title='bbox 944 2405 1034 2464; x_wconf 83' lang='lat' dir='ltr'>fuisse</span> <span class='ocrx_word' id='word_1_181' title='bbox 1049 2408 1095 2465; x_wconf 91' lang='lat' dir='ltr'>sui</span> <span class='ocrx_word' id='word_1_182' title='bbox 1109 2409 1262 2467; x_wconf 88' lang='lat' dir='ltr'>sacerdotii</span> 
     </span>
     <span class='ocr_line' id='line_1_21' title="bbox 56 2501 1267 2584; baseline 0.002 -19"><span class='ocrx_word' id='word_1_183' title='bbox 56 2506 128 2584; x_wconf 82' lang='lat' dir='ltr'>jura</span> <span class='ocrx_word' id='word_1_184' title='bbox 140 2504 306 2583; x_wconf 85' lang='lat' dir='ltr'>peculiaria,</span> <span class='ocrx_word' id='word_1_185' title='bbox 321 2514 350 2563; x_wconf 92' lang='lat' dir='ltr'>et</span> <span class='ocrx_word' id='word_1_186' title='bbox 363 2503 483 2581; x_wconf 88' lang='lat' dir='ltr'>proinde</span> <span class='ocrx_word' id='word_1_187' title='bbox 503 2503 651 2563; x_wconf 83' lang='lat' dir='ltr'>Christum</span> <span class='ocrx_word' id='word_1_188' title='bbox 664 2522 722 2562; x_wconf 92' lang='lat' dir='ltr'>non</span> <span class='ocrx_word' id='word_1_189' title='bbox 736 2501 802 2560; x_wconf 91' lang='lat' dir='ltr'>ideo</span> <span class='ocrx_word' id='word_1_190' title='bbox 816 2503 912 2562; x_wconf 87' lang='lat' dir='ltr'>vocari</span> <span class='ocrx_word' id='word_1_191' title='bbox 926 2503 1113 2574; x_wconf 87' lang='lat' dir='ltr'>sacerdotem,</span> <span class='ocrx_word' id='word_1_192' title='bbox 1129 2505 1164 2564; x_wconf 90' lang='lat' dir='ltr'>ad</span> <span class='ocrx_word' id='word_1_193' title='bbox 1178 2507 1267 2567; x_wconf 88' lang='lat' dir='ltr'>instar</span> 
     </span>
     <span class='ocr_line' id='line_1_22' title="bbox 64 2599 1267 2680; baseline 0 -16"><span class='ocrx_word' id='word_1_194' title='bbox 64 2601 296 2665; x_wconf 87' lang='lat' dir='ltr'>Melchisedech.</span> <span class='ocrx_word' id='word_1_195' title='bbox 337 2601 383 2661; x_wconf 90' lang='lat' dir='ltr'>De</span> <span class='ocrx_word' id='word_1_196' title='bbox 397 2601 541 2661; x_wconf 89' lang='lat' dir='ltr'>oblatione</span> <span class='ocrx_word' id='word_1_197' title='bbox 557 2601 636 2660; x_wconf 92' lang='lat' dir='ltr'>siluit</span> <span class='ocrx_word' id='word_1_198' title='bbox 649 2600 768 2668; x_wconf 90' lang='lat' dir='ltr'>Paulus,</span> <span class='ocrx_word' id='word_1_199' title='bbox 779 2599 925 2659; x_wconf 91' lang='lat' dir='ltr'>christiani</span> <span class='ocrx_word' id='word_1_200' title='bbox 939 2599 1090 2662; x_wconf 91' lang='lat' dir='ltr'>sacerdotii</span> <span class='ocrx_word' id='word_1_201' title='bbox 1104 2623 1163 2680; x_wconf 87' lang='lat' dir='ltr'>prae</span> <span class='ocrx_word' id='word_1_202' title='bbox 1178 2604 1267 2664; x_wconf 79' lang='lat' dir='ltr'>haro·</span> 
     </span>
     <span class='ocr_line' id='line_1_23' title="bbox 63 2696 1267 2778; baseline 0 -17"><span class='ocrx_word' id='word_1_203' title='bbox 63 2700 132 2761; x_wconf 88' lang='lat' dir='ltr'>nico</span> <span class='ocrx_word' id='word_1_204' title='bbox 157 2698 349 2778; x_wconf 79' lang='lat' dir='ltr'>praestantiam</span> <span class='ocrx_word' id='word_1_205' title='bbox 372 2697 533 2775; x_wconf 85' lang='lat' dir='ltr'>explicans,</span> <span class='ocrx_word' id='word_1_206' title='bbox 548 2699 617 2773; x_wconf 88' lang='lat' dir='ltr'>quia</span> <span class='ocrx_word' id='word_1_207' title='bbox 637 2696 671 2756; x_wconf 87' lang='lat' dir='ltr'>ad</span> <span class='ocrx_word' id='word_1_208' title='bbox 694 2715 815 2774; x_wconf 90' lang='lat' dir='ltr'>scopum</span> <span class='ocrx_word' id='word_1_209' title='bbox 836 2717 893 2757; x_wconf 91' lang='lat' dir='ltr'>non</span> <span class='ocrx_word' id='word_1_210' title='bbox 915 2699 1083 2776; x_wconf 90' lang='lat' dir='ltr'>pertinebat,</span> <span class='ocrx_word' id='word_1_211' title='bbox 1098 2719 1188 2775; x_wconf 87' lang='lat' dir='ltr'>quum</span> <span class='ocrx_word' id='word_1_212' title='bbox 1202 2722 1267 2761; x_wconf 89' lang='lat' dir='ltr'>san·</span> 
     </span>
     <span class='ocr_line' id='line_1_24' title="bbox 62 2795 1268 2879; baseline 0.002 -22"><span class='ocrx_word' id='word_1_213' title='bbox 62 2798 163 2879; x_wconf 74' lang='lat' dir='ltr'>guinis</span> <span class='ocrx_word' id='word_1_214' title='bbox 190 2798 370 2857; x_wconf 87' lang='lat' dir='ltr'>victimarum</span> <span class='ocrx_word' id='word_1_215' title='bbox 394 2795 499 2855; x_wconf 87' lang='lat' dir='ltr'>effusio</span> <span class='ocrx_word' id='word_1_216' title='bbox 520 2796 593 2856; x_wconf 87' lang='lat' dir='ltr'>soret</span> <span class='ocrx_word' id='word_1_217' title='bbox 612 2797 707 2873; x_wconf 83' lang='lat' dir='ltr'>imago</span> <span class='ocrx_word' id='word_1_218' title='bbox 728 2795 851 2854; x_wconf 88' lang='lat' dir='ltr'>vividior</span> <span class='ocrx_word' id='word_1_219' title='bbox 874 2797 1023 2874; x_wconf 85' lang='lat' dir='ltr'>sanguinis</span> <span class='ocrx_word' id='word_1_220' title='bbox 1044 2799 1074 2856; x_wconf 92' lang='lat' dir='ltr'>in</span> <span class='ocrx_word' id='word_1_221' title='bbox 1095 2818 1179 2859; x_wconf 92' lang='lat' dir='ltr'>cruce</span> <span class='ocrx_word' id='word_1_222' title='bbox 1200 2801 1268 2870; x_wconf 85' lang='lat' dir='ltr'>lusi,</span> 
     </span>
     <span class='ocr_line' id='line_1_25' title="bbox 66 2893 1269 2975; baseline 0.001 -19"><span class='ocrx_word' id='word_1_223' title='bbox 66 2914 158 2975; x_wconf 81' lang='lat' dir='ltr'>qnam</span> <span class='ocrx_word' id='word_1_224' title='bbox 171 2895 255 2973; x_wconf 87' lang='lat' dir='ltr'>panis</span> <span class='ocrx_word' id='word_1_225' title='bbox 270 2904 299 2953; x_wconf 89' lang='lat' dir='ltr'>et</span> <span class='ocrx_word' id='word_1_226' title='bbox 312 2895 421 2952; x_wconf 83' lang='lat' dir='ltr'>vinum.</span> <span class='ocrx_word' id='word_1_227' title='bbox 464 2893 528 2952; x_wconf 88' lang='lat' dir='ltr'>Hac</span> <span class='ocrx_word' id='word_1_228' title='bbox 541 2894 628 2971; x_wconf 82' lang='lat' dir='ltr'>igitur</span> <span class='ocrx_word' id='word_1_229' title='bbox 641 2912 678 2952; x_wconf 87' lang='lat' dir='ltr'>ex</span> <span class='ocrx_word' id='word_1_230' title='bbox 700 2902 780 2971; x_wconf 87' lang='lat' dir='ltr'>perte</span> <span class='ocrx_word' id='word_1_231' title='bbox 800 2912 859 2953; x_wconf 91' lang='lat' dir='ltr'>non</span> <span class='ocrx_word' id='word_1_232' title='bbox 873 2895 1025 2971; x_wconf 88' lang='lat' dir='ltr'>apparebat</span> <span class='ocrx_word' id='word_1_233' title='bbox 1045 2899 1206 2972; x_wconf 85' lang='lat' dir='ltr'>praestantia</span> <span class='ocrx_word' id='word_1_234' title='bbox 1225 2917 1269 2957; x_wconf 90' lang='lat' dir='ltr'>sa·</span> 
     </span>
     <span class='ocr_line' id='line_1_26' title="bbox 65 2989 1269 3061; baseline -0.001 -5"><span class='ocrx_word' id='word_1_235' title='bbox 65 2993 188 3056; x_wconf 87' lang='lat' dir='ltr'>cerdotii</span> <span class='ocrx_word' id='word_1_236' title='bbox 201 2991 360 3051; x_wconf 89' lang='lat' dir='ltr'>christiani.</span> <span class='ocrx_word' id='word_1_237' title='bbox 401 2990 545 3050; x_wconf 77' lang='lat' dir='ltr'>Praeterea</span> <span class='ocrx_word' id='word_1_238' title='bbox 558 2989 686 3048; x_wconf 87' lang='lat' dir='ltr'>doctrina</span> <span class='ocrx_word' id='word_1_239' title='bbox 696 2989 733 3048; x_wconf 92' lang='lat' dir='ltr'>de</span> <span class='ocrx_word' id='word_1_240' title='bbox 747 2990 937 3050; x_wconf 88' lang='lat' dir='ltr'>eucharistico</span> <span class='ocrx_word' id='word_1_241' title='bbox 957 2992 1108 3061; x_wconf 85' lang='lat' dir='ltr'>sacrificio,</span> <span class='ocrx_word' id='word_1_242' title='bbox 1123 3007 1184 3054; x_wconf 92' lang='lat' dir='ltr'>erat</span> <span class='ocrx_word' id='word_1_243' title='bbox 1197 2995 1269 3056; x_wconf 87' lang='lat' dir='ltr'>adeo</span> 
     </span>
     <span class='ocr_line' id='line_1_27' title="bbox 64 3086 1269 3164; baseline 0.001 -13"><span class='ocrx_word' id='word_1_244' title='bbox 64 3090 133 3160; x_wconf 85' lang='lat' dir='ltr'>alta,</span> <span class='ocrx_word' id='word_1_245' title='bbox 149 3099 181 3148; x_wconf 92' lang='lat' dir='ltr'>ut</span> <span class='ocrx_word' id='word_1_246' title='bbox 199 3107 258 3147; x_wconf 90' lang='lat' dir='ltr'>nou</span> <span class='ocrx_word' id='word_1_247' title='bbox 272 3087 355 3147; x_wconf 88' lang='lat' dir='ltr'>facile</span> <span class='ocrx_word' id='word_1_248' title='bbox 369 3087 478 3164; x_wconf 88' lang='lat' dir='ltr'>scripto</span> <span class='ocrx_word' id='word_1_249' title='bbox 497 3086 669 3164; x_wconf 87' lang='lat' dir='ltr'>explicanda</span> <span class='ocrx_word' id='word_1_250' title='bbox 682 3087 764 3156; x_wconf 88' lang='lat' dir='ltr'>soret,</span> <span class='ocrx_word' id='word_1_251' title='bbox 779 3087 856 3162; x_wconf 89' lang='lat' dir='ltr'>quod</span> <span class='ocrx_word' id='word_1_252' title='bbox 878 3089 908 3147; x_wconf 90' lang='lat' dir='ltr'>iu</span> <span class='ocrx_word' id='word_1_253' title='bbox 922 3108 1024 3149; x_wconf 87' lang='lat' dir='ltr'>manus</span> <span class='ocrx_word' id='word_1_254' title='bbox 1044 3091 1211 3151; x_wconf 81' lang='lat' dir='ltr'>Judaeorum</span> <span class='ocrx_word' id='word_1_255' title='bbox 1232 3092 1269 3153; x_wconf 90' lang='lat' dir='ltr'>ad</span> 
     </span>
     <span class='ocr_line' id='line_1_28' title="bbox 64 3184 1268 3265; baseline 0 -15"><span class='ocrx_word' id='word_1_256' title='bbox 64 3189 228 3251; x_wconf 85' lang='lat' dir='ltr'>fidemnon</span> <span class='ocrx_word' id='word_1_257' title='bbox 244 3203 448 3245; x_wconf 85' lang='lat' dir='ltr'>conversorum</span> <span class='ocrx_word' id='word_1_258' title='bbox 462 3185 546 3244; x_wconf 88' lang='lat' dir='ltr'>facile</span> <span class='ocrx_word' id='word_1_259' title='bbox 565 3195 665 3263; x_wconf 89' lang='lat' dir='ltr'>posset</span> <span class='ocrx_word' id='word_1_260' title='bbox 679 3187 787 3253; x_wconf 87' lang='lat' dir='ltr'>venire,</span> <span class='ocrx_word' id='word_1_261' title='bbox 803 3185 848 3244; x_wconf 83' lang='lat' dir='ltr'>vel</span> <span class='ocrx_word' id='word_1_262' title='bbox 863 3184 898 3244; x_wconf 85' lang='lat' dir='ltr'>ad</span> <span class='ocrx_word' id='word_1_263' title='bbox 912 3205 1012 3246; x_wconf 90' lang='lat' dir='ltr'>eorum</span> <span class='ocrx_word' id='word_1_264' title='bbox 1033 3191 1181 3265; x_wconf 89' lang='lat' dir='ltr'>pervenire</span> <span class='ocrx_word' id='word_1_265' title='bbox 1196 3192 1268 3250; x_wconf 93' lang='lat' dir='ltr'>noti·</span> 
     </span>
     <span class='ocr_line' id='line_1_29' title="bbox 65 3282 1268 3366; baseline 0 -19"><span class='ocrx_word' id='word_1_266' title='bbox 65 3285 148 3355; x_wconf 86' lang='lat' dir='ltr'>tiam,</span> <span class='ocrx_word' id='word_1_267' title='bbox 163 3285 247 3363; x_wconf 90' lang='lat' dir='ltr'>plura</span> <span class='ocrx_word' id='word_1_268' title='bbox 267 3283 379 3342; x_wconf 91' lang='lat' dir='ltr'>scilicet</span> <span class='ocrx_word' id='word_1_269' title='bbox 400 3282 563 3342; x_wconf 87' lang='lat' dir='ltr'>continebat</span> <span class='ocrx_word' id='word_1_270' title='bbox 587 3282 839 3341; x_wconf 84' lang='lat' dir='ltr'>documente·illis</span> <span class='ocrx_word' id='word_1_271' title='bbox 864 3282 940 3342; x_wconf 89' lang='lat' dir='ltr'>haud</span> <span class='ocrx_word' id='word_1_272' title='bbox 962 3286 1025 3343; x_wconf 91' lang='lat' dir='ltr'>sine</span> <span class='ocrx_word' id='word_1_273' title='bbox 1045 3285 1138 3344; x_wconf 83' lang='lat' dir='ltr'>fructu</span> <span class='ocrx_word' id='word_1_274' title='bbox 1163 3305 1268 3366; x_wconf 84' lang='lat' dir='ltr'>magno</span> 
     </span>
     <span class='ocr_line' id='line_1_30' title="bbox 65 3379 318 3445; baseline -0.028 0"><span class='ocrx_word' id='word_1_275' title='bbox 65 3379 318 3445; x_wconf 87' lang='lat' dir='ltr'>communicanda.</span> 
     </span>
    </p>

    <p class='ocr_par' dir='ltr' id='par_1_6' title="bbox 64 3474 1272 3853">
     <span class='ocr_line' id='line_1_31' title="bbox 107 3474 1270 3556; baseline 0.002 -18"><span class='ocrx_word' id='word_1_276' title='bbox 107 3483 159 3539; x_wconf 73' lang='lat' dir='ltr'>tte.</span> <span class='ocrx_word' id='word_1_277' title='bbox 185 3476 254 3556; x_wconf 82' lang='lat' dir='ltr'>obj.</span> <span class='ocrx_word' id='word_1_278' title='bbox 268 3481 300 3536; x_wconf 74' lang='lat'>2.</span> <span class='ocrx_word' id='word_1_279' title='bbox 321 3475 445 3536; x_wconf 81' lang='lat' dir='ltr'>Frivoloe</span> <span class='ocrx_word' id='word_1_280' title='bbox 460 3474 616 3534; x_wconf 84' lang='lat' dir='ltr'>afferuntur</span> <span class='ocrx_word' id='word_1_281' title='bbox 636 3474 758 3533; x_wconf 87' lang='lat' dir='ltr'>rationes</span> <span class='ocrx_word' id='word_1_282' title='bbox 782 3474 865 3534; x_wconf 89' lang='lat' dir='ltr'>Pauli</span> <span class='ocrx_word' id='word_1_283' title='bbox 889 3475 1005 3544; x_wconf 88' lang='lat' dir='ltr'>silentii,</span> <span class='ocrx_word' id='word_1_284' title='bbox 1029 3496 1116 3551; x_wconf 86' lang='lat' dir='ltr'>quum</span> <span class='ocrx_word' id='word_1_285' title='bbox 1132 3478 1209 3538; x_wconf 91' lang='lat' dir='ltr'>enim</span> <span class='ocrx_word' id='word_1_286' title='bbox 1231 3498 1270 3541; x_wconf 83' lang='lat' dir='ltr'>ex</span> 
     </span>
     <span class='ocr_line' id='line_1_32' title="bbox 67 3571 1272 3659; baseline 0.003 -22"><span class='ocrx_word' id='word_1_287' title='bbox 67 3577 205 3659; x_wconf 76' lang='lat' dir='ltr'>professo</span> <span class='ocrx_word' id='word_1_288' title='bbox 219 3575 333 3654; x_wconf 82' lang='lat' dir='ltr'>singula</span> <span class='ocrx_word' id='word_1_289' title='bbox 346 3575 375 3634; x_wconf 90' lang='lat' dir='ltr'>in</span> <span class='ocrx_word' id='word_1_290' title='bbox 390 3575 495 3649; x_wconf 89' lang='lat' dir='ltr'>quibus</span> <span class='ocrx_word' id='word_1_291' title='bbox 516 3571 733 3633; x_wconf 89' lang='lat' dir='ltr'>Melchisedech</span> <span class='ocrx_word' id='word_1_292' title='bbox 747 3583 834 3652; x_wconf 89' lang='lat' dir='ltr'>typus</span> <span class='ocrx_word' id='word_1_293' title='bbox 849 3582 908 3632; x_wconf 86' lang='lat' dir='ltr'>erat</span> <span class='ocrx_word' id='word_1_294' title='bbox 923 3573 1032 3633; x_wconf 86' lang='lat' dir='ltr'>Christi</span> <span class='ocrx_word' id='word_1_295' title='bbox 1054 3577 1220 3654; x_wconf 88' lang='lat' dir='ltr'>explicaret,</span> <span class='ocrx_word' id='word_1_296' title='bbox 1235 3578 1272 3641; x_wconf 91' lang='lat' dir='ltr'>ad</span> 
     </span>
     <span class='ocr_line' id='line_1_33' title="bbox 64 3672 1271 3757; baseline 0.002 -20"><span class='ocrx_word' id='word_1_297' title='bbox 64 3675 249 3757; x_wconf 87' lang='lat' dir='ltr'>propositum</span> <span class='ocrx_word' id='word_1_298' title='bbox 281 3675 408 3733; x_wconf 87' lang='lat' dir='ltr'>maxime</span> <span class='ocrx_word' id='word_1_299' title='bbox 433 3673 593 3752; x_wconf 90' lang='lat' dir='ltr'>pertinebat</span> <span class='ocrx_word' id='word_1_300' title='bbox 616 3672 770 3732; x_wconf 88' lang='lat' dir='ltr'>oblationis</span> <span class='ocrx_word' id='word_1_301' title='bbox 803 3673 1021 3734; x_wconf 85' lang='lat' dir='ltr'>similitudinem</span> <span class='ocrx_word' id='word_1_302' title='bbox 1048 3677 1211 3749; x_wconf 89' lang='lat' dir='ltr'>ostendere,</span> <span class='ocrx_word' id='word_1_303' title='bbox 1240 3692 1271 3740; x_wconf 89' lang='lat' dir='ltr'>ut</span> 
     </span>
     <span class='ocr_line' id='line_1_34' title="bbox 64 3771 1270 3853; baseline 0.004 -18"><span class='ocrx_word' id='word_1_304' title='bbox 64 3773 256 3835; x_wconf 73' lang='grc' dir='ltr'><strong>ὠήιιὶιιιιιιιι</strong></span> <span class='ocrx_word' id='word_1_305' title='bbox 278 3771 462 3840; x_wconf 86' lang='lat' dir='ltr'>sacrificium,</span> <span class='ocrx_word' id='word_1_306' title='bbox 485 3772 619 3849; x_wconf 83' lang='lat' dir='ltr'>abrogata</span> <span class='ocrx_word' id='word_1_307' title='bbox 643 3771 812 3832; x_wconf 82' lang='lat' dir='ltr'>animalium</span> <span class='ocrx_word' id='word_1_308' title='bbox 837 3771 1044 3844; x_wconf 89' lang='lat' dir='ltr'>immolatione,</span> <span class='ocrx_word' id='word_1_309' title='bbox 1066 3776 1128 3853; x_wconf 87' lang='lat' dir='ltr'>jam</span> <span class='ocrx_word' id='word_1_310' title='bbox 1153 3780 1270 3840; x_wconf 89' lang='lat' dir='ltr'>unicum</span> 
     </span>
    </p>
   </div>
   <div class='ocr_carea' id='block_1_5' title="bbox 65 3869 380 3951">
    <p class='ocr_par' dir='ltr' id='par_1_7' title="bbox 65 3869 380 3951">
     <span class='ocr_line' id='line_1_35' title="bbox 65 3869 380 3951; baseline -0.016 -20"><span class='ocrx_word' id='word_1_311' title='bbox 65 3888 223 3951; x_wconf 83' lang='lat' dir='ltr'>superesse</span> <span class='ocrx_word' id='word_1_312' title='bbox 238 3869 380 3947; x_wconf 89' lang='lat' dir='ltr'>probaret.</span> 
     </span>
    </p>
   </div>
   <div class='ocr_carea' id='block_1_6' title="bbox 60 4094 1278 4677">
    <p class='ocr_par' dir='ltr' id='par_1_8' title="bbox 60 4094 1278 4677">
     <span class='ocr_line' id='line_1_36' title="bbox 105 4094 1277 4164; baseline 0.006 -19"><span class='ocrx_word' id='word_1_313' title='bbox 105 4095 150 4164; x_wconf 90' lang='lat' dir='ltr'>(l)</span> <span class='ocrx_word' id='word_1_314' title='bbox 169 4100 185 4128; x_wconf 79' lang='lat'>‘⁴</span> <span class='ocrx_word' id='word_1_315' title='bbox 194 4095 232 4146; x_wconf 76' lang='lat' dir='ltr'>As</span> <span class='ocrx_word' id='word_1_316' title='bbox 248 4094 316 4145; x_wconf 85' lang='lat' dir='ltr'>there</span> <span class='ocrx_word' id='word_1_317' title='bbox 334 4108 410 4145; x_wconf 82' lang='lat' dir='ltr'>never</span> <span class='ocrx_word' id='word_1_318' title='bbox 421 4109 480 4156; x_wconf 78' lang='lat' dir='ltr'>was,</span> <span class='ocrx_word' id='word_1_319' title='bbox 490 4110 538 4146; x_wconf 87' lang='lat' dir='ltr'>nor</span> <span class='ocrx_word' id='word_1_320' title='bbox 548 4094 621 4147; x_wconf 88' lang='lat' dir='ltr'>could</span> <span class='ocrx_word' id='word_1_321' title='bbox 637 4095 668 4145; x_wconf 90' lang='lat' dir='ltr'>be</span> <span class='ocrx_word' id='word_1_322' title='bbox 677 4111 727 4161; x_wconf 85' lang='lat' dir='ltr'>any</span> <span class='ocrx_word' id='word_1_323' title='bbox 737 4095 843 4162; x_wconf 76' lang='lat' dir='ltr'>religion</span> <span class='ocrx_word' id='word_1_324' title='bbox 854 4096 960 4148; x_wconf 83' lang='lat' dir='ltr'>without</span> <span class='ocrx_word' id='word_1_325' title='bbox 970 4113 986 4148; x_wconf 90' lang='grc' dir='ltr'><strong>ι</strong></span> <span class='ocrx_word' id='word_1_326' title='bbox 997 4096 1070 4160; x_wconf 70' lang='lat' dir='ltr'>Godr</span> <span class='ocrx_word' id='word_1_327' title='bbox 1086 4117 1114 4152; x_wconf 87' lang='lat' dir='ltr'>eo</span> <span class='ocrx_word' id='word_1_328' title='bbox 1125 4101 1193 4152; x_wconf 87' lang='lat' dir='ltr'>there</span> <span class='ocrx_word' id='word_1_329' title='bbox 1203 4118 1277 4153; x_wconf 84' lang='lat' dir='ltr'>never</span> 
     </span>
     <span class='ocr_line' id='line_1_37' title="bbox 65 4180 1274 4254; baseline 0.005 -22"><span class='ocrx_word' id='word_1_330' title='bbox 65 4198 129 4244; x_wconf 76' lang='grc' dir='ltr'><strong>ιω,</strong></span> <span class='ocrx_word' id='word_1_331' title='bbox 139 4197 187 4233; x_wconf 89' lang='lat' dir='ltr'>nor</span> <span class='ocrx_word' id='word_1_332' title='bbox 197 4180 270 4233; x_wconf 88' lang='lat' dir='ltr'>could</span> <span class='ocrx_word' id='word_1_333' title='bbox 280 4184 311 4233; x_wconf 92' lang='lat' dir='ltr'>be</span> <span class='ocrx_word' id='word_1_334' title='bbox 328 4196 378 4246; x_wconf 83' lang='lat' dir='ltr'>any</span> <span class='ocrx_word' id='word_1_335' title='bbox 388 4180 494 4232; x_wconf 78' lang='lat' dir='ltr'>without</span> <span class='ocrx_word' id='word_1_336' title='bbox 504 4196 520 4231; x_wconf 90' lang='grc' dir='ltr'><strong>ι</strong></span> <span class='ocrx_word' id='word_1_337' title='bbox 536 4180 658 4242; x_wconf 81' lang='lat' dir='ltr'>Sacrifico,</span> <span class='ocrx_word' id='word_1_338' title='bbox 674 4182 749 4246; x_wconf 75' lang='lat' dir='ltr'>being</span> <span class='ocrx_word' id='word_1_339' title='bbox 763 4199 812 4234; x_wconf 93' lang='lat' dir='ltr'>one</span> <span class='ocrx_word' id='word_1_340' title='bbox 828 4183 857 4233; x_wconf 88' lang='lat' dir='ltr'>ol</span> <span class='ocrx_word' id='word_1_341' title='bbox 869 4183 911 4234; x_wconf 86' lang='lat' dir='ltr'>the</span> <span class='ocrx_word' id='word_1_342' title='bbox 929 4183 1031 4237; x_wconf 87' lang='lat' dir='ltr'>chielest</span> <span class='ocrx_word' id='word_1_343' title='bbox 1047 4195 1099 4238; x_wconf 83' lang='lat' dir='ltr'>acts</span> <span class='ocrx_word' id='word_1_344' title='bbox 1109 4188 1223 4254; x_wconf 84' lang='lat' dir='ltr'>whereby</span> <span class='ocrx_word' id='word_1_345' title='bbox 1236 4202 1274 4238; x_wconf 90' lang='lat' dir='ltr'>we</span> 
     </span>
     <span class='ocr_line' id='line_1_38' title="bbox 64 4266 1276 4338; baseline 0.002 -20"><span class='ocrx_word' id='word_1_346' title='bbox 64 4268 163 4337; x_wconf 75' lang='lat' dir='ltr'>profess</span> <span class='ocrx_word' id='word_1_347' title='bbox 172 4283 218 4319; x_wconf 74' lang='lat' dir='ltr'>oar</span> <span class='ocrx_word' id='word_1_348' title='bbox 228 4268 333 4331; x_wconf 76' lang='lat' dir='ltr'>religion</span> <span class='ocrx_word' id='word_1_349' title='bbox 344 4276 370 4318; x_wconf 93' lang='lat' dir='ltr'>to</span> <span class='ocrx_word' id='word_1_350' title='bbox 382 4266 445 4318; x_wconf 87' lang='lat' dir='ltr'>Him</span> <span class='ocrx_word' id='word_1_351' title='bbox 452 4267 505 4318; x_wconf 82' lang='lat' dir='ltr'>that</span> <span class='ocrx_word' id='word_1_352' title='bbox 516 4282 553 4317; x_wconf 91' lang='lat' dir='ltr'>we</span> <span class='ocrx_word' id='word_1_353' title='bbox 563 4267 655 4318; x_wconf 83' lang='lat' dir='ltr'>serve.”</span> <span class='ocrx_word' id='word_1_354' title='bbox 678 4268 784 4330; x_wconf 80' lang='lat' dir='ltr'>Overull,</span> <span class='ocrx_word' id='word_1_355' title='bbox 796 4268 891 4321; x_wconf 83' lang='lat' dir='ltr'>Oxlord</span> <span class='ocrx_word' id='word_1_356' title='bbox 902 4267 997 4332; x_wconf 84' lang='lat' dir='ltr'>Tracts,</span> <span class='ocrx_word' id='word_1_357' title='bbox 1008 4272 1056 4323; x_wconf 82' lang='lat' dir='ltr'>rol.</span> <span class='ocrx_word' id='word_1_358' title='bbox 1067 4272 1100 4323; x_wconf 84' lang='lat' dir='ltr'>iv.</span> <span class='ocrx_word' id='word_1_359' title='bbox 1110 4272 1186 4324; x_wconf 80' lang='lat' dir='ltr'>&#39;l&#39;rect</span> <span class='ocrx_word' id='word_1_360' title='bbox 1198 4276 1238 4324; x_wconf 84' lang='lat'>81.</span> <span class='ocrx_word' id='word_1_361' title='bbox 1251 4289 1276 4338; x_wconf 88' lang='lat' dir='ltr'>p.</span> 
     </span>
     <span class='ocr_line' id='line_1_39' title="bbox 65 4352 1273 4421; baseline 0 -14"><span class='ocrx_word' id='word_1_362' title='bbox 65 4357 111 4408; x_wconf 81' lang='lat'>⁸78.</span> <span class='ocrx_word' id='word_1_363' title='bbox 145 4352 235 4404; x_wconf 82' lang='lat' dir='ltr'>“This</span> <span class='ocrx_word' id='word_1_364' title='bbox 252 4353 396 4405; x_wconf 74' lang='lat' dir='ltr'>Sacrament</span> <span class='ocrx_word' id='word_1_365' title='bbox 416 4354 439 4405; x_wconf 86' lang='lat' dir='ltr'>is</span> <span class='ocrx_word' id='word_1_366' title='bbox 461 4355 503 4405; x_wconf 91' lang='lat' dir='ltr'>the</span> <span class='ocrx_word' id='word_1_367' title='bbox 523 4355 582 4421; x_wconf 85' lang='lat' dir='ltr'>only</span> <span class='ocrx_word' id='word_1_368' title='bbox 601 4371 689 4421; x_wconf 88' lang='lat' dir='ltr'>proper</span> <span class='ocrx_word' id='word_1_369' title='bbox 708 4355 818 4407; x_wconf 85' lang='lat' dir='ltr'>external</span> <span class='ocrx_word' id='word_1_370' title='bbox 834 4354 901 4420; x_wconf 82' lang='lat' dir='ltr'>deity</span> <span class='ocrx_word' id='word_1_371' title='bbox 921 4356 1035 4409; x_wconf 82' lang='lat' dir='ltr'>Sueridce</span> <span class='ocrx_word' id='word_1_372' title='bbox 1057 4358 1086 4408; x_wconf 88' lang='lat' dir='ltr'>ol</span> <span class='ocrx_word' id='word_1_373' title='bbox 1099 4358 1140 4409; x_wconf 91' lang='lat' dir='ltr'>the</span> <span class='ocrx_word' id='word_1_374' title='bbox 1163 4357 1273 4418; x_wconf 80' lang='lat' dir='ltr'>Ohurch,</span> 
     </span>
     <span class='ocr_line' id='line_1_40' title="bbox 65 4439 1277 4506; baseline -0.002 -11"><span class='ocrx_word' id='word_1_375' title='bbox 65 4441 178 4495; x_wconf 71' lang='lat' dir='ltr'>widtont</span> <span class='ocrx_word' id='word_1_376' title='bbox 189 4439 273 4490; x_wconf 81' lang='lat' dir='ltr'>which</span> <span class='ocrx_word' id='word_1_377' title='bbox 284 4439 326 4490; x_wconf 85' lang='lat' dir='ltr'>the</span> <span class='ocrx_word' id='word_1_378' title='bbox 337 4440 407 4491; x_wconf 88' lang='lat' dir='ltr'>other</span> <span class='ocrx_word' id='word_1_379' title='bbox 417 4447 467 4491; x_wconf 88' lang='lat' dir='ltr'>two</span> <span class='ocrx_word' id='word_1_380' title='bbox 477 4442 589 4492; x_wconf 80' lang='lat' dir='ltr'>relatives</span> <span class='ocrx_word' id='word_1_381' title='bbox 600 4448 691 4492; x_wconf 86' lang='lat' dir='ltr'>cannot</span> <span class='ocrx_word' id='word_1_382' title='bbox 698 4440 784 4503; x_wconf 84' lang='lat' dir='ltr'>stsnd;</span> <span class='ocrx_word' id='word_1_383' title='bbox 801 4441 855 4492; x_wconf 80' lang='lat' dir='ltr'>via:</span> <span class='ocrx_word' id='word_1_384' title='bbox 873 4443 927 4495; x_wconf 78' lang='lat' dir='ltr'>thet</span> <span class='ocrx_word' id='word_1_385' title='bbox 936 4443 1004 4494; x_wconf 90' lang='lat' dir='ltr'>there</span> <span class='ocrx_word' id='word_1_386' title='bbox 1015 4443 1037 4493; x_wconf 86' lang='lat' dir='ltr'>is</span> <span class='ocrx_word' id='word_1_387' title='bbox 1048 4459 1082 4494; x_wconf 93' lang='lat' dir='ltr'>no</span> <span class='ocrx_word' id='word_1_388' title='bbox 1092 4443 1195 4506; x_wconf 75' lang='lat' dir='ltr'>religion</span> <span class='ocrx_word' id='word_1_389' title='bbox 1205 4442 1277 4493; x_wconf 84' lang='lat' dir='ltr'>with·</span> 
     </span>
     <span class='ocr_line' id='line_1_41' title="bbox 62 4525 1278 4601; baseline 0.004 -26"><span class='ocrx_word' id='word_1_390' title='bbox 62 4536 113 4585; x_wconf 69' lang='lat' dir='ltr'>out</span> <span class='ocrx_word' id='word_1_391' title='bbox 123 4525 276 4601; x_wconf 77' lang='lat' dir='ltr'>priesthood,</span> <span class='ocrx_word' id='word_1_392' title='bbox 287 4541 333 4576; x_wconf 89' lang='lat' dir='ltr'>nor</span> <span class='ocrx_word' id='word_1_393' title='bbox 342 4526 484 4592; x_wconf 81' lang='lat' dir='ltr'>prissthood</span> <span class='ocrx_word' id='word_1_394' title='bbox 501 4527 606 4579; x_wconf 89' lang='lat' dir='ltr'>without</span> <span class='ocrx_word' id='word_1_395' title='bbox 624 4526 763 4579; x_wconf 83' lang='lat' dir='ltr'>Sserifiee.”</span> <span class='ocrx_word' id='word_1_396' title='bbox 798 4526 961 4594; x_wconf 74' lang='lat' dir='ltr'>Bucherldge,</span> <span class='ocrx_word' id='word_1_397' title='bbox 980 4528 1112 4580; x_wconf 86' lang='lat' dir='ltr'>Discourse</span> <span class='ocrx_word' id='word_1_398' title='bbox 1129 4528 1278 4591; x_wconf 70' lang='lat' dir='ltr'>concerninss</span> 
     </span>
     <span class='ocr_line' id='line_1_42' title="bbox 60 4609 693 4677; baseline 0.002 -16"><span class='ocrx_word' id='word_1_399' title='bbox 60 4611 190 4676; x_wconf 71' lang='lat' dir='ltr'>kneeling</span> <span class='ocrx_word' id='word_1_400' title='bbox 200 4617 227 4662; x_wconf 83' lang='lat' dir='ltr'>st</span> <span class='ocrx_word' id='word_1_401' title='bbox 236 4610 279 4661; x_wconf 91' lang='lat' dir='ltr'>the</span> <span class='ocrx_word' id='word_1_402' title='bbox 289 4609 468 4674; x_wconf 82' lang='lat' dir='ltr'>Communion,</span> <span class='ocrx_word' id='word_1_403' title='bbox 478 4628 503 4677; x_wconf 93' lang='lat' dir='ltr'>p.</span> <span class='ocrx_word' id='word_1_404' title='bbox 512 4616 555 4676; x_wconf 82' lang='grc'>87,</span> <span class='ocrx_word' id='word_1_405' title='bbox 565 4611 641 4664; x_wconf 81' lang='lat' dir='ltr'>Trect</span> <span class='ocrx_word' id='word_1_406' title='bbox 651 4615 693 4664; x_wconf 83' lang='lat' dir='ltr'>el.</span> 
     </span>
    </p>
   </div>
   <div class='ocr_carea' id='block_1_7' title="bbox 0 0 1397 5056">
    <p class='ocr_par' dir='ltr' id='par_1_9' title="bbox 0 0 1397 5056">
     <span class='ocr_line' id='line_1_43' title="bbox 0 0 1397 5056; baseline 0 0"><span class='ocrx_word' id='word_1_407' title='bbox 0 0 1397 5056; x_wconf 95' lang='lat' dir='ltr'> </span> 
     </span>
    </p>
   </div>
  </div>
 </body>
</html>
