2774 5056
129 331 185 386 114
226 300 230 305 ’
519 327 576 387 on
599 325 927 386 conmnuraums.

128 485 216 544 animi
233 484 268 544 ad
282 485 367 545 fidem
382 483 569 563 profitendam
583 485 733 562 recipiunt,
749 492 778 541 et
787 484 946 542 charactere
958 480 1082 555 quodam
1097 482 1257 560 signantur,
1273 478 1326 552 qui

127 600 282 654 numquam
295 581 382 640 deleri
397 590 500 657 potest.
541 581 629 639 Recte
643 580 727 657 igitur
738 579 793 637 illis
806 578 908 638 dicitur
917 579 1010 638 verbis
1020 579 1170 655 Apostoli:
1187 573 1325 652 “signati

126 677 195 735 estis
211 678 318 754 Spiritu
333 677 532 755 promissionis
546 675 692 735 sancto.'’¹
733 676 862 734 “Nolite
883 676 1047 734 contristare
1069 675 1209 752 Spiritum
1235 672 1326 729 Sanc·

128 782 189 832 tum
204 773 279 832 Dei:
303 775 333 832 in
353 793 410 848 quo
431 775 535 852 signati
556 774 625 832 estis
646 775 675 832 iu
697 773 773 831 diem
801 772 1052 850 redemptionis.”²
1091 771 1137 830 De
1161 771 1326 829 charactere

132 882 225 947 patres
237 871 345 946 passim
358 871 520 944 loquuntur.
564 870 596 928 S.
610 869 784 928 cremanus
799 868 953 942 dicitquod
965 856 1177 945 impositionem
1190 883 1328 926 mannum

132 967 319 1043 recipientes:
342 967 518 1045 “signaculo
533 965 684 1026 Dominico
699 965 976 1025 consummentur.'’³
1009 966 1235 1024 Trauooomruus
1258 960 1329 1020 illud

135 1073 218 1123 vocat
231 1074 251 1101 “
264 1065 341 1122 velut
354 1065 479 1142 sigillum
502 1063 644 1138 quoddam
660 1063 768 1140 regium
782 1063 824 1130 ;'’⁴
844 1064 875 1121 S.
892 1062 957 1122 Leo
971 1063 1103 1121 Manuos
1118 1071 1138 1098 ‘⁶
1149 1060 1331 1139 signaculum
1376 1114 1385 1125 ,

134 1163 200 1222 vitae
213 1160 370 1229 aeternae,”⁵
385 1162 417 1218 S.
436 1161 611 1220 Gnuoorrrus
627 1161 843 1219 Nazianzenus
857 1159 927 1218 dicit
940 1179 990 1219 eos
1006 1158 1165 1238 “sigillum
1179 1155 1330 1233 suscipere

137 1259 214 1335 quod
239 1258 414 1337 sepulturam
435 1260 527 1336 ipsam
542 1259 702 1326 comitetur,
717 1270 745 1317 et
760 1269 959 1336 postmortem
980 1269 1092 1317 maneat
1102 1256 1143 1327 ;'’⁰
1164 1257 1197 1313 S.
1212 1256 1333 1314 Anauo-

137 1376 220 1415 srus:
241 1355 405 1433 “accepisti
427 1354 603 1433 signaculum
625 1355 761 1433 spiritale,
776 1355 908 1432 spiritum
929 1355 1087 1432 sapientiae,
1108 1363 1138 1412 et
1159 1352 1332 1418 intellectus,

140 1455 271 1532 spiritum
283 1453 397 1512 consilii
412 1462 495 1526 atque
505 1451 627 1520 virtutis,
637 1453 769 1528 spiritum
777 1452 958 1528 cognitionis,
970 1462 1053 1524 atque
1062 1449 1185 1529 pietatis,
1200 1449 1335 1525 spiritum

139 1550 228 1607 sancti
242 1549 373 1607 timoris:
395 1557 424 1606 et
437 1566 520 1605 serva
539 1547 617 1621 quod
637 1548 783 1625 accepisti.
824 1548 954 1626 Signavit
975 1559 1002 1606 te
1017 1547 1098 1606 Deus
1119 1546 1216 1614 Pater,
1230 1543 1335 1603 confir·

138 1647 226 1708 mavit
252 1656 279 1705 te
302 1645 482 1704 Christus.'’⁷
522 1645 553 1704 S.
578 1645 747 1704 Auousrrur
772 1655 898 1704 vetustus
926 1645 1095 1721 discipulus,
1123 1644 1175 1702 tria
1199 1643 1332 1701 indicans

139 1751 397 1815 sacramentaque
422 1741 509 1799 simul
529 1741 752 1811 conferebantur,
768 1742 853 1801 dicit:
877 1751 897 1779 ‘⁸
909 1743 1068 1819 baptizatus
1089 1760 1131 1809 ea,
1153 1741 1282 1818 signatus
1303 1756 1337 1796 es

139 1841 218 1919 regio
241 1839 410 1908 charactere,
434 1840 546 1917 coepisti
560 1841 697 1914 consequi
718 1859 859 1899 annonam
873 1840 909 1898 de
924 1859 1023 1898 mensa
1044 1840 1119 1918 regis
1134 1838 1222 1897 tui.”⁸
1263 1837 1338 1895 Haec

91 1934 94 1939 ’
139 1937 301 1998 testimonla
339 1935 407 1993 satis
442 1937 562 2013 probant
589 1936 767 1996 traditionem
802 1936 837 1995 de
871 1938 1032 1996 charactere
1067 1936 1122 1995 hoc
1151 1937 1338 1994 Sacramento

88 2082 91 2089 .
140 2038 291 2114 impresso.
332 2032 567 2119 Ideo'decretum
590 2045 634 2093 est
647 2046 698 2093 ut:
721 2035 777 2092 “si
792 2034 827 2093 de
848 2035 921 2094 facto
942 2035 1086 2112 baptismi,
1100 2034 1338 2101 confirmationis,

86 2138 89 2143 ⁴
140 2131 361 2194 consecrationis
382 2119 532 2198 dubitetur,
547 2149 600 2190 nec
621 2131 714 2208 possit
729 2131 786 2189 ulla
806 2131 945 2208 probatio,
968 2130 1153 2204 inquisitione
1175 2129 1258 2198 facta,
1274 2148 1339 2187 suc·

71 2238 80 2303 j
141 2243 262 2292 currere,
278 2223 394 2302 perinde
410 2223 551 2302 agendum
563 2233 606 2282 est
619 2242 652 2282 ae
666 2224 692 2282 si
706 2223 779 2282 nihil
790 2223 892 2282 horum
905 2223 1011 2282 factum
1026 2223 1175 2282 luisset.”⁹
1215 2223 1259 2282 Ita
1272 2241 1340 2280 con·

70 2331 72 2335 ’
141 2323 200 2383 oilli
215 2321 450 2399 carthaginensis
467 2321 504 2380 V.
520 2331 624 2397 patres.
666 2319 751 2387 Quod
773 2330 866 2380 autem
888 2321 1028 2380 Ecclesiae
1045 2321 1222 2380 consecratio
1236 2319 1340 2378 eodem

143 2418 399 2496 comprehendatur
418 2417 531 2476 decreto
552 2436 611 2477 non
635 2418 737 2487 obstat,
758 2436 824 2477 nam
846 2437 862 2477 e
884 2417 1076 2479 Sacramentis
1097 2416 1132 2476 ad
1155 2436 1218 2476 eam
1243 2417 1343 2494 regula
1379 2402 1385 2439 ³

144 2515 269 2576 traducta
295 2524 347 2583 est,
368 2514 404 2573 ob
433 2513 575 2588 quandam
603 2513 829 2582 similitudinem,
853 2534 941 2589 quum
971 2515 1058 2574 homo
1084 2515 1172 2592 gratia
1201 2513 1342 2591 templum

144 2614 182 2672 sit
208 2612 332 2688 Spiritus
361 2611 468 2668 Sancti.
522 2610 620 2668 Semel
647 2611 721 2669 dixit
749 2613 928 2688 Augustinus
957 2631 1093 2670 mannum
1124 2611 1342 2688 impositionem

145 2708 235 2786 repeti
250 2725 360 2784 posse:
384 2715 403 2741 “
417 2724 517 2763 marrus
539 2717 633 2765 antem
655 2708 801 2784 impositio
816 2727 874 2766 non
896 2709 970 2767 siout
990 2709 1149 2786 baptismus
1174 2708 1263 2784 repeti
1285 2724 1344 2765 non

147 2814 259 2878 potest:
283 2801 352 2876 quid
366 2811 409 2858 est
423 2802 499 2859 enirn
513 2801 589 2859 aliud
603 2802 660 2860 nisi
674 2805 763 2862 oratio
785 2823 871 2882 super
882 2805 1029 2864 hominem
1040 2805 1098 2861 l'’¹⁰
1132 2803 1191 2862 Sed
1212 2803 1344 2877 quamvis

147 2902 183 2959 de
208 2899 421 2958 confirmatione
446 2918 513 2957 mox
535 2901 650 2976 egisset,
676 2920 739 2974 quae
765 2901 799 2960 de
822 2922 957 2961 manuum
980 2905 1163 2980 impositione
1191 2901 1239 2960 hic
1265 2900 1344 2964 dicit,

49 3038 57 3057 .
147 2996 308 3056 necessario
323 3004 389 3051 sunt
408 2994 499 3052 latiori
511 3013 598 3052 sensu
619 2997 804 3073 explicanda:
828 3017 881 3056 nec
902 3001 979 3058 enlm
994 3000 1048 3059 sibi
1069 3009 1212 3059 constaret
1232 2999 1258 3056 si
1281 3014 1345 3055 eam

24 3490 108 3603 Γ)

13 3566 42 3601 ,a

13 3682 23 3709 *
79 3602 126 3877 l

149 3112 212 3167 quae
227 3111 292 3149 cum
307 3091 457 3172 chrismate
470 3090 617 3150 adhibetur
627 3112 733 3151 meram
745 3095 902 3154 orationem
911 3114 974 3154 esse
987 3096 1102 3166 diceret,
1113 3097 1158 3156 vel
1169 3094 1345 3155 iterandam:

148 3208 216 3249 natu
229 3207 293 3246 eam
307 3197 516 3246 sacrosanctam
532 3189 618 3247 instar
632 3190 764 3267 baptismi
780 3210 843 3250 esse
859 3191 928 3250 alids
944 3193 1065 3252 tradidit.

190 3290 238 3344 55.
260 3285 305 3344 De
320 3285 374 3343 ritu
388 3285 574 3344 confirmandi
589 3306 679 3363 pauca
692 3288 831 3348 dicemus.
874 3289 972 3348 Oratio
994 3310 1079 3366 quam
1105 3289 1197 3348 fundit
1212 3284 1348 3348 Pontifex

151 3385 281 3444 manibus
307 3384 433 3442 extensis
461 3386 491 3442 in
512 3384 732 3454 confirmandos,
754 3387 893 3464 reperitur
912 3389 943 3446 in
962 3389 1035 3447 libro
1056 3389 1080 3447 Ι.
1097 3390 1348 3446 Sacrameutorum

150 3485 287 3544 Romanae
303 3482 452 3550 Ecclesiae,
467 3483 516 3556 qui
537 3483 572 3541 ad
594 3483 703 3542 Gelasii
725 3485 842 3543 refertur
863 3498 1002 3563 tempora,
1026 3487 1214 3564 plurimorum
1224 3484 1348 3562 judicio.

152 3582 198 3640 Ea
211 3582 325 3639 recitata
336 3579 470 3638 Pontifex
486 3581 614 3658 signabat
628 3600 677 3638 eos
698 3581 727 3639 iu
742 3582 832 3640 fronte
847 3582 882 3640 de
896 3584 1058 3652 chrismate,
1072 3582 1188 3641 dicens:
1215 3579 1349 3660 Signum

157 3676 268 3734 Christi
282 3676 423 3735 invitum
436 3685 587 3736 aternam.
617 3677 722 3738 Amen.
748 3679 809 3738 Pax
825 3689 928 3738 tecum.
962 3681 999 3739 R.
1015 3681 1055 3740 Et
1068 3699 1132 3739 cum
1146 3680 1256 3758 Spiritu
1269 3678 1349 3738 tno.'’

257 3852 299 3917 (r)
320 3849 385 3915 epu.
397 3849 411 3899 t.
427 3853 464 3898 13.

259 3936 300 4001 (2)
320 3934 412 3984 Ibidem
424 3934 455 3983 iv.
467 3937 508 3984 30.

258 4022 296 4088 (3)
317 4023 443 4087 Eplxxv.

256 4109 296 4174 (4)
316 4107 345 4159 L.
356 4108 388 4158 iv.
400 4106 428 4160 in
445 4107 540 4159 Cantie

261 4196 300 4261 (5)
319 4195 396 4244 Serm.
408 4197 440 4246 iv.
452 4196 482 4246 de
493 4194 577 4245 Netiv.

260 4282 300 4348 (6)
318 4282 421 4332 Exhort.
432 4282 464 4332 ed
480 4298 499 4330 s.
511 4281 587 4331 lavas.

261 4367 303 4432 (7)
322 4366 361 4416 De
373 4366 492 4432 mysteriis
501 4382 521 4416 c.
530 4365 571 4416 vii.
581 4381 606 4417 n.
614 4368 657 4417 42.

261 4450 303 4519 (8)
323 4452 402 4503 Serm.
413 4453 443 4503 de
453 4451 607 4516 Cateclysmo
618 4468 640 4502 c.
651 4450 743 4503 linter
754 4453 888 4519 Augustini
899 4468 1022 4504 sermones
1032 4453 1091 4505 olim
1101 4455 1281 4507 recensebatur.
1346 4475 1349 4484 ’

150 4523 156 4536 ⁸
261 4539 303 4605 (9)
324 4539 429 4590 (iamsi.
489 4603 496 4616 ·

261 4624 320 4690 (ro)
339 4624 369 4676 L.
380 4626 415 4677 iii.
423 4625 454 4676 de
466 4623 585 4690 baptismo
596 4631 680 4676 contra
690 4623 780 4678 Donat.
791 4643 813 4679 c.
824 4627 873 4679 xvi.
