2774 5056
360 278 417 341 DE
438 276 966 341 Tunnsttust'attutnt’tottu.
1207 278 1263 336 1117

58 458 137 518 opus
150 458 210 500 non
224 437 309 508 foret,
323 439 350 498 si
364 437 400 497 de
414 439 475 499 sola
489 436 653 518 synadoliec
672 437 808 497 relatione
829 447 858 495 et
870 437 973 495 virtute
992 443 1132 514 ageretur.
1174 432 1262 492 Crea-

59 536 149 597 tionis
170 535 339 612 exemplum
360 535 391 593 in
410 535 512 613 primis
536 534 670 593 adducit:
694 545 713 572 11
725 533 840 592 Coelum
863 552 922 592 non
943 542 1012 600 erat,
1027 550 1105 591 mare
1118 550 1177 591 non
1190 540 1260 599 erat,

58 644 134 694 terra
147 653 206 697 nou
220 644 291 694 erat.
334 631 393 691 Sed
409 633 475 691 audi
488 633 649 692 dicentem:
673 632 758 710 ‘lpse
773 631 856 700 dixit,
870 643 899 690 et
911 632 984 689 facta
997 641 1083 700 sunt;
1105 630 1168 708 ipse
1182 648 1261 689 mau-

59 731 149 800 darit,
163 743 193 790 et
206 740 299 790 creata
325 728 413 787 sunt!
455 729 535 806 Ergo
556 729 606 787 tibi
618 742 650 788 ut
672 729 873 806 respondeam,
888 747 945 786 non
959 738 1019 785 erat
1032 745 1136 804 corpus
1151 725 1261 785 Christi

59 838 126 888 ante
153 826 420 888 consecrationem:
451 825 502 883 sed
523 843 596 885 sosr
625 843 894 884 oousscaa‘rrorvarr
920 839 1261 892 urcosrs1,cuouru

58 942 172 985 cousus
182 943 240 983 rrsr
255 923 396 981 Crrnrsur.
437 921 505 998 Ipse
516 921 599 989 dixit,
613 932 642 979 et
655 921 758 980 sactum
774 932 828 990 est,
850 922 913 999 ipse
925 920 1078 989 mandavit,
1092 930 1122 979 et
1134 929 1260 979 creatum

57 1022 150 1083 est-”²
190 1013 311 1081 Transit
323 1031 421 1078 auctor
434 1018 470 1078 ad
479 1020 575 1098 gratius
587 1038 660 1096 opus
674 1020 705 1078 in
719 1019 844 1079 hominis
865 1038 940 1079 nora
954 1019 1184 1092 nativitateque
1199 1035 1259 1076 non

58 1121 156 1182 miuus
183 1119 310 1180 ostendit
330 1117 461 1177 divinam¹
477 1119 644 1195 potentiam,
659 1118 789 1191 quamvis
804 1129 902 1177 natura
922 1118 1046 1176 humana
1066 1135 1125 1176 non
1148 1114 1260 1175 desinat

58 1237 135 1288 esse,
149 1217 203 1277 sed
221 1217 283 1275 lube
308 1215 418 1292 peccati
443 1213 648 1281 mandatumst
667 1213 703 1273 ad
721 1213 915 1273 conditionem
936 1213 1179 1292 supernaturalem
1192 1231 1258 1271 ere·

56 1318 151 1376 hatur.
194 1324 214 1351 11
227 1313 275 1371 Tu
290 1312 353 1389 ipse
367 1329 440 1378 eras,
455 1294 580 1369 sederas
594 1321 676 1370 vetus
695 1322 840 1370 creatura:
862 1323 961 1389 postea
975 1331 1060 1386 quatu
1073 1321 1255 1370 consecratus

61 1431 104 1481 es,
120 1430 196 1472 nova
211 1419 339 1469 creatura
351 1425 416 1466 esse
431 1406 576 1485 coepisti.”
618 1407 690 1466 Haec
700 1427 776 1467 nova
788 1410 892 1468 creatio
901 1427 959 1467 non
972 1408 1073 1468 dicitur
1086 1426 1151 1469 esse
1164 1409 1259 1487 imago

57 1509 186 1589 perfecta
208 1506 374 1566 mutationis
388 1523 452 1579 quer
466 1505 519 1564 tit'
512 1524 542 1565 tu
556 1504 735 1574 eucharistia,
751 1508 882 1580 quamvis
897 1525 951 1566 neo
964 1508 1027 1584 ipsa
1040 1526 1094 1566 sua
1113 1520 1206 1566 careat
1217 1508 1256 1574 vi,

57 1627 149 1682 quum
163 1624 265 1666 revera
278 1621 414 1681 magnum
428 1603 467 1660 sit
479 1612 507 1661 et
520 1600 649 1662 divinum
660 1621 745 1680 opus.

89 1706 171 1764 tus.
197 1700 265 1779 obj.
280 1705 326 1761 17.
346 1696 548 1757 Theodoretus
562 1698 648 1757 dicit.
640 1708 685 1739 11
696 1700 799 1774 Neque
813 1702 890 1760 enirn
905 1700 1038 1778 symbola
1056 1703 1180 1780 mystica
1192 1711 1260 1780 post

58 1799 316 1861 sanctfficationem
339 1794 503 1854 receduuta
517 1813 569 1853 sua
589 1805 697 1854 natura.
699 1797 1021 1872 -sgrpo'orordwrerte
1037 1798 1258 1869 reigerus—Ma·

60 1909 130 1959 nent
155 1897 236 1956 enim
251 1895 281 1953 in
295 1893 390 1970 priore
410 1891 568 1950 substantia
581 1902 610 1950 et
623 1893 724 1970 figura,
739 1903 768 1951 et
781 1893 873 1951 torma
886 1903 916 1949 et
928 1890 1018 1950 rideri
1032 1895 1166 1970 tangique
1191 1914 1258 1973 pos·

61 2011 139 2065 sunt,
151 1997 270 2055 siout'et
283 1989 406 2070 prius.'’¹
444 1988 576 2050 Affirmat
590 1991 684 2050 Deum
693 1992 722 2050 iu
732 1990 911 2058 eucharistia,
923 2009 983 2049 uon
997 2001 1104 2050 mutare
1118 2004 1257 2063 naturam,

62 2093 112 2152 ssd
126 2102 233 2152 namra
248 2088 372 2166 adjicere
385 2087 559 2166 gratiam-t
577 2086 624 2159 rip
644 2088 715 2157 sice
734 2092 888 2159 mentimur,
906 2087 969 2144 ised
987 2105 1034 2158 την
1055 2088 1170 2162 κάριντῆ
1189 2092 1259 2160 φύσει

65 2188 232 2262 metricor-

104 2279 191 2358 Rerp.
212 2276 322 2336 Letiori
347 2293 433 2335 sensu
454 2279 566 2332 notura
592 2289 628 2329 eo
647 2269 704 2328 loci
724 2270 856 2336 sumitur,
877 2267 951 2326 sicut
970 2279 999 2326 et
1012 2267 1191 2337 substantia,
1206 2288 1260 2347 pro
1311 2298 1314 2305 ,

69 2377 153 2455 tigura
175 2375 288 2434 scilicet
311 2389 368 2447 qua
394 2368 484 2429 videri
512 2368 646 2445 tangique
666 2374 798 2442 possunt.
839 2363 978 2439 Dialogus
1001 2363 1054 2421 hac
1076 2363 1111 2422 de
1126 2384 1156 2423 re
1170 2366 1213 2425 sic
1226 2386 1259 2425 se

73 2473 159 2533 habet.
199 2471 402 2548 Eutychiauus
427 2467 578 2528 Eranistes
600 2463 804 2524 Catholioum
797 2472 967 2539 interrogat:
993 2461 1176 2529 “Quomodo
1193 2478 1259 2542 post

76 2570 317 2631 sanctificationem
332 2564 466 2644 symbola
479 2562 657 2641 appellentur
666 2559 698 2616 l’'
728 2558 914 2617 Orthodoxus
925 2557 1097 2635 respondet:
1113 2568 1132 2596 11
1144 2559 1259 2637 Corpus

81 2665 177 2727 Christi
189 2677 218 2726 et
239 2665 357 2743 sanguis
380 2659 524 2721 Christi.''
562 2659 731 2719 Eranistes:
754 2666 773 2694 11
786 2657 827 2715 Et
840 2655 932 2715 credis
947 2665 974 2714 te
987 2674 1093 2734 corpus
1107 2658 1218 2717 Christi
1231 2670 1261 2719 et

82 2766 233 2842 sauguinem
258 2761 405 2840 percipere
417 2758 451 2817 l’'
493 2756 700 2818 Orthodoxus:
732 2764 752 2793 11
761 2754 805 2813 lta
828 2754 946 2813 credo.”
989 2755 1160 2816 Eranistes:
1182 2762 1202 2796 11
1216 2759 1261 2816 Si·

86 2873 123 2919 ctt
148 2880 215 2940 ergo
251 2857 386 2938 symbola
417 2854 565 2915 Dominici
599 2854 728 2931 corporis
761 2862 792 2910 et
821 2853 979 2930 sanguinis,
1007 2853 1062 2911 alia
1095 2866 1163 2914 sunt
1196 2870 1262 2915 ante

10 3004 13 3041 i
87 2959 222 3019 mosrdotis
246 2955 468 3022 invocationem,
492 2963 559 3030 post
578 2952 787 3011 invocationem
810 2949 877 3010 verb
903 2959 1188 3026 mutantur-utrem
1215 2974 1262 3026 την

10 3046 12 3081 ³
87 3054 454 3128 htnrsrpsroudtsaror-et
466 3050 613 3118 eliciunt,
625 3051 664 3108 ita
674 3049 860 3109 Dominicum
869 3068 973 3127 corpus
987 3058 1052 3126 post
1064 3049 1263 3107 ascensionem

10 3196 12 3201 .
91 3141 113 3200 in
123 3142 237 3205 divinam
253 3147 438 3206 substantiam
459 3158 599 3206 mutatum
621 3146 696 3204 est'’
740 3146 908 3224 Respondet
928 3146 1132 3205 Orthodoxus:
1154 3145 1263 3203 “Reti-

89 3238 193 3319 btsquoe
207 3245 271 3321 ipse
285 3246 402 3304 texuisti
412 3256 513 3323 eaptus
524 3263 566 3303 es.
600 3245 704 3318 Neque
715 3246 791 3306 enirn
803 3242 937 3322 symbola
949 3245 1071 3321 mystica
1085 3252 1150 3319 post
1160 3243 1264 3300 sancti·

91 3335 227 3401 tatonem
237 3341 584 3410 receduutssuanatura3
600 3353 716 3401 manent
724 3343 838 3401 enimin
846 3343 939 3418 priore
948 3340 1113 3406 substantia,
1123 3350 1152 3397 et
1159 3337 1261 3415 figura,

91 3446 112 3493 et
122 3436 210 3509 loma,
224 3449 253 3498 et
266 3439 355 3498 videri
369 3440 505 3517 tangique
517 3450 648 3517 possunt,
663 3441 736 3498 sicut
749 3450 777 3498 et
790 3441 869 3518 prius
882 3461 890 3498 ε
913 3439 1107 3516 intelliguntur
1120 3445 1214 3494 autem
1228 3436 1263 3495 ea

93 3545 141 3593 esse
152 3554 210 3611 quus
224 3536 297 3595 iacta
317 3547 394 3605 sunt,
409 3550 437 3595 et
458 3536 750 3605 meduntam-roim
760 3537 824 3607 ὅπερ
833 3537 983 3608 sysemerae*
994 3533 1185 3603 natural-et
1198 3533 1266 3592 ado·

92 3644 176 3703 tantur,
202 3643 234 3693 ut
259 3653 324 3711 qua
349 3635 397 3694 illa
419 3646 486 3695 sunt
509 3655 573 3711 quar
594 3635 754 3695 creduntur.
796 3629 905 3690 Confer
925 3630 1009 3707 igitur
1028 3631 1183 3709 imaginem
1196 3652 1264 3694 cum

93 3727 235 3809 urhstypo,
250 3741 279 3790 et
291 3731 402 3791 videbis
423 3733 650 3792 similitudinem.
691 3731 812 3808 Oportet
831 3728 907 3788 enim
928 3728 1048 3806 figuram
1062 3729 1185 3791 similem
1201 3750 1267 3791 esse

95 3824 190 3887 terihti.
230 3828 303 3887 lllud
319 3829 395 3888 eninr
411 3849 515 3908 corpus
530 3831 653 3907 priorem
668 3829 753 3888 hahet
772 3828 905 3898 sormam,
921 3837 950 3886 et
960 3827 1265 3906 circumscriptionem,

95 3931 123 3987 11,
135 3929 257 3989 utremel
270 3927 376 3996 dicam,
390 3930 519 4006 eorporis
534 3929 740 3988 substantiam:
762 3927 922 3986 immortale
939 3939 1033 3986 autem
1047 3939 1113 4005 post
1126 3948 1266 3989 resurrec-

96 4018 191 4094 husu,
201 4038 230 4085 et
241 4028 369 4086 immune
384 4028 593 4106 acorruptione
604 4027 709 4087 sactum
724 4037 777 4096 est,
791 4026 947 4101 sedemque
962 4047 978 4085 a
991 4026 1100 4087 dextris
1119 4029 1264 4108 adeptum,

97 4117 238 4185 etrbumui
250 4135 377 4185 creatura
390 4124 532 4194 adoratur,
546 4125 613 4199 quia
624 4125 743 4185 Domini
757 4136 862 4184 nature
869 4143 973 4202 corpus
987 4126 1176 4203 appellatur.'’
1217 4127 1266 4186 Ex

34 4244 38 4251 ·
72 4226 76 4233 '
100 4210 254 4292 tornacus
268 4243 387 4302 corpore
400 4237 429 4282 et
442 4224 580 4302 sanguine
594 4224 722 4293 Domini,
735 4233 801 4301 post
814 4224 1056 4284 consecrationem
1070 4224 1268 4302 presentibus,

101 4305 286 4391 Cunctatus,
301 4322 414 4382 unicam
439 4340 599 4400 agnoscens
621 4319 731 4379 Christi
751 4331 890 4390 naturam,
904 4323 1049 4397 querebat
1069 4330 1267 4400 argumentum

374 4480 416 4547 (1)
436 4478 466 4530 L.
477 4479 510 4529 iv.
521 4479 553 4529 ds
563 4477 727 4528 sacramentis
738 4494 759 4528 c.
768 4477 800 4527 ir.

374 4568 417 4633 (2)
436 4566 535 4630 Dialog.
544 4566 571 4617 ii.
581 4564 624 4631 qui
635 4565 722 4616 dicitur
731 4562 891 4635 incensurus.

612 4659 666 4715 lt*
