2774 5056
405 312 461 372 DE
480 310 657 372 JOANNIS
677 311 902 375 BAPTISMO.
1210 312 1249 369 ne

73 468 278 548 regenerationis
294 469 370 546 quod
383 470 484 530 dicitur
497 470 651 542 lavacrum,
673 469 749 547 quod
769 471 855 529 fiebat
867 489 933 529 cum
953 472 1137 531 renovatione
1157 471 1248 549 Spiri-

73 563 202 634 trud-ee
213 598 264 649 pap
276 592 321 646 tut
331 574 500 646 ἆπγεννησεως
510 580 524 629 d
535 592 601 644 napo
611 591 647 643 eo
657 583 754 648 Ιωαννῃ,
765 575 827 630 deso
837 591 902 646 stopo
911 591 947 645 eo
957 583 1015 646 Ince
1025 577 1067 629 bro
1076 593 1125 631 rae
1134 576 1249 647 μᾶῥηω

72 668 116 724 uite
135 673 239 740 ipsusne,
263 687 308 720 xor
329 665 512 735 wipponem
532 662 707 735 ὀνομαζομεων
730 681 823 735 mnne.
844 683 909 735 μετα
929 663 1107 728 &damnosus
1127 686 1249 736 γινομενον

72 770 215 903 mmuh.
232 840 373 899 Bssrnrus
387 838 432 897 M.
444 859 452 896 e
475 848 495 876 “
504 837 653 918 Baptisma
666 839 736 899 illud
749 838 903 918 (loannis)
918 841 976 899 dm
988 840 1110 899 habebat
1123 839 1248 900 introdu-

71 937 152 998 cendi:
174 938 232 996 hoc
247 935 391 1014 (Christi)
405 935 581 1012 perficiendi.
614 935 689 996 Illud
703 947 762 996 enat
775 956 907 996 secessus
920 957 938 996 n
950 947 1086 1014 peccato:
1109 937 1165 995 hoc
1179 956 1246 997 con·

70 1036 163 1113 junctio
178 1045 222 1093 est
236 1053 301 1092 cum
315 1032 425 1093 Deo.'’⁸

100 1136 161 1190 121.
183 1132 216 1188 S.
233 1130 492 1189 Cunnsossosrus:
515 1131 669 1209 “Spiritus
691 1132 789 1190 Sancti
802 1132 890 1210 gratia
903 1132 933 1190 iu
949 1130 1059 1191 Christi
1079 1131 1247 1208 baptismate

69 1237 115 1289 est:
133 1228 261 1288 Joauncs
276 1226 342 1285 vend
357 1227 498 1303 baptisma
510 1226 564 1284 hac
578 1227 732 1286 donatione
747 1227 915 1306 privatur.'’⁸
930 1254 934 1261 ·

99 1330 160 1385 122.
184 1325 217 1383 S.
234 1324 453 1383 Hmnounuus:
477 1323 582 1383 “Audi
594 1324 663 1398 quid
678 1325 830 1402 Scripturas
845 1325 981 1384 doceant:
1003 1325 1123 1384 ioannis
1144 1326 1248 1403 baptis·

68 1439 103 1479 un
114 1439 171 1479 non
185 1429 244 1479 tam
255 1431 372 1496 peccata
380 1419 496 1488 dimisit,
510 1438 595 1493 quam
604 1420 745 1499 baptisma
759 1422 930 1498 poenitentiae
940 1421 994 1481 fuit
1004 1423 1034 1480 iu
1046 1423 1247 1482 remissionem

67 1528 242 1594 peccatorum,
258 1516 354 1586 idest,
369 1517 489 1575 futuram
504 1519 714 1587 remissionem,
729 1537 793 1592 quae
816 1529 892 1577 essct
905 1531 1003 1595 postea
1026 1539 1077 1597 per
1090 1519 1248 1578 sanctifica·

67 1615 157 1675 tionem
173 1614 285 1672 Christi
297 1613 530 1672 subsecutura.'’⁴
549 1614 666 1673 Petrum
680 1615 733 1673 hac
744 1617 813 1674 inre
826 1634 984 1674 consensus
995 1626 1039 1675 est
1053 1617 1083 1675 in
1094 1617 1226 1675 confesso
1238 1632 1246 1673 t
1356 1654 1359 1665 ·

68 1709 192 1773 Calvinus
207 1712 355 1770 enimait:
379 1713 566 1772 “Neminem
580 1713 733 1790 perturbet,
749 1713 825 1788 quod
846 1713 970 1772 alterum'
983 1715 1017 1773 ab
1037 1714 1124 1774 altero
1146 1715 1250 1774 disoen-

66 1826 117 1870 nere
130 1821 243 1869 veteres
259 1807 478 1868 contendunt.’'⁵

97 1910 164 1965 123.
186 1902 307 1963 Accedit
317 1905 388 1963 ratio
402 1904 570 1983 theologica.
598 1906 617 1965 J
619 1906 718 1964 oannis
728 1906 868 1983 baptisma
880 1906 958 1965 nulla
968 1907 1117 1966 verborum
1129 1908 1250 1967 sorrnuln

10 2016 11 2021 ’
68 2002 281 2089 administratum
296 2003 433 2072 noscitur,
448 2023 501 2063 nec
526 2005 645 2082 gratiam
667 2004 889 2081 impertiebatur,
905 2024 958 2064 nec
973 2005 1121 2064 Trinitatis
1136 2008 1250 2065 invoca·

68 2100 155 2161 mrem
171 2119 224 2159 sen
239 2099 327 2158 fidem
342 2101 483 2178 exigebat.
525 2102 674 2180 Baptistae
687 2101 797 2161 Christi
811 2120 827 2161 e
842 2111 939 2162 contra
959 2103 1108 2161 Trinitatis
1134 2105 1249 2163 nomine

10 2191 16 2203 '
69 2197 202 2266 confertur,
229 2205 257 2254 et
286 2196 382 2274 gratie
406 2197 625 2257 instrumentum
654 2207 707 2268 est,
728 2217 809 2257 novae
838 2199 949 2258 scilicet
975 2199 1138 2257 nativitatis.
1181 2201 1248 2260 Hoc

69 2290 135 2369 igiter
147 2293 185 2353 ab
198 2292 250 2351 illo
264 2291 361 2352 differt
373 2311 403 2351 re
415 2302 444 2352 et
456 2293 570 2352 virtute.

425 2488 429 2494 ⁴
449 2486 646 2529 omnemorrus
671 2487 854 2529 nlnuunnurt.

10 2663 33 2713 n,
100 2630 161 2687 124.
188 2627 257 2708 otj.
276 2633 303 2687 1.
327 2628 390 2688 “Iu
403 2647 489 2687 unam
511 2628 666 2688 doctrinam
688 2628 815 2688 Joannes
831 2639 859 2688 et
872 2628 1002 2706 Apostoli
1024 2641 1229 2690 consenserunt
1241 2650 1265 2689 ε·

10 2769 35 2811 0,
76 2726 163 2800 tt'uue
193 2727 224 2786 in
250 2727 456 2804 penitentiam,
478 2728 590 2802 utrique
610 2729 640 2786 in
660 2729 858 2787 remissionem
884 2738 1074 2806 peccatorum,
1089 2731 1200 2811 utrique
1220 2732 1251 2789 iu

10 2849 39 2905 ἡ.
77 2837 158 2885 nmen
172 2825 328 2894 Christi,a
349 2844 407 2900 quo
429 2826 595 2902 paenitentia
609 2836 637 2884 et
657 2836 840 2905 peccatorum
863 2826 995 2885 remissio
1016 2837 1104 2896 esset,
1125 2828 1251 2904 baptiza·

10 2943 43 3005 op
79 2922 163 2983 ΜΨ·
205 2923 250 2981 lta
262 2923 412 2981 Calvinae.

102 3017 183 3099 Reep.
219 3021 348 3079 Joannes
375 3021 529 3098 baptizavit
552 3021 582 3079 in
604 3019 810 3098 poenitentiam,
836 3038 892 3095 qua
912 3030 1094 3098 peccatorum
1118 3021 1251 3080 remissio

10 3152 48 3202 ,ap
83 3108 265 3205 ‘lpetnnretuu
332 3117 401 3176 Ideo
433 3121 551 3177 refertur
576 3118 765 3195 “piaedicaus
802 3118 976 3194 baptismum
1013 3120 1186 3196 poenitentiae
1222 3119 1252 3177 iu

10 3251 52 3312 1⁰⁸
85 3212 254 3274 munionem
289 3214 523 3291 peccatorum.’'⁷
577 3213 687 3273 christi
714 3214 883 3292 baptismus,
913 3233 999 3288 quem
1021 3215 1252 3274 administratum

10 3351 54 3392 ff,
163 3311 196 3381 li,
205 3311 260 3370 fuit
274 3312 304 3370 in
320 3311 521 3372 remissionem
532 3306 723 3389 peccatorum,
738 3311 808 3370 edeo
824 3321 855 3369 ut
869 3322 982 3390 peccata
994 3313 1148 3371 remitteret
1162 3312 1252 3387 poeni·

10 3431 57 3488 ,up
121 3406 188 3477 hus,
200 3407 285 3485 juxta
298 3406 367 3466 illud
380 3408 477 3466 Petri:
490 3416 509 3445 ‘⁶
522 3407 723 3466 Paenitentiam
732 3408 806 3486 agite
819 3407 935 3485 (iuquit)
950 3417 980 3465 et
992 3408 1150 3484 baptizetur
1164 3423 1250 3463 unus·

10 3541 60 3587 ct,
91 3501 177 3581 mue
190 3516 317 3566 vestrum
332 3507 575 3566 inremissionem
589 3514 769 3584 peccatorum
784 3504 989 3563 vestrorum.’'³
1029 3504 1112 3562 Ritus
1128 3521 1250 3580 praecur·

10 3639 62 3685 m,
116 3600 123 3615 ‘
144 3605 285 3664 excitabat
308 3604 439 3664 homines
454 3604 488 3663 ad
502 3605 715 3683 poenitentiam
737 3603 858 3678 ideoque
873 3620 923 3662 eos
939 3602 1101 3661 hortabatur
1122 3601 1251 3661 Joannee

116 3696 203 3779 dgnus
218 3702 326 3762 fructus
341 3703 513 3780 punitentia
528 3703 660 3770 facerent,
703 3710 722 3739 ‘⁶
732 3700 891 3770 ioannes,'’
904 3701 997 3776 inquit
1016 3700 1134 3769 Paulus,
1152 3710 1171 3738 ‘⁶
1183 3702 1252 3779 bap·

56 3822 59 3831 ·
141 3798 162 3856 ‘t
172 3799 316 3877 baptismo
329 3800 501 3876 poenitentiae
515 3797 701 3878 populum.”⁹
740 3798 904 3875 Baptismus
914 3798 1024 3858 Ohristi
1038 3798 1152 3856 nonnisi
1162 3798 1252 3876 poeni·

10 4218 75 4275 sian
135 4212 167 4274 (41
182 4212 279 4279 Diatog.
290 4215 345 4265 adv.
356 4212 462 4266 Lucifer.

134 4299 165 4359 (³)
181 4299 242 4352 Inst.
254 4303 270 4352 1.
281 4301 342 4352 inc
353 4317 398 4354 xv.
406 4318 432 4352 n.
443 4305 468 4351 7.

140 4383 172 4448 (⁸)
188 4386 289 4438 Ibidem.

138 4470 171 4538 (7)
188 4473 262 4524 Mare.
272 4473 289 4524 i.
299 4473 325 4523 4.

137 4555 169 4624 (8)
185 4558 239 4611 Act.
250 4559 276 4610 ii.
290 4560 331 4609 ³8.

139 4641 399 4711 mmmm}
