2774 5056
236 321 299 384 mr
319 320 571 384 rotmannum.
594 323 870 386 REMI'I'I'ENDI
889 324 1095 386 PECGATA.
1211 330 1269 387 ele

99 481 262 542 Probatur
275 478 320 542 II.
336 498 374 541 ear
388 480 544 542 Patribus.
630 484 632 489 '

103 584 152 640 10.
173 581 207 639 S.
224 579 413 650 Orruurvus,
428 599 485 639 una
499 599 564 640 curn
578 581 693 658 triginta
712 591 778 640 octo
792 581 857 640 aliis
869 582 1026 660 episcopis,
1041 582 1077 640 ad
1092 583 1264 644 Cornelium

59 679 231 757 pontificem
245 678 410 738 Romanum
423 678 561 747 scribens,
576 697 640 752 quse
650 679 689 737 'iu
703 678 827 738 concilio
836 690 939 738 statuta
958 689 1038 738 eraut
1047 680 1152 739 refert:
1176 691 1195 718 ‘⁴
1208 683 1271 740 Sta·

61 787 210 836 tueramus
225 774 342 851 quidem
352 775 537 854 jampridem,
552 776 636 834 frater
649 775 827 844 charissime,
842 777 1010 854 participato
1031 778 1155 838 invicem
1171 781 1268 838 nobis·

61 894 129 936 cum
143 875 277 944 consilio,
291 875 386 948 utqui
401 873 432 932 in
446 874 652 950 persecutionis
664 874 845 933 infestatione
860 876 1035 954 supplantati
1048 877 1083 935 ab
1104 877 1269 938 adversario

61 984 92 1032 et
101 973 177 1052 lapsi
191 971 324 1040 fuissent,
338 991 371 1029 ac
384 970 533 1029 sacrificiis
548 989 580 1028 se
594 970 701 1029 illicitis
715 970 917 1040 maculassent,
931 984 1048 1051 agerent
1060 972 1109 1031 diu
1125 974 1267 1050 preniten-

61 1070 133 1129 tiam
150 1068 276 1146 plenam,
293 1067 361 1125 etsi
376 1066 534 1143 pericolum
554 1065 726 1124 infirmitatis
747 1076 870 1144 urgeret,
893 1086 995 1145 pacem
1017 1068 1070 1127 sub
1091 1069 1147 1127 ictu
1169 1071 1269 1128 mortis

61 1169 236 1246 acciperent.
278 1165 343 1225 Nec
357 1167 434 1224 enim
455 1164 499 1224 fas
513 1173 581 1232 erat,
597 1174 646 1222 aut
666 1166 847 1242 permittebat
867 1177 983 1243 paterna
1007 1168 1098 1245 pietas
1120 1178 1149 1225 et
1172 1167 1269 1226 divina

64 1264 230 1332 clementia,
259 1260 423 1321 Ecclesiam
450 1260 629 1338 pulsantibus
650 1260 754 1330 claudi,
775 1272 804 1320 et
823 1261 987 1321 dolentibus
1007 1272 1037 1321 et
1050 1263 1269 1341 deprecantibus

59 1363 126 1442 spei
139 1360 270 1420 salutaris
284 1358 443 1418 subsidium
455 1359 600 1436 denegari,
614 1371 645 1416 ut
658 1358 694 1417 de
714 1358 820 1418 seculo
843 1358 1008 1419 recedentes
1033 1361 1095 1418 sine
1110 1362 1270 1419 communi·

61 1462 179 1523 catione
198 1467 248 1518 ant
267 1476 338 1536 pace
358 1457 478 1517 Domini
505 1456 728 1525 demitterentur,
748 1476 814 1516 cum
836 1459 999 1535 permiserit
1012 1460 1086 1536 ipse,
1102 1460 1152 1533 qni
1166 1459 1264 1536 legem

60 1558 152 1626 dedit,
166 1565 198 1614 ut
211 1556 297 1633 ligata
310 1554 342 1612 in
365 1554 458 1620 terris,
473 1553 559 1611 etiam
573 1553 603 1612 in
617 1552 698 1611 coelis
711 1552 799 1631 ligata
818 1564 925 1623 essent,
941 1555 1015 1614 solvi
1030 1564 1124 1614 autem
1149 1565 1269 1631 possent

58 1657 120 1717 illic
135 1667 202 1729 quse
215 1653 262 1713 hic
277 1653 357 1730 prius
381 1651 411 1710 in
433 1650 567 1710 Ecclesia
586 1652 808 1711 solverentur.'’²
848 1655 904 1732 agi
924 1655 1015 1728 liquet
1041 1655 1077 1712 de
1105 1655 1188 1712 venia
1214 1655 1269 1714 sub

58 1763 185 1813 moroem
209 1748 312 1818 danda,
334 1766 398 1823 que
421 1767 517 1807 coram
546 1748 611 1807 Deo
632 1748 791 1825 prodesset,
807 1744 926 1826 proinde
948 1749 984 1809 de
1007 1769 1073 1808 vera
1094 1751 1268 1811 remissione

58 1858 255 1928 moestorum,
272 1865 330 1904 non
344 1845 380 1904 de
394 1846 464 1904 solis
478 1845 691 1904 communionis
702 1842 908 1906 ecclesiasticae
918 1847 1045 1924 juribus.

101 1951 152 2007 ll.
173 1946 207 2003 S.
222 1944 361 2003 Josuuus
383 1942 621 2002 Cnnrsosuorrus
647 1941 683 2000 de
704 1942 870 2002 Sacerdotio
891 1962 991 2020 agens,
1013 1945 1076 2021 ejus
1096 1955 1266 2020 potestatem

59 2047 134 2106 mire
147 2043 280 2104 extollit:
305 2051 324 2079 ‘⁶
337 2038 396 2101 Oai
405 2052 508 2099 terram
523 2040 660 2107 incolunt,
671 2051 755 2114 atquc
769 2041 799 2099 in
809 2058 843 2098 ea
855 2055 1012 2111 versantur,
1027 2043 1064 2101 iis
1076 2044 1265 2104 commissum

58 2156 115 2213 est,
130 2152 170 2209 ,ut
188 2161 222 2201 ea
243 2159 308 2215 quse
328 2159 358 2198 ιιι
378 2138 459 2198 coelis
481 2149 549 2197 sunt
567 2139 755 2216 dispensent,
790 2140 825 2198 iis
847 2139 944 2199 datum
972 2152 1016 2200 est
1040 2149 1072 2199 ut
1095 2151 1264 2218 potestatem

56 2242 193 2308 habeant,
204 2256 290 2313 quarn
306 2236 387 2296 Deus
401 2238 529 2314 optimus
543 2255 637 2312 neque
652 2236 772 2314 angelis,
787 2254 881 2310 neque
895 2237 1072 2316 archangelis
1087 2240 1181 2297 datam
1197 2257 1263 2297 esse

56 2338 171 2401 voluit:
193 2353 288 2410 neque
300 2335 378 2393 enim
389 2333 424 2392 ad
434 2334 498 2393 illos
508 2334 615 2392 dictum
631 2345 694 2392 est:
717 2344 923 2408 ‘quecumque
936 2334 1117 2412 alligaveritis
1131 2337 1161 2393 in
1180 2346 1262 2403 terra,

57 2448 143 2498 erunt
156 2437 269 2515 alligata
282 2447 310 2493 et
332 2441 363 2498 in
376 2434 470 2494 coelo.’
514 2432 631 2491 Habent
645 2431 760 2506 quidem
785 2444 814 2491 et
833 2444 981 2490 terrestres
996 2432 1139 2509 principes
1155 2433 1262 2495 vinculi

58 2544 244 2613 potestatem,
260 2554 357 2594 verum
381 2549 532 2610 corporum
547 2528 658 2587 solum:
681 2526 710 2586 id
732 2539 826 2587 autern
840 2528 917 2602 qnod
931 2527 996 2586 dico
1009 2528 1188 2586 sacerdotum
1202 2530 1263 2588 vin·

57 2633 155 2693 colom
165 2633 259 2710 ipsam
269 2633 354 2692 etiarn
370 2631 495 2690 animam
506 2627 752 2703 coniugiumque
766 2625 802 2684 ad
816 2626 905 2685 coelos
919 2645 1011 2700 usque
1021 2625 1159 2703 pervadit,
1169 2645 1262 2700 usque

57 2729 131 2791 adeo
145 2737 375 2804 utqnaecr'rmque
386 2727 497 2786 inferne
506 2722 670 2782 sacerdotes
680 2722 864 2791 confecerint,
877 2722 926 2781 illa
937 2721 1035 2799 eadem
1047 2722 1127 2780 Deus
1137 2741 1261 2800 superne

54 2839 116 2907 rata
139 2827 254 2909 habeat,
276 2846 309 2886 ac
330 2843 477 2885 servorum
499 2821 672 2880 sententiam
698 2819 844 2879 Dominus
868 2819 1067 2879 confirmet’'³
1107 2821 1257 2881 “Etenim

56 2925 195 3002 quidnam
210 2925 266 2984 hoo
279 2922 432 2985 aliudesse
449 2921 527 2978 dicas
543 2919 599 2977 nisi
610 2919 740 2977 omnium
751 2936 845 2976 rerum
857 2917 1013 2976 celestium
1025 2927 1193 2995 potestatem
1204 2919 1261 2977 illis

32 3096 37 3105 Ι
55 3045 72 3083 a
86 3024 153 3084 Deo
168 3042 335 3083 concessam
348 3023 360 3079 l
401 3022 666 3090 Quorumcumque,
682 3018 729 3085 ait,
745 3026 862 3094 peccata
874 3017 1046 3075 retinueritis
1059 3030 1168 3076 retenta
1180 3028 1259 3076 sunt.

55 3121 197 3190 Quanam
212 3121 333 3179 obsecro
352 3126 478 3196 potestas
493 3114 546 3173 hac
560 3133 617 3172 una
630 3113 722 3190 major
737 3130 801 3177 esse
822 3113 929 3186 queatl
971 3112 1056 3171 Pater
1077 3113 1257 3172 omnifariam

56 3220 134 3279 Filio
147 3218 317 3295 potestatem
332 3215 419 3275 dedit.
461 3213 607 3271 Ceteram
621 3209 705 3268 video
720 3210 813 3286 ipsam
827 3209 957 3268 eamdem
970 3209 1149 3268 omnifariam
1163 3221 1258 3286 potes·

55 3314 256 3376 tatemsDeo
279 3314 357 3373 Filio
380 3313 437 3371 illis
461 3307 620 3370 traditam.’'
663 3305 736 3365 Hoeo
763 3306 798 3364 ds
818 3289 960 3364 solutione
981 3306 1149 3382 ligaminum
1177 3323 1258 3378 eque

55 3416 162 3483 valent,
185 3415 308 3488 ideoque
320 3424 446 3492 potestas
461 3407 641 3487 agnoscenda
652 3419 696 3465 est
709 3414 824 3484 peccata
838 3403 1087 3478 dimittendi‚,quae
1098 3403 1154 3461 Dei
1164 3404 1257 3481 ipsius

49 3513 163 3592 judicio
177 3513 371 3572 confirmetur.
413 3509 498 3567 Hanc
525 3504 703 3564 sacerdotum
719 3502 829 3564 Christi
849 3503 1044 3560 auctoritatem
1059 3519 1124 3560 cunr
1139 3519 1174 3558 ea
1188 3520 1254 3574 quae

52 3609 249 3670 sacerdotibus
276 3607 426 3667 Aaronicis
452 3607 481 3664 in
509 3605 596 3681 leprae
610 3601 741 3660 examine
763 3599 890 3667 dabatur,
905 3597 1026 3666 confert,
1040 3608 1072 3660 ut
1092 3599 1156 3674 ejus
1171 3617 1258 3676 praes·

49 3688 178 3769 'mutiam'
187 3706 336 3766 ostendat:
359 3713 380 3743 ‘⁶
392 3703 536 3780 Corporis
545 3701 654 3778 lepram
669 3714 799 3776 purgare,
810 3714 862 3753 seu
872 3696 967 3753 verius
982 3694 1087 3764 dicam,
1100 3695 1176 3754 hand
1192 3715 1259 3774 pur.

52 3824 121 3886 gare
135 3804 263 3879 quidem,
278 3802 330 3867 sed
344 3813 478 3880 purgatos
493 3799 622 3877 probare,
644 3795 809 3854 ludaeorum
831 3792 1026 3851 sacerdotibus
1048 3793 1118 3852 solis
1140 3794 1256 3853 licebat.

53 3906 92 3963 At
106 3920 177 3960 vero
201 3901 307 3960 nostris
322 3897 528 3964 sacerdotibus,
543 3915 599 3954 non
614 3892 744 3970 corporis
758 3891 878 3969 lepram,
894 3908 993 3948 verum
1018 3891 1120 3949 animae
1146 3891 1257 3960 sordes,

51 4019 113 4062 nnn
126 3998 194 4057 dico
208 4008 341 4076 purgatas
357 3996 487 4074 probare,
502 3992 552 4051 sed
568 4007 687 4068 purgare
702 4006 819 4066 prorsus
834 4005 1005 4047 concessum
1019 3987 1110 4045 est.’'³
1151 3988 1257 4046 Verbis

54 4098 226 4160 clarioribus
255 4097 357 4155 animae
381 4093 539 4162 mundatio,
554 4109 618 4166 que-
645 4089 677 4148 fit
698 4098 815 4167 peccata
834 4084 1015 4156 remittendo,
1036 4080 1178 4146 enuntiari
1200 4105 1256 4145 non

50 4198 162 4278 potnit.

425 4369 467 4433 (1)
487 4366 535 4431 Ep.
547 4364 572 4416 ii.
583 4364 600 4415 l.
611 4364 627 4414 i.
639 4361 698 4413 alias
710 4377 748 4427 ep.
758 4360 800 4429 liv.

427 4455 469 4518 (2)
489 4450 519 4500 L.
530 4450 565 4498 iii.
576 4450 607 4498 de
619 4445 768 4498 sacerdotio.

426 4539 467 4605 (3)
489 4537 590 4588 Ibidem.

90 4635 170 4694 Ver..
187 4629 325 4691 tlt-ar
