2774 5056
145 317 200 373 too
303 282 308 293 ’
548 313 604 374 nr:
625 311 924 373 sacramanto,

143 480 203 530 tum
217 483 262 532 est
273 473 419 550 impositio
432 491 544 545 manus,
565 490 628 545 quas
643 472 675 529 tit
687 471 721 529 ab
735 471 882 547 episcopo,
895 488 957 543 quae
976 467 1169 548 Confirmatio
1184 468 1301 536 dicitur,
1314 476 1345 526 et

147 586 210 643 quae
234 570 377 648 ingressos
397 570 457 647 jam
485 570 516 627 in
540 568 688 636 mundum,
712 567 901 627 sanctificatus
925 585 977 645 per
998 567 1171 643 baptismum
1195 576 1299 632 armat,
1312 571 1344 625 et

147 669 260 727 roborat
274 678 370 727 contra
380 668 533 735 diabolum,
545 678 574 725 et
586 677 631 725 est
644 677 850 724 sacramentum
865 664 1098 743 pugnantium.'’¹

189 763 341 824 Probatur
354 761 410 822 IV.
419 772 560 842 perpetuo
574 761 716 823 Ecclesiae
729 763 820 822 totius
833 750 901 821 usu.

193 867 239 920 15.
262 863 321 921 Res
336 863 388 921 fuit
400 862 600 935 frequentioris
615 872 643 920 et
662 861 842 920 solemnioris
864 861 1059 929 observantias,
1075 879 1139 935 quse
1153 861 1185 919 in
1198 859 1340 937 liturgiis

152 979 203 1020 seu
223 961 412 1038 Euchologiis
433 961 565 1020 universe
588 962 736 1038 reperitur.
777 958 810 1018 ln
825 960 990 1032 quotidiano
1004 959 1062 1018 fere
1086 978 1141 1017 usn
1167 958 1221 1016 fnit
1234 958 1339 1035 posita,

150 1076 245 1130 quum
261 1058 389 1136 episcopi
417 1059 521 1131 ubique
543 1058 627 1117 ritum
641 1058 722 1116 illum
736 1055 914 1134 perficerent,
928 1055 973 1113 sui
988 1055 1095 1115 ordinis
1110 1054 1294 1133 privilegium
1310 1065 1341 1114 et

146 1151 245 1211 decus.
287 1152 431 1211 Constans
446 1153 517 1211 adeo
532 1165 560 1211 et
573 1153 711 1212 solemnis
724 1171 800 1220 mos,
812 1152 893 1229 cujus
907 1151 1034 1229 origoad
1047 1152 1253 1229 Apostolorum
1273 1161 1340 1209 eta·

140 1260 198 1309 tem
212 1252 414 1320 retrotrahitur,
426 1251 510 1311 debet
522 1250 683 1310 necessariis
692 1251 765 1310 inter
773 1250 871 1308 munia
884 1249 1034 1309 ministerii
1047 1251 1201 1318 recenseri,
1217 1248 1338 1328 proinde

139 1348 214 1408 inter
239 1348 349 1408 Christi
370 1350 506 1420 instituta,
531 1351 624 1427 agitur
649 1349 726 1409 enim
752 1347 788 1407 de
815 1348 869 1405 ritu
892 1365 950 1421 quo
971 1348 1062 1425 gratia
1087 1347 1338 1426 SpirituaSsncti

139 1447 291 1507 confertur.

186 1549 233 1605 16.
256 1545 440 1605 Conveniunt
454 1546 548 1605 Greci
562 1546 738 1605 schismatici
752 1546 900 1620 quiritum
925 1543 1001 1604 hunc
1015 1545 1046 1604 iu
1067 1545 1127 1603 suis
1149 1545 1257 1604 habent
1277 1546 1337 1605 Eu·

141 1643 293 1721 chologiis,
308 1656 336 1703 et
349 1646 408 1703 suis
422 1644 489 1705 fidei
510 1644 737 1705 confessionibus
759 1646 949 1711 inseruerunt,
972 1644 1013 1702 uti
1034 1643 1125 1718 liquet
1145 1645 1222 1703 inter
1234 1661 1339 1704 catera

140 1759 178 1800 ex
188 1741 454 1820 Hiemsolymitana
463 1743 666 1820 Synodoanno
680 1748 756 1803 1670
764 1744 869 1811 hahita,
880 1744 935 1802 sub
946 1743 1088 1803 Dositheo
1099 1743 1270 1820 patriarcha.
1292 1743 1338 1803 De

141 1837 286 1898 Chaldaeis
300 1840 421 1916 aliisque
435 1841 520 1900 sectis
535 1841 726 1900 Orientalibus
740 1841 817 1900 idem
830 1844 965 1899 constat.²

623 2017 832 2059 omcatortrrs.

128 2208 134 2223 ,
181 2159 228 2216 17.
254 2156 320 2235 otj.
336 2161 363 2216 1.
386 2167 406 2195 “
416 2157 553 2218 Visibiles
567 2156 631 2216 illas
645 2168 674 2216 et
686 2157 865 2217 admirabiles
880 2158 1004 2238 Spiritus
1021 2158 1120 2217 Sancti
1135 2157 1252 2236 gratias,
1263 2176 1336 2232 quas

139 2261 209 2312 tunc
222 2254 253 2312 in
266 2253 404 2331 populum
426 2272 510 2314 suum
535 2253 708 2323 effundebat,
722 2253 812 2313 voluit
831 2255 1008 2315 Dominusa
1027 2255 1087 2313 suis
1110 2254 1262 2330 Apostolis
1283 2272 1336 2330 per

139 2370 274 2411 mannum
289 2352 503 2439 impositionem
517 2351 707 2412 administrari
727 2360 756 2411 et
769 2352 909 2413 distribui.
951 2352 1029 2413 Hinc
1044 2363 1138 2412 autem
1153 2352 1336 2429 impositioni

138 2469 273 2509 manuum
283 2470 342 2510 non
353 2451 438 2510 altius
449 2451 568 2510 subesse
579 2451 749 2527 mysterium
763 2452 860 2529 cogito
870 2471 878 2521 ς
900 2451 951 2511 sed
965 2451 1130 2530 hujusmodi
1141 2451 1336 2510 ceremoniam

139 2546 293 2605 adhibitam
308 2547 412 2605 abillis
427 2548 604 2623 interpretor,
619 2558 650 2604 ut
663 2547 727 2623 ipso
741 2558 821 2623 gestu
841 2548 1045 2625 significarent,
1060 2565 1092 2606 se
1105 2546 1171 2604 Deo
1186 2565 1335 2606 commen·

138 2643 205 2702 darc
220 2654 248 2701 et
260 2645 336 2700 velut
347 2644 448 2701 offerre
463 2662 538 2709 eunt,
551 2644 598 2701 cui
609 2662 709 2701 marrus
721 2645 947 2721 imponebant.''³
987 2644 1029 2704 lta
1044 2644 1233 2710 Calvinusde
1248 2647 1336 2704 rebus

139 2741 227 2819 gestis
242 2741 444 2818 Apostolorum
460 2741 650 2799 ratiocinatur.

179 2837 268 2915 Resp.
290 2837 432 2896 Abhorret
445 2858 461 2895 a
475 2847 611 2896 consueta
624 2835 726 2897 divinae
741 2839 887 2914 sapientiae
902 2841 1071 2910 oeconomia,
1086 2841 1117 2900 in
1137 2841 1209 2918 ipsis
1231 2840 1336 2901 Eccle-

138 2935 189 2992 siae
204 2934 366 3011 primordiis
382 2947 500 3004 servata,
515 2946 547 2994 ut
559 2954 696 2993 manuum
710 2936 904 3013 impositione,
920 2938 1008 2996 veluti
1022 2948 1099 2996 certo
1120 2938 1246 3012 quodam
1267 2940 1334 3009 ritu,

141 3032 265 3091 risibiles
280 3032 402 3108 Spiritus
424 3034 519 3110 gratiae
534 3033 740 3091 tribuerentur:
763 3053 797 3092 ea
811 3035 920 3094 scilicet
933 3034 1017 3105 dona,
1033 3043 1117 3114 prout
1131 3036 1255 3114 Spiritus
1270 3039 1335 3115 ipse

139 3147 191 3204 pro
205 3147 339 3204 supremo
362 3147 414 3187 suo
429 3129 542 3187 arbitrio
562 3131 710 3198 statuebat,
726 3129 871 3200 dabantur,
893 3133 928 3189 iis
950 3133 980 3191 in
1000 3133 1200 3192 occasionibus
1226 3136 1333 3208 quibus

139 3225 196 3302 ipsi
210 3224 325 3301 placuit,
340 3225 416 3283 nulla
430 3236 507 3284 certa
519 3226 592 3303 lege.
635 3225 831 3285 Concionante
854 3229 950 3298 Petro,
967 3228 1120 3288 Cornelius
1135 3248 1200 3288 cum
1216 3233 1278 3289 suis
1301 3252 1335 3291 ea

138 3323 258 3400 aceepit,
281 3321 409 3382 nondum
422 3324 593 3401 baptizatus.
637 3324 728 3382 Extra
750 3344 864 3384 omnem
890 3345 1000 3385 sacrum
1015 3327 1099 3386 ritum
1122 3326 1158 3385 iis
1178 3330 1254 3387 aucti
1268 3341 1335 3388 sunt

138 3419 247 3489 fideles,
263 3432 291 3479 et
312 3423 384 3480 mira
405 3420 522 3495 quidem
547 3422 689 3480 varietate.
731 3422 874 3482 Caeterum
896 3424 950 3482 iter
971 3423 1035 3484 ideo
1050 3425 1084 3483 ab
1098 3425 1245 3502 Apostolis
1271 3447 1335 3486 sus·

138 3530 262 3595 ceptum,
279 3529 354 3577 tanta
367 3538 432 3578 cum
447 3518 637 3587 solicitudine,
654 3519 781 3578 visibiles
802 3521 864 3579 illas
879 3522 982 3599 gratias
996 3533 1028 3579 ut
1048 3523 1245 3598 experirentur
1265 3525 1333 3583 novi

143 3615 185 3673 illi
200 3616 309 3685 fideles,
325 3627 353 3675 et
367 3617 482 3691 quidem
496 3617 632 3686 universi,
648 3636 733 3676 nemo
748 3618 828 3677 facile
850 3619 988 3678 suadebit.
1030 3620 1149 3696 Singula
1162 3623 1334 3682 narrationis

138 3711 268 3789 adjuncta
282 3713 401 3772 suadent
414 3715 565 3772 ministerii
585 3734 688 3773 munus
703 3716 810 3784 referri,
825 3729 853 3775 et
866 3717 951 3776 ritum
966 3716 1031 3775 ideo
1045 3728 1190 3794 peractum
1207 3737 1286 3789 esse,
1302 3731 1336 3780 ut

138 3810 262 3887 Spiritus
273 3811 394 3869 Sanctus
408 3811 470 3888 ipse
484 3812 614 3870 fidelibus
635 3814 803 3873 illaberetur.
846 3814 930 3882 Quod
952 3824 1045 3873 autem
1067 3814 1206 3875 Calvinus
1229 3821 1335 3879 asserit

137 3900 173 3966 de
197 3927 332 3966 manuum
354 3909 545 3985 impositionis
566 3911 783 3987 significatione,
809 3913 896 3990 gratis
921 3912 1046 3990 fingitur,
1061 3931 1148 3987 quum
1171 3927 1275 3991 postea
1297 3937 1336 3977 ex

137 4023 224 4082 prece
245 4006 330 4064 simul
344 4006 434 4065 effusa
447 4006 580 4066 delinitur
592 4006 626 4066 ad
648 3996 705 4068 vim
720 4011 843 4087 Spiritus
864 4010 961 4068 Sancti
982 4010 1083 4070 anima
1103 4012 1247 4101 illabentis
1262 4017 1337 4077 indi·

138 4100 267 4159 caudam.

178 4202 224 4257 18.
250 4198 317 4279 Obj.
329 4206 359 4259 2.
382 4202 541 4280 “Apostoli
555 4223 655 4263 manus
669 4204 853 4281 imponebant
864 4225 915 4283 pro
931 4225 965 4266 eo
978 4216 1116 4284 tempore,
1129 4227 1187 4281 quo
1199 4211 1340 4276 visibiles

136 4294 259 4372 Spiritus
275 4296 371 4354 Sancti
385 4299 486 4374 gratias
498 4297 533 4356 ad
542 4318 641 4359 eorum
657 4319 756 4377 preces
771 4300 959 4362 administrari
974 4302 1100 4362 Domino
1114 4304 1259 4380 placebat,
1277 4331 1342 4376 non

436 4473 477 4540 (1)
497 4473 569 4524 Tom.
580 4475 631 4525 xiii.
644 4472 739 4527 Concil.
750 4478 794 4528 eol.
809 4478 880 4529 1402.

432 4558 474 4626 (2)
494 4557 558 4608 Vide
569 4559 701 4624 Enopliam
712 4578 727 4611 a
737 4560 849 4614 Nairono
859 4581 884 4631 p.
896 4567 953 4614 127.

430 4645 471 4711 (S)
494 4645 554 4696 inst.
565 4646 582 4695 l.
593 4646 626 4696 iv.
637 4663 659 4697 c.
670 4647 721 4698 xix.
732 4665 759 4698 n.
770 4651 794 4700 6.
