2774 5056
480 333 538 395 DE
559 334 905 396 SATISFAOTIONE.
1234 336 1295 396 8⁰7

89 499 167 551 terea
187 490 364 562 sacerdotes,
379 491 447 552 dum
467 492 620 570 imponunt
639 512 739 570 poeoas
759 494 971 562 confitentibus,
986 512 1070 572 agere
1085 502 1185 553 contra
1204 493 1294 552 finem

90 589 228 658 clarium,
243 601 273 649 et
287 599 386 649 contra
399 590 606 649 iustitutionem
631 590 751 659 Christi,
772 601 801 649 et
820 591 965 651 fictionem
985 609 1061 659 esse,
1084 590 1162 665 quod
1190 589 1295 648 virtute

90 686 215 746 clavium
230 687 342 747 sublata
355 706 441 765 poena
455 696 569 755 aeterna,
584 706 670 765 prena
694 688 858 765 temporalis
880 687 1048 767 plerumque
1063 686 1240 747 exsolvenda
1253 705 1297 746 rs·

92 791 226 850 maneam
248 783 399 842 anathema
418 783 499 843 sit.’'²
539 782 692 851 Quomodo
714 794 808 844 autem
837 783 899 844 hec
919 795 1044 862 potestas
1065 784 1226 844 exercenda
1245 785 1294 853 sit,

92 876 230 957 praecla're
245 879 422 940 docuerunt:
445 880 592 941 “Debent
605 899 673 959 ergo
687 880 849 941 sacerdotes
864 881 994 951 Domini,
1016 893 1152 956 quantum
1175 882 1294 959 spiritus

93 985 124 1035 et
138 974 291 1054 pmdentia
304 976 491 1056 suggesserit,
503 995 556 1056 pro
569 977 704 1051 qualitate
717 977 880 1047 criminum,
895 988 925 1037 et
938 978 1136 1057 poenitentium
1151 977 1295 1047 facultate,

86 1072 234 1132 ‘salutares
248 1083 278 1132 et
290 1075 494 1134 convenientes
507 1074 715 1133 satisfactiones
729 1075 889 1153 injungere,
904 1093 951 1144 ne,
967 1075 993 1133 si
1007 1075 1078 1135 forte
1088 1075 1214 1152 peccatis
1229 1093 1297 1136 con·

96 1168 224 1238 niteant,
233 1181 269 1252 et
282 1171 476 1250 indulgentius
491 1189 557 1230 cum
573 1171 774 1247 poenitentibus
788 1178 882 1248 agant,
895 1169 1043 1229 levissima
1056 1169 1186 1244 quaedam
1207 1188 1297 1247 opera

93 1286 148 1346 pro
159 1269 338 1348 gravissimis
353 1270 464 1329 delictis
478 1268 664 1347 injungendo,
681 1267 837 1328 alienorum
858 1280 1039 1346 peccatorum
1059 1269 1211 1348 participes
1236 1268 1297 1327 effi-

95 1367 217 1427 ciantur.
260 1367 395 1427 Habeant
405 1378 500 1427 autem
516 1386 572 1445 prae
586 1367 687 1435 oculis,
701 1376 733 1425 ut
746 1367 901 1427 satisfactio
915 1385 999 1440 quam
1012 1367 1174 1444 imponunt,
1185 1384 1244 1425 non
1258 1366 1298 1424 sit

94 1475 207 1525 tantum
224 1465 260 1524 ad
282 1485 364 1527 nove
384 1467 449 1525 vite
464 1465 634 1533 custodiam,
649 1475 678 1524 et
690 1465 862 1524 infirmitatis
877 1464 1127 1534 medicamentum,
1143 1464 1296 1524 sedetiam

94 1560 132 1621 ad
144 1562 351 1640 preteritorum
366 1571 547 1640 peccatorum
556 1560 722 1632 vindictam,
732 1571 761 1621 ct
774 1561 1006 1639 castigationem
1020 1581 1086 1621 uam
1097 1561 1193 1621 claves
1203 1579 1296 1620 sacer·

94 1658 212 1719 dotibus
227 1679 286 1719 non
301 1659 336 1719 ad
350 1658 691 1736 solvendumpumnxar,
714 1658 766 1720 scd
779 1669 808 1719 et
820 1659 855 1718 ad
876 1659 1022 1738 ligandum
1035 1678 1188 1720 concessas
1209 1661 1296 1720 etiam

92 1757 205 1831 antiqui
220 1759 320 1818 Patres
335 1767 364 1816 et
373 1756 531 1818 ereduntet
543 1756 696 1817 docent.’'¹¹

603 1938 789 1993 rnorosmro.

137 2090 242 2153 Glooes
256 2090 399 2154 Ecclesiae
407 2082 484 2154 dote
492 2099 564 2153 aunt
580 2091 671 2153 etiam
684 2090 725 2152 od
736 2090 908 2172 ligandum,
919 2098 946 2152 et
952 2101 1110 2173 propterea
1120 2093 1295 2166 secerdotes,
1310 2126 1312 2141 ι

92 2186 168 2248 dum
179 2187 338 2268 imponunt
344 2208 451 2269 penes
465 2189 683 2270 confitentibus,
697 2206 759 2250 non
770 2195 869 2269 egunt
878 2189 1081 2270 eontrofinem
1093 2188 1234 2262 clavium,
1243 2209 1296 2253 nec

94 2293 201 2346 eontra
214 2286 436 2347 institutionem
449 2286 573 2348 Christi.

134 2381 328 2444 ProbaturI.
345 2401 382 2444 ec
399 2382 575 2464 Scripturta.

137 2484 205 2541 154.
228 2481 330 2542 “Tibi
344 2482 417 2543 dabo
429 2482 524 2541 claves
538 2482 619 2560 regni
633 2480 789 2542 coelommr
810 2493 839 2541 et
852 2481 1054 2558 quodcumque
1063 2482 1197 2562 ligaveris
1210 2502 1297 2562 super

93 2587 209 2649 terram,
222 2581 275 2639 erit
285 2579 404 2660 ligatum
419 2581 488 2641 etin
499 2579 627 2640 coelis.”⁸
646 2580 726 2659 Ergo
735 2579 821 2639 etiem
833 2579 868 2639 ad
878 2580 1024 2658 ligandum
1040 2581 1207 2640 clavesdatoe
1217 2593 1296 2642 suut.

94 2687 115 2717 “
130 2679 328 2754 Quaecumque
343 2678 525 2758 alligaveritis
537 2699 624 2759 super
638 2690 750 2748 terram,
759 2688 843 2738 erunt
855 2678 941 2758 ligata
962 2689 990 2739 et
1003 2680 1034 2742 iu
1045 2679 1167 2740 coelo.'’⁴
1206 2682 1296 2741 Acce·

93 2788 199 2856 perunt
226 2778 368 2856 Apostoli,
390 2786 419 2838 ot
439 2797 491 2856 per
504 2797 555 2838 eos
577 2777 738 2839 sacerdotes
759 2796 860 2838 omnes
885 2777 993 2857 ligandi
1015 2788 1211 2857 potestatomr
1233 2779 1297 2840 baec

93 2874 216 2934 includit
229 2885 399 2953 potestatem
420 2884 564 2954 precepta
583 2874 713 2934 serendi:
736 2892 804 2953 orgo
825 2884 946 2953 possunt
960 2886 1101 2956 precepto
1121 2876 1194 2936 ferre
1208 2875 1245 2936 de
1260 2876 1297 2935 iis

94 2991 160 3048 quer
175 2972 210 3032 ad
224 2974 397 3052 poenitentiae
419 2973 596 3034 conditiones
611 2983 750 3052 spectant.
791 2974 933 3034 Proetcrea
946 2994 1034 3049 quum
1048 2970 1163 3035 constet
1182 2995 1220 3035 ox
1233 2975 1296 3054 plu·

94 3070 174 3130 ribus
190 3071 343 3149 Scripturae
364 3071 437 3130 locis
462 3071 557 3130 Deum
579 3072 694 3149 culpam
713 3071 894 3141 remittendo,
910 3091 987 3150 saepe
1008 3073 1062 3131 sibi
1083 3091 1228 3132 reservare
1245 3073 1296 3151 jus

95 3186 197 3245 poenas
211 3168 321 3242 aliquas
335 3168 489 3247 irrogandi,
502 3168 550 3241 qui
563 3169 626 3245 ejus
640 3169 783 3247 legatione
798 3169 954 3246 funguntur
970 3170 1001 3227 in
1015 3170 1184 3228 remissione
1197 3188 1297 3247 pecca-

95 3278 190 3326 torum
205 3267 306 3325 merito
321 3267 467 3327 imitantur
481 3265 605 3327 divinam
623 3265 696 3325 banc
716 3265 819 3344 agendi
840 3268 988 3336 rationem,
1005 3278 1036 3326 ut
1046 3267 1167 3345 justitie
1184 3267 1250 3345 jura
1266 3269 1296 3327 iu

95 3362 300 3422 misericordie
313 3363 452 3423 exercitio
466 3381 525 3422 non
538 3363 652 3440 penitus
667 3363 859 3442 negligantur.

137 3458 291 3520 Probatur
305 3459 348 3520 ΙΙ.
364 3478 401 3520 eo:
415 3458 572 3520 Patribus.

138 3561 206 3617 155.
229 3557 260 3615 S.
277 3556 454 3617 (lurnrarrus
468 3557 595 3632 queritur
608 3555 643 3616 de
664 3556 848 3635 martyribus,
863 3557 914 3632 qui
928 3557 1017 3636 gratia
1034 3556 1109 3634 apud
1131 3557 1293 3617 sacerdotes

96 3653 142 3713 usi
157 3663 234 3722 sunt,
248 3666 280 3712 ut
300 3653 374 3731 lapsi
388 3654 419 3712 in
434 3654 633 3731 persecutione
648 3652 683 3711 ad
697 3654 931 3712 communionem
945 3653 1155 3732 exciperentur,
1172 3673 1299 3733 congrua

96 3762 176 3811 tanto
196 3752 310 3810 crimini
337 3751 504 3829 poenitentia
529 3770 587 3810 non
609 3760 738 3828 peracta:
768 3750 879 3818 “Quo
907 3751 1007 3830 diligo,
1026 3751 1120 3825 inquit
1141 3752 1296 3821 Dominus,

95 3849 235 3928 redarguo
245 3858 274 3907 et
287 3849 404 3926 castigo.
446 3847 496 3908 Sic
509 3859 621 3926 oportet
633 3847 689 3906 Dei
701 3848 877 3908 sacerdotem
892 3869 950 3909 non
965 3850 1112 3924 obsequiis
1127 3849 1297 3928 decipienti·

93 3949 149 4007 bus
163 3946 273 4013 fallere,
290 3945 340 4004 scd
356 3944 489 4004 remediis
510 3945 678 4003 salutaribus
700 3946 849 4023 providere
853 3987 987 4007 .....
1010 3946 1119 4005 Contra
1141 3947 1297 4025 Evangelii

94 4047 236 4124 vigorem,
263 4053 360 4102 contra
387 4043 508 4103 Domini
536 4063 569 4101 ac
592 4042 647 4102 Dei
671 4043 766 4120 legem
790 4044 947 4104 temeritate
974 4044 1162 4118 quorumdam
1185 4045 1297 4104 laxatur

93 4143 220 4202 incautis
241 4140 474 4199 communicatio.
515 4138 599 4199 Irrita
619 4149 648 4198 et
661 4140 731 4198 salsa
746 4159 813 4219 pax,
835 4140 995 4219 periculosa
1015 4141 1157 4211 dantibus,
1172 4151 1202 4200 et
1223 4143 1295 4202 nibil

91 4238 302 4322 accipientibus
326 4239 471 4316 protutura
474 4277 640 4296 ......
663 4237 732 4297 Non
757 4249 887 4312 querunt
909 4239 1037 4299 sanitatis
1052 4239 1227 4319 patientiam,
1242 4257 1296 4299 nec

568 4415 611 4482 (1)
631 4413 696 4464 Ssss.
707 4413 759 4464 xiv.
770 4429 826 4466 can.
833 4430 876 4466 xv.

563 4500 607 4567 (2)
626 4500 719 4551 ibidem
730 4517 751 4552 c.
762 4501 814 4552 viii.

565 4590 605 4656 (8)
623 4589 695 4661 Matt.
706 4589 756 4640 xvi.
770 4591 812 4642 19.
899 4624 901 4629 -
923 4593 934 4653 l

565 4672 608 4742 (4)
628 4667 723 4728 Ibidem
733 4674 802 4730 xviii.
816 4676 855 4726 19.
