2774 5056
147 316 206 374 84⁰
561 310 619 373 DE
640 310 947 373 conresstone.

146 471 285 552 peccandi
298 472 328 531 io
349 481 496 550 posterum
509 468 691 531 declinandas
706 472 811 549 pariter
822 471 1015 550 explorandus
1028 481 1083 530 est.
1125 469 1209 549 Ergo
1225 470 1254 529 ri
1267 470 1344 530 illins

147 571 294 649 potestatis
321 570 463 648 Apostoli,
477 580 506 628 et
519 569 570 643 qui
582 568 636 631 hac
650 568 680 627 in
699 587 730 627 re
752 587 851 629 eorum
878 569 1037 628 ministerio
1062 569 1231 647 seliguntur,
1246 586 1345 628 comm

144 669 262 729 scrutari
275 667 379 727 debent
396 666 585 727 conscientias
604 664 655 741 qui
668 666 780 727 veniam
795 676 976 745 peccatorum
990 677 1108 745 petunt:
1129 684 1235 725 omnes
1250 678 1343 727 autem

146 778 244 845 petere
257 776 399 835 tenentur,
413 774 521 827 statuto
540 768 619 827 anim
641 761 778 825 divinitus
799 765 940 834 tribunali,
955 764 990 823 ad
1004 782 1054 823 aaa
1068 782 1164 822 causer
1185 762 1347 823 deferantur

146 884 265 925 necesse
278 878 333 935 eat,
348 885 384 926 na
398 866 501 927 frustm
515 878 640 947 potestas
656 866 721 927 data
734 866 882 925 habeatur.

198 961 278 1023 ldem
303 974 501 1041 argumentum
528 983 565 1025 ex
593 964 786 1043 promissione
804 961 841 1021 de
861 959 967 1040 ligandi
994 958 1187 1034 solvendique
1206 968 1346 1038 potestate

146 1060 310 1121 efflorescit.

184 1157 336 1219 Probatur
349 1159 392 1218 II.
405 1178 441 1219 es
453 1158 609 1221 Potridoa.

177 1261 227 1316 80.
240 1258 272 1316 S.
283 1256 430 1317 Casurus
440 1258 598 1326 Ronanus,
609 1254 773 1317 insecundo
783 1252 818 1313 ad
830 1252 999 1313 Corinthios
1010 1251 1142 1330 epistola,
1149 1271 1216 1327 qnae
1227 1250 1345 1327 quidem

142 1374 201 1415 non
214 1372 248 1414 ea
262 1374 318 1429 qus
332 1356 422 1433 prima
435 1356 540 1433 gaudet
552 1355 727 1423 auctoritate,
740 1351 792 1411 sed
807 1350 882 1410 haud
896 1350 975 1409 omni
987 1359 1073 1415 caret,
1085 1347 1156 1408 dicit
1170 1370 1179 1408 r
1202 1358 1225 1386 ‘⁴
1238 1349 1345 1417 Quam·

142 1455 191 1514 diu
205 1474 305 1514 snmus
319 1455 348 1513 io
363 1454 419 1513 hoo
433 1453 550 1523 mundo,
565 1453 601 1513 de
615 1455 698 1515 malis
718 1472 782 1528 qne
805 1453 834 1510 in
856 1469 941 1509 carne
955 1449 1110 1529 gessimus,
1125 1466 1165 1508 ex
1180 1460 1243 1508 toto
1261 1448 1345 1508 cordo

141 1552 355 1631 resipiscamus,
369 1564 401 1609 ut
421 1572 437 1610 a
456 1551 584 1611 Domino
604 1551 757 1620 salvemur,
778 1549 847 1609 dum
869 1549 1008 1607 habemns
1022 1556 1137 1624 tempus
1153 1547 1342 1624 paenitentia.

142 1650 301 1723 Postquam
316 1648 393 1707 enim
407 1667 424 1707 e
439 1646 547 1708 mundo
562 1649 716 1719 exivimus,
735 1666 794 1708 non
814 1647 939 1724 amplius
967 1662 1124 1724 possumus
1145 1645 1184 1703 ibi
1206 1644 1345 1712 confiteri,

140 1756 190 1805 aut
203 1746 399 1823 paenitentiam
413 1743 506 1804 adhoc
519 1744 743 1824 agera.”—pni
752 1744 799 1817 pig
809 1751 841 1800 ro
857 1743 965 1807 &aaa
979 1739 1042 1813 ἡμᾶς
1057 1746 1088 1797 ia
1103 1758 1136 1797 rs
1151 1742 1242 1810 stopa,
1260 1746 1292 1798 is
1308 1744 1346 1798 in

139 1842 264 1912 derogabo
272 1842 325 1898 ixei
334 1840 561 1915 ἐξομωγῆωσὲω,
571 1844 590 1916 ἤ
598 1844 726 1913 marsim
733 1845 793 1899 ἔπι*

180 1945 230 2000 81.
252 1942 284 2000 S.
297 1942 438 2001 lueremus
451 1939 487 2000 de
501 1941 602 2001 Marco
609 1940 733 2017 quodam
747 1941 850 2000 referit
873 1948 894 1977 “
906 1937 1010 1998 Adhuc
1023 1938 1109 1997 etiam
1123 1946 1155 1995 et
1166 1938 1304 1997 amatoria
1313 1947 1343 1996 'et

140 2037 308 2098 adlectantia
323 2038 420 2104 eflicit,
435 2048 467 2096 ut
479 2048 509 2096 et
521 2038 689 2115 corporibus
710 2038 837 2116 ipsamm
851 2025 1054 2095 coritomeliam
1068 2034 1186 2111 irroget,
1203 2032 1254 2093 hic
1266 2032 1343 2093 idam

141 2134 258 2194 Marcus
273 2133 444 2208 quibusdem
458 2133 635 2203 mulieribus,
649 2134 717 2193 licet
730 2152 788 2194 non
808 2132 962 2192 universis.
1005 2131 1061 2191 Has
1085 2131 1251 2209 sepissime
1273 2148 1340 2189 eon·

140 2248 230 2290 versae
245 2229 281 2289 ad
295 2230 456 2291 Ecclesiam
471 2230 527 2289 Dei
539 2248 696 2290 contram
705 2248 794 2299 surr,
803 2240 833 2288 et
845 2228 1004 2289 secundom
1015 2246 1122 2307 corpus
1136 2228 1340 2288 exterminatae

139 2344 173 2385 ae
187 2327 222 2385 ab
235 2344 281 2395 ao,
295 2336 325 2385 et
338 2326 415 2385 velut
428 2325 564 2404 cupidine
577 2326 766 2387 inflammatas
780 2324 864 2385 valde
885 2326 966 2385 illum
986 2323 1175 2384 dilexisse.”¹
1214 2324 1249 2383 S.
1271 2322 1341 2402 Epi·

139 2424 264 2502 phanius
280 2424 356 2483 idem
376 2424 502 2483 referens
523 2425 611 2483 utitur
630 2442 700 2483 soce
713 2420 948 2494 domama·
987 2422 1067 2500 Ergo
1081 2421 1175 2498 riguit
1187 2430 1259 2480 tunc
1277 2438 1341 2480 con·

141 2520 229 2578 fessio
256 2534 435 2595 peccatorum
459 2521 543 2578 etiam
565 2523 752 2584 occultorum,
768 2539 834 2577 nam
858 2518 973 2577 nonnisi
997 2536 1035 2576 ex
1057 2518 1212 2576 mulierum
1231 2517 1339 2577 confes·

140 2621 221 2676 sione
237 2619 341 2694 flagitia
355 2619 403 2674 illa
416 2619 606 2675 innotuerunt
652 2618 824 2676 Verosimile
840 2628 934 2674 autem
959 2632 1003 2674 est
1024 2635 1072 2672 eas
1088 2615 1123 2672 ad
1141 2617 1282 2693 majorem
1296 2616 1337 2672 sui

141 2715 366 2772 humiliationem
391 2726 419 2771 et
444 2716 477 2772 ad
508 2716 631 2772 haeretici
657 2715 782 2773 hominis
811 2733 979 2792 progressus
1001 2713 1204 2791 impediendos
1228 2716 1337 2792 privatae

141 2813 308 2870 delictorum
323 2813 496 2870 confessioni
512 2814 655 2890 publicam
670 2813 819 2890 adjecisse.

180 2913 228 2965 82.
254 2910 486 2966 Tunronnrrnus
501 2910 711 2967 confessionem
723 2910 808 2967 veluti
821 2909 995 2986 poenitentiae
1006 2918 1115 2985 partem
1128 2920 1157 2966 et
1171 2909 1263 2968 reniae
1275 2927 1336 2967 coo·

141 3007 277 3064 ditionem
303 3006 501 3073 commendat;
535 3008 693 3065 “'l'antum
721 3009 827 3065 revelat
854 3008 997 3066 consessio
1026 3005 1176 3074 delictum,
1204 3020 1335 3082 quantum

141 3102 329 3160 dissimulatio
347 3113 516 3178 exaggerat:
539 3104 682 3161 confessio
704 3105 781 3162 enim
803 3105 1005 3162 satisfactionis
1028 3104 1183 3163 consilium
1207 3115 1261 3171 eet,
1285 3104 1335 3162 dis·

140 3199 286 3258 simulatio
308 3199 503 3257 contumaciae.
527 3241 534 3256 .
558 3241 565 3257 .
589 3241 597 3256 .
620 3200 649 3258 le
671 3211 750 3259 actus
772 3202 821 3275 qui
843 3201 935 3278 magis
954 3200 1058 3259 Graeco
1077 3201 1220 3259 vocabulo
1248 3196 1337 3276 expri-

142 3300 228 3357 mitur
253 3309 281 3355 et
302 3298 495 3371 frequentatur
515 3297 730 3376 eaeomologesis
752 3313 805 3365 est,
826 3319 881 3373 qua
902 3298 1037 3356 delictum
1059 3297 1189 3357 Domino
1212 3313 1332 3359 nostrum

141 3398 318 3462 confitemur,
342 3415 398 3453 non
424 3394 540 3468 quidem
564 3408 593 3453 ut
614 3397 722 3473 ignaro,
744 3397 795 3454 sed
816 3408 955 3470 quatenus
977 3395 1133 3454 satisfactio
1154 3398 1329 3456 confessione

141 3495 311 3571 disponitur,
334 3493 515 3552 confessione
538 3495 704 3570 poenitentia
724 3495 857 3561 nascitur,
880 3494 1048 3571 poerritentia
1075 3493 1157 3552 Deus
1187 3496 1331 3573 mitigatur.

33 3596 36 3603 '
141 3589 239 3663 Itaque
253 3589 463 3666 exomologesis
480 3590 675 3665 prosternendi
690 3603 718 3647 et
740 3590 945 3648 humilificandi
968 3591 1093 3647 hominia
1117 3590 1329 3667 disciplinaest,

141 3687 385 3745 conversationem
401 3687 552 3763 injungens
577 3687 777 3746 misericordiae
801 3688 918 3746 illicem.
960 3687 1005 3746 De
1028 3688 1092 3764 ipso
1108 3707 1228 3762 quoque
1244 3689 1331 3746 habitu

141 3794 225 3854 atque
241 3783 316 3840 victu
333 3781 454 3847 mandat,
470 3802 553 3838 sacco
568 3794 596 3838 et
614 3784 702 3841 cineri
722 3785 866 3850 incubare,
888 3802 992 3860 corpus
1016 3783 1151 3841 sordibus
1174 3787 1331 3849 obscurare,

141 3877 267 3935 animum
292 3878 456 3935 maeroribus
483 3876 615 3951 dejicere,
632 3879 757 3952 illaquae
780 3880 909 3956 peccavit
922 3879 993 3936 tristi
1017 3880 1183 3938 tractatione
1213 3892 1331 3938 mutare:

141 3987 272 4034 caeterum
300 3987 412 4051 pastum
437 3986 465 4033 et
490 3989 588 4054 potum
614 3994 684 4052 pura
704 3994 800 4042 nosse,
822 3995 880 4034 non
904 3975 1010 4032 ventris
1033 3975 1154 4043 scilicet,
1169 3977 1222 4034 sed
1237 3977 1329 4034 anime

140 4091 245 4141 causa;
268 4073 435 4149 plerumque
455 4073 521 4132 nord
531 4073 651 4153 jejuniis
666 4090 766 4151 preces
786 4072 871 4142 alere,
893 4071 1093 4150 ingemiscere,
1109 4074 1293 4150 lachrymari,
1306 4082 1330 4130 et

175 4288 217 4352 (1)
238 4286 312 4336 Edita
328 4293 365 4335 est
381 4286 435 4336 hac
451 4288 553 4351 epistola
570 4305 628 4339 cum
645 4290 720 4339 altera
736 4305 776 4338 an.
795 4290 860 4337 1677
878 4288 981 4338 Oxooic
1001 4288 1028 4338 in
1045 4287 1154 4339 Theatro
1166 4288 1337 4341 Sheldoniano.

139 4371 203 4422 Eam
214 4372 414 4422 commemoravit
424 4373 450 4421 in
459 4374 516 4424 hist.
528 4375 597 4424 Eccl.
606 4376 623 4425 l.
636 4375 669 4426 iii.
680 4391 702 4425 c.
720 4377 752 4424 38
773 4373 904 4435 Eusebius,
924 4374 1036 4438 quamvis
1053 4374 1119 4439 paris
1136 4376 1294 4437 auctoritatis,
1311 4391 1336 4425 ao

141 4458 225 4521 prims,
237 4474 291 4508 eam
302 4475 354 4507 non
364 4475 417 4508 esse
428 4460 524 4509 dixerit.

177 4543 220 4608 (2)
240 4542 269 4590 L.
277 4543 293 4592 i.
305 4544 359 4592 adv.
371 4543 426 4595 hmr.
437 4561 458 4594 c.
471 4545 506 4593 ix.

178 4631 220 4696 (3)
240 4630 306 4678 Hmr.
317 4631 403 4680 xxxiv.
