2774 5056
500 289 557 351 DE
577 288 634 351 RE
655 286 966 351 EUctlamsTtAE.

633 849 775 910 oaPUT
796 850 835 910 11.

467 1023 522 1076 DE
558 1025 612 1077 RE
647 1024 1003 1078 EUGHARISTIAE.

180 1217 225 1272 12.
248 1211 375 1272 Fuerunt
388 1222 515 1287 tempore
528 1211 662 1287 martyris
683 1211 786 1288 lgnatii
800 1211 850 1284 qui
870 1210 1084 1269 Eucharistiam
1101 1218 1201 1268 “esse
1222 1228 1336 1269 carnem

138 1310 293 1369 Salvatoris
308 1309 397 1368 nostri
410 1309 483 1368 Jesu
497 1308 629 1366 curium
644 1318 790 1386 negarent,
805 1317 889 1382 prout
902 1309 964 1385 ipse
979 1317 1107 1375 testatur,
1129 1305 1335 1366 Menandriani

105 1432 114 1493 .'
139 1408 249 1468 scilicet
262 1409 311 1483 qui
325 1425 421 1467 veram
435 1407 470 1465 ab
484 1426 518 1466 eo
533 1416 709 1484 assumptam
723 1425 787 1465 esse
809 1425 923 1465 carnem
944 1406 1114 1472 inficiantes,
1130 1405 1160 1463 in
1176 1406 1278 1474 aliurn,
1293 1422 1339 1463 ne-

99 1512 106 1563 .·'
137 1505 261 1564 cessaria
281 1503 495 1575 consequentia,
517 1503 677 1562 inciderunt
695 1521 831 1562 errorem.
873 1502 1070 1570 monomachi,
1092 1513 1195 1560 octavo
1220 1501 1337 1567 saeculo,

89 1574 101 1657 ,³¹
138 1603 205 1661 dum
228 1620 370 1660 sacrarum
392 1600 549 1678 imaginum
570 1601 781 1660 venerationem
806 1601 1017 1678 impugnarent,
1041 1598 1258 1658 Eucharistiam
1279 1598 1341 1657 uui·

76 1696 88 1777 j'
137 1719 201 1759 cam
222 1700 387 1777 imaginem,
412 1717 476 1772 quae
501 1697 621 1758 colenda
645 1697 727 1766 soret,
752 1707 851 1775 utpote
875 1698 971 1776 ipsum
994 1696 1155 1756 Dominum
1179 1697 1335 1774 speciebus

71 1828 78 1875 j
139 1795 410 1864 Sacramentatibus‚
439 1806 582 1868 tamquam
607 1795 671 1853 velo
697 1792 831 1867 quodam,
861 1795 1004 1852 obtectum
1033 1792 1185 1851 dicebant:
1215 1810 1340 1865 quorum

72 1884 76 1929 ³
139 1893 288 1952 temeraria
315 1891 450 1964 loquendi
479 1892 549 1950 ratio
571 1890 690 1950 secundi
719 1891 833 1949 Nicmni
860 1891 976 1949 concilii
1006 1890 1140 1949 Patribus
1168 1888 1340 1966 gravissime

140 1989 298 2067 displicuit,
324 1989 455 2062 quamvis
480 1988 514 2046 de
537 2007 566 2046 re
582 1988 759 2047 sacramenti
774 1987 869 2046 nullus
892 1999 970 2046 esset
989 2006 1076 2047 error.
1119 1985 1235 2044 Saecolo
1268 2001 1342 2042 nono

139 2086 266 2146 loannes
282 2085 385 2144 Scotus
400 2084 476 2143 haud
491 2086 559 2143 satis
574 2095 702 2144 accurate
716 2085 751 2143 de
766 2085 822 2143 hoc
843 2084 1027 2144 Sacramento
1041 2084 1188 2152 disseruit,
1203 2083 1240 2141 ab
1255 2081 1343 2141 Adre-

139 2183 222 2242 valdo
238 2183 378 2242 monacho
393 2183 569 2241 Floriacensi
583 2182 693 2241 abunde
708 2182 854 2240 refutatus.

183 2286 228 2340 13.
252 2280 365 2339 Saeculo
390 2279 553 2347 undecimo,
578 2298 654 2337 anno
678 2278 789 2338 circiter
817 2282 903 2344 1047,
927 2277 1117 2354 Berengarius
1143 2275 1338 2340 Turonensis,

139 2377 280 2437 Ecclesiae
300 2376 515 2454 studegavensis
538 2377 568 2433 in
591 2375 693 2434 Galliis
717 2374 952 2442 Arcltidiaconus,
976 2376 1085 2451 primus
1106 2374 1237 2430 omnium
1253 2372 1339 2449 coepit

140 2473 243 2532 docere
257 2473 469 2531 Eucharistiam
491 2490 556 2528 esse
570 2469 717 2529 dumtaxat
730 2471 849 2548 figuram
864 2483 893 2528 et
913 2471 1067 2546 imaginem
1082 2468 1211 2544 corporis
1225 2479 1255 2525 et
1276 2487 1339 2526 san-

141 2573 237 2649 guinis
264 2570 384 2628 Christi.
426 2571 562 2628 Errorem
587 2571 682 2627 statim
707 2569 821 2644 scriptis
846 2569 1073 2644 perstrinxerunt
1099 2564 1202 2624 eruditi
1232 2568 1339 2639 quique

142 2668 223 2724 avitae
249 2667 316 2723 fidei
342 2664 480 2732 vindices,
495 2666 653 2740 praesertim
679 2664 815 2741 praesules
836 2666 944 2742 egregii
968 2665 1144 2723 Adelmauue
1166 2663 1344 2729 Brixieusis,

142 2763 231 2840 Hugo
256 2763 458 2839 Lingonensis,
475 2761 670 2820 Guitmundus
693 2767 867 2830 Aversanus,
885 2762 1054 2821 Deoduinus
1074 2761 1259 2830 Leodiensis,
1282 2763 1345 2836 qui·

142 2862 261 2920 buscum
284 2880 335 2936 pro
359 2859 493 2919 Ecclesia
513 2859 668 2919 militarunt
689 2860 889 2930 Lantfrancus‚
905 2871 972 2920 tune
992 2861 1147 2919 Beecensis
1169 2862 1340 2920 monasterii

144 2960 237 3028 Prior,
252 2959 337 3035 paulo
352 2970 419 3035 post
441 2950 685 3035 Archie'piscopus
708 2959 933 3027 Cantuariensis,
949 2958 1101 3018 Durandus
1122 2959 1219 3017 Abbas
1243 2959 1347 3018 Troar·

144 3057 253 3126 nensis,
269 3067 297 3114 et
311 3056 431 3132 Algerus
447 3055 647 3113 Cluniacensis
662 3057 861 3124 scholasticus,
876 3055 979 3115 deinde
999 3056 1168 3114 monachus.
1212 3055 1347 3115 Concilia

144 3155 266 3233 plurima
280 3163 308 3211 et
321 3153 476 3211 Pontifices
491 3151 659 3210 damnarunt
672 3172 779 3211 novum
793 3152 917 3230 dogma3
940 3153 1050 3211 scilicet
1063 3152 1227 3211 Romanum
1243 3152 1297 3209 sub
1314 3151 1345 3208 S.

144 3253 242 3313 Leone
257 3252 322 3319 ΙΧ.,
338 3270 412 3309 anno
430 3254 515 3318 1050,
531 3249 689 3323 eodemque
704 3270 779 3309 anno
794 3251 989 3320 vercellense,
1002 3271 1035 3308 ae
1049 3249 1234 3318 Parisiense3
1251 3250 1345 3307 Turo-

144 3369 234 3410 nense
248 3369 282 3406 ac
296 3349 491 3407 Florentinum
506 3348 559 3405 sub
574 3348 690 3406 Victore
705 3347 756 3416 11,
772 3367 846 3406 anuo
862 3352 955 3416 10553
971 3348 1136 3406 Romanum
1151 3347 1205 3405 sub
1221 3347 1251 3404 N
1256 3347 1347 3404 icolao

145 3450 185 3509 tt.
200 3467 275 3507 anno
292 3450 386 3514 1059;
409 3445 641 3523 Rothomagense
662 3464 736 3504 anno
754 3449 848 3515 106a3
871 3446 1052 3505 Pictaviense
1067 3464 1142 3503 anuo
1166 3448 1263 3512 10753
1288 3444 1347 3502 Ro·

145 3565 262 3606 manum
272 3546 325 3602 sub
340 3545 371 3601 S.
384 3544 524 3621 Gregorio
536 3541 604 3601 Vll.
617 3561 692 3601 anno
710 3546 785 3602 1078
799 3562 806 3611 ;
822 3556 849 3600 et
861 3544 979 3601 alterum
994 3543 1157 3602 Romanum
1168 3561 1243 3600 anno
1262 3545 1349 3600 1079.

148 3643 263 3720 Dogma
277 3642 459 3701 Catholieum
474 3643 598 3718 agnovit,
614 3652 642 3700 et
663 3642 795 3700 haeresim
809 3642 910 3699 iterum
925 3640 1068 3699 damnavit
1088 3640 1244 3698 concilium
1261 3639 1350 3716 pluri·

150 3757 261 3797 morum
277 3739 478 3814 episcoporum
493 3739 646 3796 Placentiae
661 3756 735 3796 anno
753 3741 838 3804 1095,
854 3738 908 3795 sub
928 3737 1041 3795 Urbano
1056 3735 1095 3794 ll.

190 3839 236 3892 14.
258 3834 425 3892 Auctoritati
439 3836 526 3891 cessit
539 3835 741 3911 Berengarius,
756 3835 887 3907 quamvis
902 3834 939 3891 ob
954 3832 1085 3909 mysterii
1100 3831 1298 3889 difficultatem
1316 3833 1345 3888 in

149 3950 271 3991 errorem
286 3930 350 4006 plus
365 3931 455 3988 semel
470 3931 507 3986 sit
529 3930 638 4006 lapsus,
661 3930 775 3989 tandem
797 3930 950 4002 aliquando
965 3931 994 3987 in
1009 3929 1076 3986 fidei
1091 3927 1220 3985 doctrina
1243 3928 1347 3985 humili

123 4030 363 4109 poenitentique
384 4030 479 4086 animo
502 4029 720 4101 conquiescens.
763 4028 896 4085 Pluribus
925 4027 991 4084 fidei
1017 4025 1147 4084 formulis
1162 4025 1348 4100 subscripsit,

63 4122 76 4207 J
150 4145 269 4203 quarum
283 4143 367 4182 unam
383 4124 499 4181 recitare
516 4123 608 4199 juvat,
624 4140 709 4196 quam
724 4124 753 4179 in
767 4122 889 4181 concilio
912 4123 1054 4190 Romano,
1070 4140 1144 4179 anno
1168 4124 1258 4187 1079,
1275 4121 1347 4177 Gre-

149 4225 229 4304 gorio
243 4221 311 4280 Vll.
333 4218 465 4297 preside,
481 4218 574 4296 palam
588 4219 675 4278 lecit:
697 4219 793 4296 “Ego
815 4220 1014 4296 Bereugarius,
1030 4218 1115 4277 corde
1137 4217 1223 4275 credo
1245 4229 1275 4274 et
1296 4235 1345 4274 ore

59 4324 65 4389 ς’
148 4322 294 4387 confiteor,
309 4335 412 4394 panem
432 4327 461 4374 et
484 4316 583 4375 vinum
603 4335 667 4390 que
688 4328 831 4393 ponuntur
846 4317 876 4374 in
896 4316 985 4383 altari,
1001 4334 1053 4392 per
1068 4316 1238 4391 mysterium
1260 4333 1347 4371 sacrae

59 4404 64 4461 ἶ
147 4419 282 4482 orationis
306 4427 333 4475 et
356 4414 442 4473 verba
461 4413 552 4472 nostri
572 4414 784 4491 Redemptoris,
806 4413 1026 4472 substantialiter
1046 4411 1174 4471 converti
1194 4411 1223 4469 iu
1252 4428 1347 4469 veram

70 4524 80 4579 ¹,
148 4528 175 4576 et
195 4514 338 4594 propriam
366 4532 399 4571 ae
426 4509 568 4569 vivificam
597 4529 710 4570 carnem
737 4519 767 4568 et
786 4511 955 4588 sanguinem
983 4509 1054 4567 Jesu
1083 4506 1194 4565 Christi
1224 4506 1342 4565 Domini

81 4634 88 4671 ².
147 4614 253 4682 nostri;
275 4622 304 4671 et
327 4621 393 4689 post
406 4606 651 4670 consecrationem
672 4625 736 4672 esse
757 4625 858 4667 verum
873 4605 984 4666 Christi
1005 4623 1121 4682 corpus,
1144 4603 1223 4679 quod
1241 4614 1338 4662 natum

87 4696 93 4717 l
