2774 5056
120 303 187 391 'ros
422 325 424 328 ·
556 326 613 388 nn
635 324 893 387 CHRISMATE.

128 462 158 550 et
181 500 310 550 sanctum
328 490 383 549 hoc
407 495 583 565 unguentum
607 485 664 545 non
690 485 813 563 amplius
839 493 883 543 est
903 494 1082 562 unguentum
1101 483 1212 544 nudum
1230 502 1334 558 neque

127 603 289 653 commune,
302 593 450 663 postquam
463 584 523 661 jam
538 591 734 641 consecratum
748 590 801 649 est,
817 579 868 638 sed
882 589 926 638 est
939 580 1064 639 chrisma
1079 579 1201 648 Christi,
1210 592 1246 639 >et
1261 580 1333 658 Spi-

127 683 197 741 ritus
213 683 309 741 Sancti
323 680 482 759 presentia,
499 698 550 756 per
563 679 654 756 ipsius
668 677 843 737 divinitatem
858 678 1002 755 energiam
1015 676 1148 736 babet.'’²
1371 750 1375 757 ι

167 783 216 838 36.
238 781 343 838 Auctor
369 779 501 851 antiquus
516 795 602 849 quem
627 774 709 834 multi
731 774 823 833 adhuc
843 784 943 851 putant
962 792 1027 833 esse
1049 775 1250 842 Ambrosium,
1266 774 1327 833 ait:

129 875 295 948 “Sequitur
317 872 463 952 spirituale
488 871 667 949 signaculum
692 870 769 944 quod
793 871 911 929 audistis
938 869 1024 929 hodie
1049 869 1128 948 legi:
1160 871 1229 944 quia
1257 882 1330 948 post

126 969 234 1030 iontem
248 979 379 1049 superest
389 979 421 1028 ut
438 969 574 1047 perfectio
588 969 646 1036 fiat,
661 966 775 1043 quaudo
789 966 824 1025 ad
839 968 1048 1026 invocationem
1062 966 1218 1027 sa'cerdotis
1233 968 1329 1047 Spiri-

125 1076 170 1127 tus
185 1068 305 1127 Sanctus
319 1064 522 1126 infunditur.”⁹
842 1134 843 1138 η

164 1168 214 1224 37.
238 1165 269 1223 S.
285 1164 478 1223 Accusamus
493 1160 528 1219 de
541 1169 687 1239 unguento
702 1159 823 1218 daronis
837 1158 912 1237 apud
933 1160 1060 1220 Psaltem
1072 1160 1208 1236 loquens.
1252 1159 1331 1220 “Et

123 1260 155 1320 in
168 1260 225 1320 hoo
238 1269 384 1338 unguento
399 1259 613 1317 Sacramentum
628 1257 789 1316 chrismatis
807 1258 891 1316 vultis
912 1258 1100 1335 interpretari,
1115 1257 1194 1333 quod
1206 1257 1328 1331 quidem

122 1356 153 1415 in
167 1374 271 1434 genere
286 1355 441 1415 visibilium
456 1354 668 1432 signaculorum
689 1365 900 1413 sacrosanctum
914 1365 968 1423 est,
983 1355 1058 1413 sicut
1079 1365 1109 1414 et
1129 1355 1194 1432 ipse
1213 1355 1325 1432 baptis·

121 1452 236 1513 mus.”⁰

133 1560 137 1579 ²
163 1554 213 1610 88.
235 1553 266 1610 S.
290 1552 442 1610 Pscrsuus
469 1550 554 1609 dicit:
576 1549 719 1610 “lavacro
743 1551 820 1609 enim
842 1559 959 1628 peccata
978 1559 1144 1629 purgantur,
1164 1550 1327 1611 chrismate

124 1648 247 1707 Sanctus
261 1649 384 1725 Spiritus
399 1647 657 1726 superfunditur.”⁴

161 1748 210 1804 39.
232 1745 425 1804 Laodicennm
444 1746 608 1815 concilium,
630 1743 707 1820 qnod
728 1764 803 1804 anno
824 1750 883 1805 372
903 1765 921 1803 a
943 1747 1118 1806 nonnemine
1139 1746 1322 1826 adsignatur,

120 1843 249 1902 censuit:
272 1842 422 1920 “Oportet
442 1845 556 1917 eosqui
578 1844 765 1921 baptizantur,
781 1853 847 1920 post
867 1842 1012 1903 lavacrum
1025 1843 1151 1904 chrisma
1172 1844 1320 1904 Ecclesiae

126 1940 269 2016 accipere,
283 1949 312 1999 et
325 1941 403 2018 regni
419 1941 529 1998 Christi
541 1941 694 2018 participes
715 1939 887 2005 inveniri.'3⁵

162 2042 211 2095 40.
238 2038 331 2095 Nobis
360 2037 510 2112 aliquando
535 2040 741 2116 exprobrarunt
769 2038 963 2098 Protestantes
992 2037 1159 2107 Gnostioos,
1182 2039 1326 2100 referente

120 2131 240 2201 Irenaeo,
256 2145 401 2211 unguento
415 2134 579 2210 hujusmodi
593 2153 662 2193 usos
677 2153 761 2193 csse:
785 2143 928 2212 “ungunt
942 2144 1036 2194 autem
1049 2144 1080 2193 et
1093 2135 1152 2213 ipsi
1170 2136 1325 2214 opobalsa-

120 2229 217 2289 mo.”⁰
269 2230 377 2289 Verum
398 2249 456 2288 non
481 2230 535 2288 hos
560 2231 713 2299 imitamur,
727 2230 779 2289 sed
802 2229 979 2289 venerandos
1001 2231 1141 2290 Ecclesin
1169 2233 1323 2310 presules,

120 2342 242 2399 quorum
268 2325 438 2384 adduximus
463 2327 636 2394 testimonia,
650 2343 701 2385 eos
726 2334 820 2384 autem
844 2326 1060 2387 catholicorum
1080 2327 1167 2387 ritum
1195 2329 1325 2390 imitatos

119 2441 184 2484 asse
210 2427 374 2485 verosimile
397 2435 451 2484 est.
495 2425 640 2486 Gaeterun
656 2443 714 2484 non
735 2425 852 2484 interest
874 2437 969 2485 utrum
991 2427 1146 2501 aliquando
1160 2429 1200 2486 sit
1223 2448 1322 2489 rerum

119 2524 309 2598 quarumdem'
320 2524 486 2593 similitudo,
502 2524 569 2583 dum
585 2525 654 2583 alias
675 2535 732 2583 tota
745 2526 850 2583 ritum
864 2526 938 2583 serie
951 2526 1070 2584 omnino
1084 2528 1118 2585 ab
1133 2527 1190 2585 illis
1206 2527 1315 2587 discer-

118 2621 239 2678 nimur.⁷

158 2721 208 2774 41.
230 2717 365 2774 Clrrisma
379 2735 416 2774 ex
440 2717 504 2774 oleo
520 2737 584 2775 cum
607 2718 732 2776 balsamo
747 2719 788 2787 fit,
814 2719 936 2778 solemni
951 2721 1080 2798 episcopi
1101 2721 1318 2791 benedictione,
1375 2762 1381 2776 ‹

117 2813 188 2873 feria
201 2814 298 2885 quinta
312 2814 341 2870 in
356 2832 437 2870 coena
451 2813 579 2872 Domini.
613 2813 658 2870 De
684 2832 719 2872 eo
743 2814 810 2872 dicit
824 2816 1004 2875 Venerabilis
1019 2816 1118 2875 Beda:
1141 2827 1161 2853 “
1174 2818 1208 2877 In
1225 2820 1320 2878 vineis

117 2910 252 2988 Engaddi
272 2910 430 2968 balsamum
447 2911 581 2987 gignitur,
598 2910 674 2984 quod
688 2913 717 2969 in
732 2913 892 2971 chrismatis
907 2914 1086 2973 confectione
1107 2915 1215 2988 liquori
1232 2917 1318 2974 olivae

116 3009 276 3075 admisceri,
303 3028 335 3066 ac
357 3009 519 3067 Pontificali
545 3010 743 3068 benedictione
765 3012 839 3069 solet
858 3013 1027 3080 consecrari,
1052 3024 1192 3087 qnatenus
1213 3014 1316 3073 fideles

116 3126 217 3168 omnes
232 3126 296 3164 cum
311 3106 494 3183 impositione
509 3126 608 3165 manus
625 3107 812 3166 Sacerdotalis
825 3127 880 3182 qua
892 3110 1016 3186 Spiritus
1029 3110 1150 3169 Sanctus
1162 3112 1318 3188 accipitur,

115 3206 170 3266 hac
183 3207 317 3265 unctione
332 3204 525 3282 signentur.'’⁸
565 3205 729 3264 Balsamum
741 3207 771 3264 in
781 3208 835 3265 hac
846 3209 963 3285 regione
977 3209 1125 3267 adhibetur
1137 3210 1317 3279 Peruanum,

115 3303 161 3362 vel
176 3301 316 3369 Indicum,
332 3299 409 3375 quod
431 3301 561 3359 sufficere
587 3320 624 3359 ex
646 3301 834 3360 declaratione
849 3305 931 3361 Pauli
945 3305 999 3362 lll.
1023 3317 1053 3363 et
1065 3306 1112 3364 Pii
1132 3305 1187 3364 IV.
1203 3316 1318 3365 constat

114 3410 208 3459 utrum
222 3399 341 3457 balsami
353 3398 490 3456 admixtio
503 3398 537 3455 ad
552 3398 705 3456 essentiam
722 3399 882 3457 chrismatis
898 3402 1036 3477 pertineat
1049 3403 1198 3476 inquirunt
1213 3403 1315 3462 Theo·

113 3497 182 3575 logi,
195 3517 316 3570 quornm
329 3495 456 3554 nonnulli
468 3494 578 3572 judicio
590 3505 618 3552 et
629 3493 786 3552 eruditione
797 3514 896 3572 graves
912 3495 1026 3574 negant.
1068 3498 1214 3564 Quaeritur
1227 3499 1317 3558 etiam

113 3604 207 3652 utrum
221 3593 392 3660 benedictio,
407 3611 459 3650 seu
474 3593 660 3660 consecratio,
676 3592 837 3651 chrismatis
852 3593 890 3651 sit
910 3593 945 3652 ad
960 3594 1136 3652 Sacramenti
1152 3597 1315 3655 essentiam

115 3691 285 3757 neccssaria,
314 3690 389 3762 qnod
416 3691 543 3767 plerique
571 3691 721 3749 affirmant.
772 3691 875 3748 Utrum
901 3692 949 3749 illa
972 3693 1149 3752 consecratio
1187 3693 1322 3771 simplici

115 3788 261 3847 Sacerdoti
277 3789 415 3845 committi
430 3790 530 3864 possit,
546 3800 574 3847 et
587 3791 669 3867 cujus
685 3790 857 3863 auctoritate,
872 3791 1023 3863 quaesitum
1038 3803 1091 3849 est.
1133 3791 1192 3850 His
1210 3803 1310 3853 tamen

149 4021 192 4086 (1)
212 4018 312 4069 Gatech.
324 4017 356 4067 iii.
369 4017 508 4081 Mystagog2

161 4109 190 4174 2)
209 4106 238 4154 L.
250 4106 284 4155 iii.
295 4105 325 4154 de
337 4104 404 4156 Sacr.
415 4121 435 4154 o.
446 4105 471 4154 ii.

160 4195 189 4259 3)
211 4190 240 4240 L.
252 4191 277 4240 ii.
289 4197 373 4239 contra
381 4190 426 4238 litt.
438 4188 551 4240 Petiliani
562 4205 583 4239 c.
595 4190 641 4240 civ.

147 4108 159 4174 (

141 4193 189 4347 Ιὃ)
209 4277 305 4327 Monita
314 4275 439 4325 Pacienit.
450 4275 491 4325 vii.
503 4274 619 4326 Biblioth.
630 4275 680 4325 ΡΡ.
693 4273 805 4325 Galland.
815 4291 840 4340 p.
852 4280 910 4327 275.

147 4368 190 4435 (d)
210 4365 273 4415 Can.
284 4363 360 4413 xlviii.

111 4446 118 4457 ’
145 4455 187 4520 (ὃ)
206 4451 236 4501 L.
247 4452 269 4503 i..
278 4450 332 4500 adv.
344 4448 400 4496 lraer.
413 4463 433 4497 c.
446 4445 512 4495 xviii.

144 4541 188 4607 (7)
207 4540 282 4589 Plura
292 4537 322 4586 de
333 4535 461 4585 chrismate
473 4531 561 4581 videsis
572 4533 637 4598 apud
643 4520 824 4587 ”Prombellium
835 4535 864 4587 de
877 4536 941 4587 conf.
953 4536 1011 4587 diss.
1022 4554 1046 4590 v.
1063 4537 1127 4590 Sect.
1140 4541 1175 4592 iii.
1186 4559 1208 4592 c,
1219 4543 1237 4593 i,

43 4602 46 4607 Ι
147 4624 188 4691 (8)
207 4623 238 4673 L.
249 4624 275 4673 ii.
285 4637 368 4686 expos.
380 4620 407 4670 in
419 4617 492 4668 Cant.
506 4615 578 4667 Cant.
