2774 5056
310 307 367 369 DE
387 307 697 370 INSTITUTIONE
717 308 1029 373 EUCHARISTIAE.
1204 315 1261 372 158

68 463 169 524 vinum
183 465 279 525 facta’'
294 465 458 544 designatur
477 467 554 545 apud
573 467 727 527 Joaunem.
769 468 833 528 Nec
853 469 915 528 sine
929 489 1015 530 cause
1033 471 1122 533 relata
1136 479 1202 530 suut
1215 470 1265 530 illa

67 565 173 631 verba;
189 563 275 623 futuri
290 565 368 624 enim
381 575 461 624 erant
474 566 525 639 qui
539 566 638 625 ninum
652 567 683 626 in
704 566 882 626 conficienda
902 568 1075 628 eucharistia
1094 570 1267 636 omitterent,

65 669 266 732 mouentum
278 660 403 720 adhibita
413 667 436 729 ;¹
450 680 572 735 quorum
586 661 794 739 praedamnatus
807 674 851 722 est
862 682 939 722 error
950 665 1067 724 vocibus
1078 664 1135 724 illis
1147 664 1268 734 Christi,

64 776 104 817 ex
120 758 225 831 quibus
240 759 376 837 genimen
389 760 456 817 vitis
471 761 500 818 in
515 778 549 818 ea
561 760 739 820 conficienda
752 762 787 819 ab
802 780 839 821 ec
859 761 1015 821 adhibitum
1030 781 1095 821 esse
1115 764 1267 841 colligitur.

108 860 159 916 ⁷4.
185 855 253 935 obj.
274 861 318 915 ll.
340 856 374 915 In
388 856 555 916 'surrentini
570 859 631 935 jem
653 859 739 918 citato
753 859 925 936 compendio
945 870 1143 937 argumentum
1166 860 1268 938 depro-

65 955 154 1013 mitur
168 964 189 990 ‘⁴
201 972 240 1012 ex
253 954 347 1012 verbis
361 954 434 1032 ipsis
448 956 659 1032 promissionis,
674 957 723 1016 nbi
744 958 877 1016 occurrit.
921 961 948 1015 l.
968 956 1149 1035 Subjectum,
1165 976 1268 1034 prouc-

65 1055 145 1112 mine
156 1052 379 1113 demonstrativo
388 1052 454 1112 Hoc
462 1072 642 1130 expressum,
655 1056 732 1128 quod
745 1056 779 1114 ad
791 1075 895 1133 panem
905 1055 1066 1115 necessariis
1077 1055 1266 1124 referendum,

65 1151 135 1224 quia
156 1161 201 1208 est
226 1169 383 1226 pronomen
407 1151 671 1221 demonstrativum,
686 1153 763 1227 quod
788 1153 965 1212 demonstrat
987 1172 1047 1212 rem
1074 1163 1265 1230 prasentemr

59 1247 122 1322 jam
139 1245 206 1304 verb
221 1246 293 1304 nihil
307 1245 399 1307 adhuc
413 1257 472 1305 erat
486 1266 612 1324 praesens
627 1268 712 1321 quam
727 1249 884 1307 substantia
898 1249 992 1326 panis,
1007 1267 1092 1321 quam
1108 1258 1267 1325 acceperat,

63 1342 198 1419 fregerat,
222 1342 371 1420 discipulis
397 1344 567 1421 porrigebat,
596 1345 652 1404 dec.
694 1351 724 1403 2.
753 1345 957 1406 Praediectum
984 1345 1192 1404 enunciaticnis
1219 1354 1268 1404 est

64 1456 173 1516 eorpus
185 1439 296 1499 Christi
311 1459 369 1498 non
383 1442 490 1508 vivum,
500 1440 551 1500 sed
565 1455 719 1510 mortuum,
733 1461 783 1502 seu
797 1444 875 1502 brevi
888 1443 1064 1510 moriturum,
1077 1442 1192 1512 datum,
1205 1443 1225 1500 i.
1236 1460 1263 1500 e.

64 1539 152 1595 morti
166 1539 342 1614 expositum,
357 1539 401 1597 vel
415 1537 491 1597 certd
507 1539 583 1597 brevi
598 1539 799 1616 exponendum
818 1560 870 1617 pro
885 1541 991 1611 nobis3
1012 1550 1040 1597 et
1060 1539 1189 1616 sanguis,
1206 1556 1266 1597 non

63 1634 115 1706 qui
131 1634 169 1691 sit
182 1632 276 1692 adhuc
298 1633 326 1693 in
341 1636 433 1702 senis,
448 1635 499 1693 sed
512 1644 544 1693 ut
557 1634 665 1693 effusus
680 1648 708 1694 et
722 1654 838 1714 sparsus
855 1647 935 1694 extra
954 1655 1069 1713 corpus.
1111 1641 1139 1694 3.
1155 1634 1269 1714 Copula

63 1736 118 1798 eet,
134 1748 199 1803 quae
214 1730 375 1807 subjectum
388 1748 453 1789 eum
467 1730 617 1808 predicato
632 1751 689 1791 non
701 1743 795 1808 potest
807 1733 980 1810 conjungere
995 1732 1120 1809 proprie,
1133 1733 1200 1806 quia
1213 1731 1269 1791 dis·

64 1837 200 1903 paratum
216 1825 252 1884 de
274 1825 417 1904 disparato
438 1845 495 1886 non
515 1835 610 1904 potest
635 1827 780 1905 predicari
806 1829 930 1905 proprie.
972 1830 1011 1886 At
1024 1837 1134 1887 constat
1154 1845 1268 1905 panem,

64 1922 118 1996 qui
135 1920 347 1980 demonstratur
361 1941 412 2000 per
424 1920 489 1982 Her
510 1933 537 1980 et
550 1942 655 2000 corpus
669 1922 780 1982 Christi
800 1943 865 1981 esse
886 1923 1037 2001 disparata,
1053 1943 1118 1984 cum
1133 1943 1186 1982 uec
1200 1925 1268 1983 sub·

65 2020 174 2077 stantia
199 2019 283 2096 panis
297 2020 335 2078 sit
356 2019 448 2079 dicive
459 2021 552 2097 possit
572 2021 728 2081 substantia
748 2023 876 2099 corporis
902 2022 1022 2089 Christi,
1038 2041 1092 2081 nec
1112 2022 1270 2081 substantia

64 2118 165 2195 poculi
178 2119 337 2177 substantia
348 2119 495 2197 sauguinis
510 2118 631 2188 Christi,
641 2119 692 2178 sed
703 2121 776 2179 inter
786 2139 818 2179 se
833 2138 963 2189 numero,
978 2119 1153 2189 definitione,
1170 2138 1267 2180 essen·

63 2217 115 2285 tia,
130 2226 161 2275 et
173 2215 315 2294 adjunctis
328 2235 394 2275 vera
409 2214 549 2276 differant.
565 2217 649 2285 Quod
664 2219 747 2278 etiam
760 2219 942 2279 confirmatur
956 2237 994 2277 ex
1008 2237 1043 2277 eo
1065 2218 1142 2292 quod
1163 2236 1267 2295 corpus

63 2332 123 2373 non
135 2313 185 2372 hie
194 2313 361 2391 intelligitur
371 2313 480 2383 virum,
494 2313 545 2372 sed
557 2326 700 2373 mortuum
714 2327 743 2373 et
756 2315 935 2374 cmcifixum.
963 2313 1030 2373 Jam
1045 2313 1223 2389 impossibile
1239 2321 1268 2371 et

63 2409 316 2469 conuadictorium
328 2419 382 2479 est,
397 2419 429 2469 ut
442 2411 523 2487 panis
537 2411 584 2469 vel
600 2411 655 2469 alia
669 2411 777 2484 quavis
795 2411 952 2469 substantia
966 2412 1005 2469 sit
1024 2410 1138 2487 proprie
1161 2418 1190 2466 et
1203 2409 1266 2468 sine

61 2508 158 2586 figura
170 2504 275 2585 corpus
290 2507 401 2567 Christi
415 2518 568 2576 mortuum,
581 2527 616 2567 eo
628 2517 766 2586 tempore,
778 2527 836 2582 quo
851 2507 986 2567 Christus
999 2515 1111 2566 nonest
1123 2514 1263 2565 mortuus.

61 2602 111 2663 Ad
124 2602 198 2672 haee,
213 2604 239 2662 si
252 2603 335 2681 panis
349 2603 453 2662 dicitnr
466 2604 579 2682 proprie
594 2623 698 2681 eorpus
713 2602 834 2672 Christi,
849 2607 1016 2677 sequeretur
1034 2603 1132 2662 omnia
1153 2601 1265 2662 Christi

61 2703 197 2761 attributa
220 2701 288 2780 pani
311 2701 425 2780 proprie
439 2703 602 2770 convenire,
617 2713 649 2761 ut
661 2703 751 2772 nasci,
767 2703 850 2772 mori,
874 2721 1033 2780 resurgere,
1046 2701 1103 2761 dec.
1117 2712 1147 2760 et
1166 2703 1265 2762 omnia

61 2799 197 2859 attributa
210 2799 293 2876 panis
307 2799 432 2877 corpori,
446 2808 478 2857 ut
491 2799 558 2868 seri,
573 2800 653 2868 meti,
669 2800 801 2869 triturari,
818 2800 903 2873 coqui
918 2799 1154 2873 decoqueretur
1168 2798 1266 2868 etiam,

62 2896 227 2965 Christum,
241 2915 307 2955 eum
322 2895 358 2954 de
373 2914 473 2955 mensa
486 2915 589 2973 panem
604 2909 730 2956 sumeret
743 2909 772 2956 et
784 2897 935 2973 frangeret,
949 2916 1054 2977 eorpus
1069 2888 1153 2957 suum
1167 2916 1264 2974 sump-

60 2991 137 3054 sisse
151 3005 182 3053 et
194 2994 325 3073 fregisse,
339 3003 369 3052 et
387 2995 559 3072 sauguinem
579 2994 687 3053 fudisse
708 3005 858 3068 antequam
873 2991 1028 3054 crucifixus
1049 3005 1135 3064 esset,
1157 3004 1187 3053 et
1210 3012 1265 3053 nos

56 3095 121 3170 jam
134 3111 240 3172 corpus
254 3091 364 3153 Christi
377 3092 506 3169 hangere
515 3103 544 3151 et
554 3093 722 3171 sanguinem
735 3093 851 3154 sundere
866 3093 951 3153 hodie
964 3104 1114 3170 postquam
1128 3093 1263 3152 Christus

62 3192 229 3261 resurrexit,
243 3199 273 3250 et
285 3202 329 3251 est
342 3191 373 3251 in
387 3200 461 3251 statu
475 3191 582 3269 gloria,
598 3193 645 3250 ubi
660 3193 783 3270 amplius
798 3193 871 3251 mori
886 3211 942 3251 uon
961 3192 1082 3270 potest.”

101 3288 193 3367 Resp.
215 3288 363 3347 Subtiliter
375 3287 491 3362 quidem
514 3299 543 3347 et
566 3289 715 3366 ingeniose
739 3290 787 3348 illa
814 3290 995 3348 ratiocinatio
1010 3301 1107 3348 contra
1135 3287 1265 3347 divinum

65 3387 237 3465 mysterium
251 3386 415 3462 composita
426 3398 480 3454 est,
495 3385 545 3444 sed
561 3386 644 3445 facile
658 3388 801 3445 evertitur.
843 3387 1007 3445 Pronomen
1031 3384 1084 3444 hoc
1097 3403 1156 3442 non
1169 3394 1266 3461 potest

64 3486 99 3546 ad
114 3504 217 3564 penem
231 3485 340 3552 referri,
354 3503 443 3558 quum
458 3486 585 3545 neutrius
599 3487 636 3545 sit
649 3483 1004 3564 generis-emro-pcm‘a
1017 3502 1084 3542 vero
1098 3485 1136 3542 sit
1149 3501 1260 3541 mascu·

63 3584 168 3643 lini-e
179 3599 259 3651 aanor
298 3579 409 3641 Iudicat
422 3581 507 3660 igitur
521 3582 598 3657 quod
611 3601 697 3642 manu
712 3582 825 3640 tenebat
838 3580 972 3639 Christus
987 3578 1190 3656 porrigendum
1205 3577 1263 3637 dis·

64 3682 178 3760 cipulis,
192 3682 315 3759 ejusque
338 3698 442 3739 seusus
456 3699 493 3740 ex
514 3681 624 3759 integra
644 3682 785 3739 senuntia
805 3678 954 3756 pendebat,
974 3690 1004 3737 et
1023 3677 1261 3756 suspendebatur,

67 3781 141 3841 adeo
152 3794 185 3841 ut
195 3782 319 3841 obscure
332 3789 363 3839 et
386 3781 542 3858 generatim
557 3799 617 3841 reus
631 3779 778 3847 indicaret,
793 3798 880 3853 quam
902 3777 1071 3854 explicatius
1093 3778 1179 3837 verba
1199 3796 1264 3852 quea

65 3879 254 3953 sequebantur
267 3877 456 3937 declarabant.
478 3877 610 3939 Prusens
625 3887 684 3936 erat
696 3877 855 3936 substantia
868 3876 960 3955 panis,
972 3874 1008 3934 ad
1019 3894 1105 3949 quam
1116 3876 1141 3933 si
1154 3875 1264 3952 placeat

65 3973 118 4035 hoc
130 3975 245 4044 referre,
260 3974 369 4035 ratione
384 3973 432 4033 illa
446 3974 541 4037 minus
556 3973 689 4033 distinete
709 3973 857 4033 reserenda
880 3972 1042 4032 necessario
1062 3982 1118 4040 cst,
1140 3972 1263 4046 ideoque

65 4070 181 4131 smum
193 4071 259 4133 aliis
272 4068 392 4148 adiectis
407 4071 587 4147 ejus-sensus
601 4070 797 4147 explicabatur
807 4079 836 4129 et
848 4069 1044 4135 definiebatur,
1058 4067 1129 4128 adeo
1138 4080 1169 4127 ut
1182 4067 1263 4138 illud,

67 4177 133 4228 tunc
145 4168 263 4243 quidem
279 4168 373 4247 panis,
385 4178 462 4227 esset
476 4186 581 4244 corpus
597 4167 717 4235 Christi,
730 4167 795 4243 ipso
809 4167 920 4226 dicente
932 4176 960 4224 et
974 4166 1104 4235 iaciente,
1114 4168 1186 4225 mira
1198 4166 1264 4225 sub·

63 4264 175 4325 senua
189 4264 272 4343 panis
292 4264 324 4325 ia
337 4263 524 4333 substantiam
539 4263 667 4341 corporis
689 4260 798 4322 Christi
820 4262 1018 4322 conversione.
1059 4260 1264 4322 Pradicotum

61 4361 265 4425 mammis
272 4372 317 4423 sst
323 4369 429 4440 corpus
438 4358 550 4421 Christi
557 4358 762 4438 simpliciteret
770 4359 976 4428 absolute,non
985 4358 1123 4438 proutdie
1132 4356 1263 4432 sequenti
1278 4385 1282 4390 ·

87 4580 134 4647 (1)
161 4576 277 4628 Fuerunt
301 4575 434 4628 nonssime
452 4574 517 4626 iuter
534 4572 708 4640 temperastis
728 4578 851 4639 patronos,
868 4571 895 4623 iu
911 4571 958 4623 hac
977 4568 1138 4636 mgimqqui
1154 4568 1192 4621 hc
1208 4584 1258 4638 pre

55 4667 114 4741 siuo
131 4664 160 4716 in
178 4656 695 4730 cadmean-mammertinus
