2774 5056
89 334 129 391 Sd
383 326 440 389 DE
460 327 659 391 BAPTlSMl
680 327 985 391 NECESSITATE.

93 507 158 564 que
172 505 224 565 per
237 487 412 547 Salvatorem
426 487 574 547 Christum
589 487 679 555 datur,
693 487 880 566 baptizandos
894 498 1009 567 negant,
1023 507 1057 547 ac
1072 487 1114 546 sic
1128 504 1180 545 eos
1192 480 1291 541 morti·

92 585 152 646 sera
163 584 220 643 ista
230 582 355 642 doctrina
368 583 398 642 in
412 592 548 644 eternum
562 582 708 643 necant.”¹

380 794 384 801 ,
488 778 688 823 ceraemoniis
708 754 892 821 souruurua.

139 924 204 978 142.
230 916 341 997 obj.1.
362 916 436 976 iilud
452 917 526 995 apud
541 917 683 977 Joannem
704 920 899 982 testimoninm
921 919 956 979 ad
980 910 1155 998 baptismum
1169 932 1231 974 non
1249 930 1294 971 re·

98 1020 193 1081 fertur.
236 1018 300 1076 “ln
314 1035 349 1074 eo
363 1016 529 1085 ieiiuntur,”
544 1016 637 1090 inquit
658 1017 807 1088 Calvinus,
831 1029 850 1058 ‘⁸
863 1019 939 1095 quod
959 1018 1095 1096 baptismi
1116 1014 1293 1074 mentionem
1317 1016 1337 1125 p

97 1115 161 1177 fieri
176 1113 309 1174 hocloco
324 1121 432 1189 putant,
448 1113 515 1186 quia
529 1133 609 1187 aquae
624 1133 729 1173 nornen
745 1116 872 1175 andiunt.
914 1117 1071 1189 Postquam
1093 1114 1170 1172 enim
1185 1122 1292 1169 nature
1325 1134 1337 1199 p

98 1211 308 1289 corruptionem
335 1209 496 1272 Nicodemo
521 1213 656 1288 exposuit
680 1212 825 1281 Christus,
841 1233 873 1271 ae
897 1214 1007 1272 renasci
1022 1222 1153 1289 oportere
1175 1207 1292 1267 docuit:
1325 1198 1337 1221 ⁶

98 1309 167 1383 qnia
180 1308 228 1366 iiie
244 1307 448 1365 renascentiam
462 1308 638 1413 oprporaiem
653 1303 821 1376 somniabat,
834 1308 951 1368 modum
966 1309 1013 1367 hic
1024 1307 1129 1366 indicat
1143 1324 1201 1378 quo
1215 1320 1294 1380 rege·

99 1418 179 1467 neret
193 1424 245 1464 nos
260 1405 351 1471 Deus,
367 1423 470 1481 nempe
485 1423 536 1481 per
550 1424 653 1480 aquam
668 1416 696 1464 et
717 1406 874 1483 Spiritum:
897 1408 979 1481 quasi
1000 1406 1117 1471 diceret,
1132 1423 1184 1481 per
1204 1400 1294 1479 Spiri-

98 1515 170 1573 tum,
186 1504 235 1578 qui
251 1500 396 1581 purgando
411 1514 439 1560 et
453 1501 595 1579 irrigando
606 1502 705 1561 fideles
721 1505 840 1573 animas,
853 1505 915 1563 vice
930 1523 1010 1578 aquae
1024 1504 1159 1580 iungitur.
1180 1502 1294 1573 Aquam

99 1621 169 1681 orgo
189 1611 217 1659 et
238 1601 376 1678 Spiritum
401 1599 569 1677 simpliciter
591 1601 700 1678 accipio
723 1621 774 1678 pro
797 1603 915 1679 Spiritu,
931 1603 981 1677 qui
1002 1620 1074 1675 aque
1094 1608 1147 1658 est.
1190 1598 1295 1671 Neque

99 1701 162 1759 haec
184 1716 259 1757 nova
272 1708 315 1754 est
335 1696 484 1769 loquutio:
507 1715 623 1773 prorsus
638 1699 715 1755 enim
730 1716 796 1757 ourn
808 1698 856 1756 iiia
876 1718 939 1773 qnae
955 1699 1041 1769 tertio,
1058 1695 1188 1754 Matthaei
1202 1692 1295 1770 eapite

99 1790 219 1853 hibetur
233 1780 382 1851 convenit:
407 1791 485 1858 ‘Qui
498 1793 626 1865 seqnitur
639 1811 696 1861 me,
711 1791 761 1851 iiie
776 1794 879 1867 estqui
890 1794 1014 1870 baptizat
1028 1794 1056 1851 in
1068 1792 1177 1868 Spiritu
1189 1789 1295 1847 Sancto

100 1903 130 1950 et
143 1887 224 1968 igni’
266 1886 514 1956 Quemadmodum
530 1908 598 1966 ergo
610 1890 719 1967 Spiritu
735 1891 841 1949 Sancto
855 1902 883 1948 et
898 1892 956 1968 igni
971 1890 1125 1967 baptizare,
1147 1897 1192 1945 est
1205 1885 1296 1964 Spiri-

101 1997 161 2046 tum
188 1986 323 2048 Sanctum
347 1984 485 2053 conferre,
500 1986 550 2059 qui
575 1986 604 2044 in
627 1989 840 2064 regeneratione
861 1988 935 2065 ignis
958 1987 1086 2046 officium
1110 1996 1296 2057 naturamque

100 2085 203 2144 habete
225 2078 267 2141 ita'
278 2082 387 2140 renasci
401 2100 475 2155 aque
488 2091 517 2140 et
530 2083 639 2158 Spiritu
654 2085 724 2142 nihii
739 2083 814 2142 aiiud
829 2093 881 2152 est,
897 2103 983 2158 quarn
999 2084 1057 2143 vim
1071 2082 1148 2142 iiiam
1170 2080 1296 2159 Spiritus

100 2180 238 2256 recipere,
253 2196 316 2251 quae
332 2177 361 2235 in
376 2177 471 2235 anima
484 2177 550 2236 iacit
564 2178 640 2251 quod
654 2199 728 2255 aqua
740 2181 771 2238 in
784 2181 949 2258 corpore.''⁸
1237 2246 1245 2261 ,

141 2275 230 2367 Repp.
253 2273 327 2333 Haec
340 2274 489 2351 ingeniose
510 2272 653 2342 dicuntur,
668 2276 719 2334 sed
734 2286 831 2336 contre
845 2277 960 2337 obvium
976 2286 1070 2335 textus
1089 2295 1217 2343 sensum,
1230 2292 1297 2334 nam

101 2392 136 2433 ea
149 2371 265 2452 protulit
279 2369 424 2438 Christus,
440 2371 587 2448 explicans
602 2372 764 2433 Nicoderno
780 2372 925 2448 quomodo
945 2375 1056 2433 renasci
1066 2382 1233 2450 ·oporteret;
1255 2372 1298 2430 in·

101 2479 290 2548 terrogaverat
304 2468 414 2527 sciiicet
426 2467 494 2527 hic:
517 2479 536 2507 “
549 2470 701 2538 Quomodo
716 2482 810 2549 potest
824 2472 911 2531 homo
923 2472 1012 2540 nasci,
1025 2491 1090 2530 rurn
1104 2472 1142 2530 sit
1155 2469 1301 2529 senext”·

102 2568 198 2626 Locus
219 2565 306 2644 igitur
319 2582 377 2621 non
392 2576 451 2622 erat
464 2566 572 2642 figurae,
597 2567 653 2624 nisi
668 2586 731 2641 quae
753 2587 790 2625 ex
804 2570 950 2627 communi
972 2587 1026 2626 usu
1041 2568 1084 2625 vei
1105 2587 1142 2624 ex
1156 2568 1298 2626 sermonis

104 2670 239 2721 contextu
253 2658 371 2717 omnino
385 2670 501 2735 pateret.
544 2662 686 2720 Preterea
700 2663 724 2720 si
739 2664 865 2741 Spiritus
880 2664 999 2723 effeetus
1014 2663 1206 2742 designandus
1215 2665 1299 2733 soret,

104 2759 228 2836 Spiritus
266 2754 345 2831 prius
372 2755 574 2824 nominaretur,
603 2757 677 2816 sicut
704 2760 817 2833 quando
843 2761 967 2837 Spiritus
994 2771 1023 2818 et
1049 2761 1124 2837 ignis
1148 2760 1300 2819 nominan-

104 2868 166 2914 tur:
182 2871 235 2910 nec
250 2869 323 2923 aque
335 2849 420 2908 ueluti
432 2869 477 2909 res
491 2853 620 2927 quaedam
632 2857 775 2934 praeoipua
789 2857 913 2934 priorem
925 2869 1076 2934 occuparet
1089 2857 1195 2915 locum.
1218 2857 1302 2917 Licet

103 2954 190 3032 igitur
203 2948 319 3008 (turini
333 2948 424 3026 ipsius
439 2951 543 3018 verbis,
561 2951 616 3011 aiio
637 2973 754 3031 prorsus
768 2956 890 3014 oonsilio
911 2954 1039 3033 prolatis,
1055 2955 1159 3013 iurem
1173 2966 1301 3016 nostram

104 3049 164 3109 uti:
187 3056 208 3085 “
220 3045 288 3105 Non
303 3045 379 3103 enirn
394 3064 447 3104 nos
462 3064 498 3104 ex
513 3047 621 3125 Spiritu
633 3061 661 3108 et
675 3069 757 3124 aqna,
772 3051 822 3110 sed
837 3071 873 3110 ex
885 3071 958 3125 aqua
972 3063 1000 3110 et
1012 3052 1118 3131 Spiritu
1131 3070 1301 3130 rcgeneran·
1333 3090 1337 3099 ·

106 3148 158 3206 dos
173 3146 256 3205 docet
269 3141 451 3205 Christus.’'⁴
490 3146 573 3220 Aqua
587 3146 687 3206 meritd
702 3150 794 3226 primo
809 3150 839 3208 in
850 3145 916 3208 io'eo
929 3151 1053 3228 ponitur,
1068 3170 1103 3208 eo
1118 3151 1195 3224 quod
1209 3170 1256 3210 res
1265 3152 1303 3209 sit

105 3245 292 3312 Sacramenti,
307 3243 354 3300 eui
378 3240 502 3318 Spiritus
527 3243 699 3322 adjungitur,
713 3247 766 3319 qui
789 3247 920 3306 virtutem
946 3266 1027 3305 suem
1049 3265 1129 3320 equae
1150 3247 1302 3325 adjiciens,

106 3342 173 3402 fecit
186 3350 218 3400 ut
230 3340 362 3400 homines
377 3337 471 3398 denuo
485 3354 645 3403 nascantur.
737 3400 739 3403 .

148 3442 215 3497 143.
241 3435 307 3516 obj.
322 3441 353 3494 2.
374 3435 441 3493 Etsi
454 3434 490 3492 ad
503 3437 675 3514 baptismum
690 3439 738 3497 iiia
753 3439 960 3514 Christi-rerba
974 3439 1137 3505 referantur,
1151 3459 1208 3499 non
1222 3442 1303 3499 abso·

105 3538 194 3597 lutam
208 3535 406 3595 necessitatem
422 3535 551 3611 probant,
567 3537 697 3609 quamvis
712 3539 788 3596 enirn
804 3557 877 3611 aqna
893 3537 1114 3615 regenerationis
1129 3539 1245 3615 signum
1258 3539 1305 3598 ad·

106 3635 231 3694 hibenda
243 3635 290 3702 sit,
302 3644 396 3691 temen
411 3632 474 3721 ipsa
487 3636 672 3711 regeneratio,
685 3655 748 3709 quae
762 3638 794 3694 fit
808 3637 905 3695 divino
918 3636 1036 3712 Spiritu,
1052 3637 1198 3696 hominem
1216 3658 1306 3716 regno

106 3733 242 3793 idoneum
257 3730 353 3788 efficit.
396 3730 549 3790 “Omissis
565 3734 707 3802 cavillis,''
720 3735 812 3810 inquit
828 3734 977 3802 Caluinus,
1002 3743 1021 3770 ‘⁴
1032 3734 1154 3792 tenenda
1176 3737 1305 3812 simplex

109 3840 152 3888 est
165 3828 359 3904 interpretatio
373 3845 459 3900 quam
473 3829 561 3898 attuli,
578 3833 732 3900 neminem,
748 3832 840 3891 donee
861 3843 1012 3890 renovatus
1034 3832 1118 3889 fuerit
1131 3852 1207 3906 aqua
1230 3835 1305 3902 viva,

108 3928 164 3987 hoc
178 3935 232 3994 est,
248 3924 367 4003 Spiritu,
379 3942 466 4002 posse
480 3925 590 4003 ingredi
604 3929 633 3987 in
648 3949 766 4007 regnum
783 3928 887 3987 Dei.''³

144 4123 186 4190 (l)
205 4120 286 4186 Epist.
296 4120 413 4185 synodice
424 4120 455 4170 ad
467 4120 543 4172 innoc
554 4122 573 4172 Ι.
584 4139 640 4188 que
649 4123 712 4174 inter
724 4123 917 4188 negmtinienas
928 4126 1008 4175 clxxv.
1020 4124 1081 4175 elias
1092 4124 1126 4174 ix.
1143 4122 1210 4176 Vide
1229 4125 1309 4179 Cotto

107 4207 217 4261 Milevit:
235 4205 320 4255 eodem
331 4220 404 4255 anno.

143 4296 185 4360 (2)
205 4292 283 4342 instit.
295 4293 311 4341 i.
321 4293 353 4342 iv.
365 4308 387 4341 c.
398 4290 448 4341 xvi.
464 4307 490 4343 n.
508 4295 548 4341 25.

143 4380 185 4446 (3)
204 4377 277 4427 Joan.
289 4376 359 4427 titt.

143 4468 185 4534 (4)
204 4465 283 4524 Instit,
295 4465 312 4514 l.
321 4465 353 4515 iv.
365 4479 386 4513 c.
397 4463 448 4513 xvi.
458 4477 484 4512 n.
495 4465 537 4512 tt,

143 4554 185 4621 (5)
204 4551 298 4602 Ibidem
308 4566 333 4600 n.
345 4552 386 4598 2&
