2774 5056
40 4734 65 4770 Ι

68 254 129 316 284
334 252 392 317 DE
412 255 635 319 sscmulcu
656 253 996 319 undenariorum

553 802 695 864 CAPUT
715 801 770 862 111.

292 1044 348 1097 DE
376 1039 642 1095 sncnlrlcn
670 1039 1046 1093 GELBBBATIONE.

111 1258 160 1316 93.
181 1256 361 1317 Sacrificium
375 1256 594 1319 eucharisticum
610 1252 702 1334 primd
714 1275 731 1313 a
741 1253 858 1315 Christo
869 1255 1005 1322 oblatum,
1017 1253 1112 1314 adhuc
1126 1273 1182 1314 suo
1192 1272 1267 1312 man·

72 1351 149 1422 dato,
164 1357 339 1424 auctoritate,
353 1366 383 1415 et
395 1357 512 1416 nomine
535 1353 633 1413 offerri
647 1363 768 1419 constat,
790 1363 963 1430 quapropter
983 1353 1086 1412 merito
1101 1351 1268 1430 predicatur

72 1454 175 1512 unicus
190 1472 272 1512 uovoe
286 1453 359 1532 legis
380 1453 524 1522 sacerdos,
539 1452 590 1527 qui
610 1471 664 1510 sno
677 1452 706 1510 in
727 1470 821 1510 terum
835 1451 962 1530 iungitur
974 1450 1148 1520 sacerdotio,
1169 1469 1269 1510 secun·

72 1548 140 1610 dum
155 1550 285 1610 ordinem
300 1549 543 1609 Melchisedech.¹
583 1547 707 1608 Pulchre
720 1546 948 1624 chrysostomus
962 1548 1020 1606 ait:
1044 1557 1065 1585 ‘⁴
1080 1547 1123 1606 Et
1136 1546 1271 1607 nuncille

71 1657 177 1725 praesto
190 1657 235 1705 est
249 1646 395 1716 Christus,
410 1646 460 1721 qui
481 1645 558 1706 illam
583 1645 695 1704 ornavit
710 1663 850 1713 mensam,
865 1645 927 1722 ipse
941 1646 1025 1704 istam
1039 1662 1159 1719 quoque
1172 1662 1271 1703 conse·

72 1755 141 1803 crat.
183 1744 253 1804 Non
268 1746 345 1805 enim
360 1746 448 1805 homo
462 1755 507 1804 est
525 1746 576 1819 qui
590 1743 738 1823 proposita
751 1742 786 1802 de
797 1744 1010 1803 consecratione
1025 1761 1139 1803 mensae
1151 1742 1272 1802 Domini

26 1832 32 1837 ’
72 1861 177 1920 corpus
200 1843 312 1902 Christi
325 1845 393 1903 lacit
412 1855 442 1903 et
461 1844 653 1922 sanguinem:
675 1841 726 1901 sed
747 1842 795 1902 illc
816 1842 865 1917 qui
879 1842 1034 1901 crucifixus
1055 1860 1110 1920 pro
1132 1841 1217 1901 nobis
1231 1851 1274 1900 est

20 1972 31 1993 ·
72 1938 218 2000 Christus.
261 1941 425 2002 Sacerdotis
439 1961 489 2002 ore
503 1942 589 2001 verba
601 1940 793 2020 proferuntur,
813 1951 844 1999 et
856 1940 913 1999 Dei
933 1940 1035 1999 virtute
1057 1949 1272 2008 consecrantur,

71 2048 101 2098 et
110 2040 211 2117 gratia.
253 2040 321 2101 Hoc
333 2051 389 2108 est,
401 2042 450 2108 ait,
464 2059 570 2119 corpus
584 2059 703 2098 meum:
724 2039 781 2098 hoc
796 2040 882 2097 verbo
896 2039 1045 2117 proposita
1057 2049 1271 2098 consecrantur.

71 2136 113 2196 Et
125 2138 200 2197 sicut
213 2138 262 2198 illa
276 2158 333 2198 vox
348 2159 412 2214 qum
427 2139 517 2199 dixit:
540 2138 681 2205 Crescite,
696 2147 724 2196 et
739 2136 979 2214 multiplicamini,
993 2147 1022 2196 et
1032 2137 1144 2213 replete
1158 2147 1271 2204 terram,

71 2233 162 2293 semel
171 2235 287 2308 quidem
302 2235 377 2294 dicta
390 2246 445 2303 est,
460 2234 510 2294 sed
525 2234 605 2294 omni
619 2244 747 2310 ternpore
756 2233 842 2291 sentit
852 2232 996 2304 effectum,
1010 2231 1045 2291 ad
1056 2231 1272 2310 generationem

70 2345 207 2411 operante
232 2345 348 2394 natura:
371 2335 410 2393 ita
429 2344 459 2393 ct
471 2352 529 2393 vox
549 2333 597 2392 illa
617 2330 708 2392 semel
729 2328 845 2405 quidem
866 2332 941 2390 dicta
961 2341 1015 2400 est,
1030 2330 1082 2389 sed
1097 2350 1151 2409 per
1171 2349 1272 2391 omnes

72 2444 186 2491 menas
200 2433 353 2503 Ecclesia,
368 2452 461 2508 usquc
485 2431 521 2492 ad
541 2431 709 2492 hodiernam
724 2429 800 2489 diem
821 2439 851 2489 et
863 2449 956 2504 usque
971 2429 1005 2489 ad
1021 2430 1085 2508 ejus
1107 2428 1272 2498 adveutum,

71 2539 185 2606 praestat
196 2531 336 2589 sacrificio
351 2529 561 2589 firmitatem.”⁹

112 2630 162 2685 94.
184 2628 308 2686 Constat
322 2628 470 2686 Christum
481 2627 637 2704 Apostolos
652 2626 833 2685 constituisse
848 2625 1020 2692 sacerdotes,
1034 2625 1084 2698 qni
1099 2625 1272 2684 sacrificium

72 2744 125 2782 suo
139 2726 255 2783 nomine
269 2726 413 2794 offerrent,
428 2735 512 2801 prout
525 2746 542 2782 a
553 2726 678 2802 patribus
689 2723 866 2782 Tridentinis
881 2714 1030 2781 definitum
1044 2734 1107 2780 est:
1132 2733 1151 2758 “
1166 2723 1271 2796 Siquis

72 2822 176 2882 dixerit
189 2822 245 2879 illis
260 2822 371 2879 verbis:
394 2821 460 2880 Hoc
474 2821 556 2880 facite
571 2824 599 2881 in
614 2842 707 2881 meam
722 2823 1033 2888 commemorationem,
1048 2821 1200 2879 Christum
1217 2839 1271 2879 non

72 2919 240 2986 instituisse,
257 2920 410 2996 Apostolos
426 2919 597 2988 sacerdotes,
613 2932 733 2978 autnon
752 2920 909 2988 ordinasse,
924 2929 955 2977 ut
969 2919 1036 2997 ipsi,
1051 2919 1159 2992 aliique
1175 2920 1272 2976 Sacer·

73 3016 153 3075 dotes
168 3016 302 3075 offerrent
315 3036 418 3093 corpus
433 3029 462 3075 et
475 3020 643 3093 sanguinem
659 3037 761 3086 suum;
784 3018 934 3075 anathema
949 3017 1028 3075 sit.'’³
1068 3016 1102 3074 ld
1113 3017 1189 3093 jam,
1205 3017 1270 3074 dum

73 3113 108 3171 de
123 3113 263 3172 sacrificio
283 3125 422 3191 ageretur,
444 3114 649 3191 probavimus:
671 3134 760 3187 quum
782 3115 858 3173 enim
875 3114 1010 3172 Christus
1032 3134 1099 3174 vere
1122 3137 1154 3175 se
1176 3121 1269 3196 ipsum

73 3212 194 3270 hostiam
210 3213 420 3289 propitiationis
435 3212 593 3280 obtulerit,⁴
607 3213 735 3291 ipsisque
763 3223 794 3270 ut
814 3212 939 3271 lacerent
953 3212 1030 3286 quod
1051 3215 1158 3274 lecerat
1182 3219 1273 3295 jusse-

107 3407 147 3471 (1)
164 3405 237 3456 “His
248 3405 459 3456 Melchisedeclrial
476 3421 503 3455 or
514 3405 605 3455 eternal
621 3403 772 3462 Priesthood,
778 3404 863 3469 joined
873 3404 934 3453 with
952 3404 1085 3472 Kingship,
1096 3424 1149 3456 wus
1160 3423 1271 3458 eonsum-

71 3494 150 3543 muted
162 3495 188 3544 iu
197 3494 244 3544 His
252 3495 410 3544 resurrcction
419 3512 426 3552 ς
438 3494 485 3543 und
495 3495 516 3543 is
525 3510 581 3543 now
591 3492 723 3542 continued
731 3493 757 3541 ln
766 3492 814 3541 His
821 3493 912 3542 service
920 3492 947 3541 in
954 3485 995 3543 the
1004 3493 1125 3559 heovenly
1134 3505 1272 3560 sanctuary.

70 3581 100 3630 ln
111 3579 193 3629 which
204 3580 323 3645 heavenly
333 3588 462 3644 sanctucry
472 3578 513 3628 He
525 3579 674 3644 perpetuully
687 3577 757 3627 offers
775 3576 822 3627 His
834 3578 911 3627 Blood
923 3579 971 3628 and
984 3579 1086 3629 Pession
1099 3589 1124 3629 to
1137 3581 1209 3643 God3
1226 3581 1271 3631 und

71 3684 97 3716 as
109 3666 170 3715 Mon
182 3670 265 3717 makes
275 3668 397 3731 perpetual
405 3683 502 3731 prayers
512 3666 559 3716 ond
572 3666 742 3716 intercessions
752 3665 788 3714 lor
800 3681 830 3714 us
847 3700 853 3713 .
870 3699 877 3714 .
895 3699 901 3713 .
918 3666 955 3714 As
967 3667 1018 3715 also
1030 3667 1070 3715 He
1078 3667 1139 3717 hath
1148 3668 1271 3720 instituted

71 3751 113 3801 the
124 3766 191 3800 some
202 3752 307 3800 oblation
319 3752 347 3799 ol
354 3751 393 3801 his
405 3751 472 3814 Holy
484 3751 555 3815 Body
568 3750 616 3800 und
629 3750 713 3809 Blood‚
732 3750 781 3799 oud
793 3751 1009 3800 commemoration
1023 3753 1051 3800 of
1065 3752 1113 3801 His
1126 3753 1237 3813 Pession,
1247 3761 1269 3803 to

71 3840 101 3886 be
113 3835 183 3885 mode
194 3837 220 3885 in
231 3837 273 3886 the
290 3837 357 3901 Holy
369 3837 500 3886 Eucharist
511 3844 536 3887 to
554 3836 609 3884 Gon
629 3836 670 3884 the
681 3835 791 3884 annnn
804 3837 836 3899 by
847 3836 886 3887 his
902 3836 1024 3885 ministers
1034 3836 1093 3886 here
1110 3854 1144 3887 on
1155 3839 1270 3898 earth,ior

71 3925 113 3975 the
123 3939 189 3974 same
201 3925 268 3983 ends,
277 3925 323 3974 niz.
335 3925 376 3974 the
385 3924 532 3988 application
544 3924 572 3972 of
580 3924 612 3971 all
629 3922 670 3972 the
680 3924 782 3972 benolits
799 3923 827 3972 of
843 3922 891 3971 His
903 3925 953 3972 sole
965 3924 1118 3974 meritorious
1135 3927 1210 3977 death
1226 3925 1269 3975 and

71 4010 178 4062 sacrifice
189 4026 222 4060 on
233 4011 274 4060 the
284 4010 366 4071 (huss,
378 4011 414 4060 till
426 4010 474 4059 His
485 4009 575 4059 second
586 4016 669 4058 return
678 4018 721 4059 out
732 4011 760 4058 of
768 4010 816 4059 this
827 4009 947 4073 heaveuly
958 4010 1115 4076 sanctuary.'’
1140 4012 1203 4074 Feli,
1214 4012 1270 4078 epis·

70 4113 146 4164 copus
155 4097 317 4171 huglicenus,
326 4094 487 4164 Puraplrrase
497 4095 552 4146 und
557 4094 735 4155 Annotctiom,
746 4112 780 4145 on
797 4096 861 4145 Heb.
872 4112 895 4145 v.
908 4096 947 4144 10.
959 4096 1024 4162 apud
1037 4097 1196 4150 Oxonieusss
1215 4108 1271 4151 trin

72 4188 112 4252 ⁸1⁴·
123 4200 147 4250 p.
159 4185 217 4233 206.

106 4271 146 4336 (2)
164 4269 240 4320 Hom.
252 4268 282 4317 de
291 4266 427 4332 proditione
437 4267 507 4318 June
519 4275 537 4317 t.
547 4267 582 4318 tin
594 4283 618 4332 p.
629 4267 687 4317 344.
698 4265 755 4316 odit.
767 4265 836 4315 Puris
849 4267 923 4314 1687.

106 4356 149 4425 (3)
168 4356 234 4406 Sese.
245 4355 306 4405 xxi'n
318 4354 382 4404 Con.
392 4354 418 4404 ii.

108 4445 151 4510 (4)
168 4443 203 4492 “I
214 4443 270 4492 talne
279 4442 299 4491 it
314 4441 351 4490 sor
362 4440 462 4502 granted
470 4441 524 4491 that
534 4439 608 4490 when
619 4454 665 4488 our
675 4437 800 4488 Smonn
813 4455 876 4502 says,
888 4438 966 4488 ‘This
978 4438 999 4487 is
1009 4454 1053 4503 my
1064 4439 1129 4504 body
1142 4440 1231 4503 giren?
1241 4442 1273 4507 by

71 4529 167 4593 ‘given’
178 4529 211 4580 hs
219 4544 304 4578 means
315 4525 426 4576 ‘offered’
438 4543 466 4577 or
476 4525 599 4576 sacrificed
611 4533 637 4576 to
647 4524 711 4574 God.
744 4524 808 4574 This
819 4525 840 4574 is
852 4526 945 4588 athing
953 4541 1012 4590 very
1024 4527 1093 4590 plain
1104 4527 1131 4577 in
1143 4527 1215 4588 itsell,
1227 4528 1274 4578 and

73 4615 102 4675 is,
111 4629 169 4680 noy,
179 4621 246 4664 must
268 4615 305 4673 be,
318 4612 507 4675 scknowledged
522 4614 555 4676 by
566 4612 613 4671 ull,
630 4610 703 4660 when
720 4610 752 4661 he
769 4610 821 4661 said
839 4610 930 4673 ‘Tulin
947 4610 1001 4671 eat,’
1013 4610 1056 4662 Hs
1067 4629 1130 4675 gave
1142 4614 1191 4665 His
1199 4631 1276 4666 sacru
