2774 5056
322 300 379 362 os
399 301 707 364 tnsrtrurroun
726 287 1040 365 annuantsmnt.
1203 306 1262 365 ras
1335 394 1340 404 Ι

60 459 218 530 sumentis,
233 469 263 520 et
276 459 414 521 dicentis:
438 471 458 500 ‘⁸
471 461 538 522 Hoc
551 472 596 521 est
609 481 712 540 corpus
727 481 823 522 meum
834 461 866 531 ;”
880 462 1032 540 singularis
1046 480 1162 540 prorsus
1176 472 1230 532 est,
1244 483 1262 521 a

60 564 192 615 veterum
207 566 237 615 et
246 559 436 617 recentiorum
444 557 463 617 J
465 558 610 617 udacorum
621 559 721 617 ritibus
732 569 762 617 et
773 559 979 631 consuetudine
988 569 1050 618 toto
1059 559 1132 619 coelo
1143 558 1261 620 distans.

101 655 153 712 te.
178 650 246 733 obj.
265 657 313 713 13.
335 656 431 723 Quum
448 654 582 714 Christus
597 673 703 714 mensu
715 657 905 725 accumberet,
917 657 1050 734 Apostoli
1061 676 1119 716 non
1133 666 1264 734 poterant

60 750 150 809 verbo
162 752 227 829 ejus
242 752 280 810 ita
294 754 435 830 accipere,
448 762 481 811 ut
494 754 624 813 manibus
638 754 724 813 serrat
735 773 840 831 corpus
852 774 948 824 suum,
960 765 990 814 et
1002 754 1219 816 manducaretur
1227 756 1262 814 ab

60 848 148 925 ipsis,
164 849 247 908 vivus
262 850 390 924 alioquin
404 863 433 910 et
443 852 563 928 integer.

102 944 197 1026 lietp.¹
217 949 367 1008 Noverunt
388 950 521 1026 Apostoli
536 949 686 1009 Christum
710 949 804 1028 palam
827 950 986 1029 pollicitum
1009 970 1074 1011 esse
1095 970 1127 1010 se
1148 962 1262 1011 carnem

62 1060 147 1102 suam
171 1043 398 1103 manducandam
426 1045 574 1104 daturum:
607 1045 756 1105 audiemnt
780 1065 847 1106 eum
873 1046 1060 1106 affirmantem
1086 1046 1157 1105 illud
1185 1047 1263 1120 quod

62 1139 198 1199 manibus
213 1142 326 1200 tenebat
339 1161 405 1201 esse
420 1161 524 1220 corpus
539 1161 634 1202 snum.
669 1143 702 1202 Id
716 1145 802 1222 igitur
814 1144 917 1203 humili
931 1145 1035 1202 mentis
1061 1143 1200 1217 obsequio
1214 1162 1264 1202 ex·

61 1241 161 1316 cipere
175 1238 343 1299 debuerunt.
385 1240 529 1300 Oaeterum
543 1260 633 1315 quum
648 1243 702 1301 hoc
717 1243 797 1301 fieret
809 1243 840 1301 in
854 1244 1003 1320 mysterio,
1018 1262 1120 1301 arcano
1136 1241 1259 1316 quodam

62 1335 169 1395 divina
180 1340 331 1414 potestatis
342 1339 473 1406 consilio,
483 1358 541 1399 non
552 1341 699 1416 oportebat
709 1339 738 1399 id
748 1339 873 1399 humano
882 1359 969 1399 sensu
981 1341 1109 1420 scrutari,
1118 1338 1263 1413 quomodo

62 1434 117 1507 qui
128 1435 250 1493 naturali
262 1434 427 1495 conditione
451 1455 558 1494 mensae
574 1437 767 1504 accumbebat,
783 1437 843 1494 suis
867 1437 930 1514 ipse
950 1437 1106 1496 deferretur
1120 1436 1262 1502 manibus,

63 1531 118 1589 sub
134 1531 199 1589 valo
213 1533 394 1596 sacramenti,-
408 1542 437 1590 et
450 1533 489 1590 ita
502 1533 609 1606 absque
624 1533 683 1591 ullo
697 1534 742 1591 sui
764 1532 932 1592 detrimento
947 1534 977 1592 in
990 1535 1088 1592 cibum
1103 1533 1206 1591 animae
1220 1550 1263 1590 re·

62 1628 219 1704 ciperetur.
253 1629 360 1687 Divina
374 1628 435 1688 hacc
448 1642 516 1689 sunt
528 1649 616 1706 opera
629 1649 692 1703 quae
707 1631 803 1688 mirari
817 1640 845 1688 et
859 1630 974 1689 adorare
988 1640 1110 1708 oportet.
1144 1629 1190 1689 Ad
1203 1647 1265 1688 rem

63 1726 248 1801 Augustinus
262 1725 292 1783 in
306 1724 454 1785 Psalmurn
470 1727 647 1804 trigesimum
669 1727 782 1786 tertium
796 1727 941 1786 scribens:
966 1737 984 1764 ‘¹
997 1725 1042 1786 Et
1055 1725 1213 1808 ferebatur
1231 1726 1266 1786 in
1343 1744 1346 1750 ·

62 1821 208 1881 mortibus
221 1823 297 1882 stris.
340 1823 407 1882 Hoc
420 1843 498 1893 vero,
513 1825 622 1894 fratres,
638 1825 783 1898 quomodo
804 1834 903 1902 posset
921 1826 983 1884 ficri
1004 1827 1033 1884 iu
1056 1826 1184 1893 homine,
1200 1826 1264 1899 quis

62 1919 226 1998 intelligat?
254 1921 328 1988 Quis
342 1922 419 1980 enirn
434 1933 559 1998 portatur
573 1922 602 1980 in
617 1923 747 1981 manibus
763 1923 823 1980 suis
835 1923 1010 2000 lpMsnibus
1026 1923 1145 1981 aliorum
1160 1922 1265 2000 portari

63 2026 163 2093 potest
175 2015 275 2085 homo,
290 2018 421 2076 manibus
436 2019 495 2076 suis
512 2036 597 2076 nemo
611 2029 746 2095 portatur.
789 2017 942 2085 Quomodo
956 2017 1127 2096 intelligatur
1148 2019 1178 2076 in
1200 2019 1265 2095 ipso

64 2111 162 2171 David
186 2113 344 2172 secundum
369 2113 479 2172 literam
504 2134 563 2173 non
587 2115 768 2183 invenimus;
790 2115 820 2173 in
842 2115 957 2174 Christo
979 2126 1071 2173 autern
1091 2115 1264 2174 invenimus.

64 2209 224 2269 Ferebatur
246 2210 323 2270 enim
347 2211 480 2270 Christus
503 2213 533 2271 in
556 2213 687 2271 manibus
712 2213 783 2279 suis,
800 2210 913 2285 quando
938 2211 1143 2271 commendans
1168 2213 1264 2289 ipsum

63 2325 172 2386 corpus
193 2327 290 2377 suunt,
302 2311 358 2368 nit:
382 2310 456 2369 ‘hoc
471 2320 515 2368 est
535 2330 638 2387 corpus
660 2328 757 2369 meum
768 2309 787 2367 τ’
810 2308 916 2368 ferebat
929 2309 1006 2367 enim
1020 2309 1097 2377 illud¹
1111 2329 1214 2386 corpus
1234 2311 1265 2370 in

64 2405 199 2464 manibus
214 2406 285 2466 suis.
327 2407 396 2483 Ipsa
408 2417 453 2465 est
466 2408 627 2467 humanitas
642 2406 761 2466 Domini
776 2406 865 2464 nostri
879 2405 897 2464 J
899 2424 951 2464 esu
965 2405 1095 2472 Christi3
1116 2407 1179 2483 ipsa
1193 2407 1266 2467 mul·

65 2513 128 2560 tum
139 2503 356 2563 commendatur
369 2503 582 2562 hominibus.''1

106 2603 158 2662 71.
183 2599 250 2679 obj.
265 2605 311 2660 14.
334 2600 540 2669 Tertullianus,
557 2611 653 2660 contra
678 2600 856 2659 Marcionem
877 2598 1036 2676 disputans,
1052 2600 1101 2673 qui
1116 2598 1265 2661 Christum

64 2720 178 2763 meram
191 2712 338 2761 externam
354 2703 482 2779 speciem
496 2701 624 2776 corporis
639 2699 758 2758 humani
769 2699 903 2759 habuisse
918 2699 1039 2768 dicebat,
1051 2686 1083 2758 'ct
1097 2720 1113 2757 a
1128 2699 1265 2764 creatore

63 2816 163 2861 rernm
178 2819 242 2859 esse
264 2800 400 2867 alienum,
416 2799 563 2856 veritatem
589 2807 742 2874 assumptae
763 2807 880 2865 uaturae,
897 2807 926 2856 et
946 2815 1012 2855 eum
1033 2815 1098 2855 essc
1119 2797 1266 2856 Creatoris

26 2857 37 2961 l
64 2897 177 2957 Filium
202 2895 338 2956 vindicat.
380 2894 444 2954 Hac
466 2914 503 2953 ex
528 2895 679 2953 occasione
708 2892 795 2951 dicit:
819 2893 908 2952 “Sed
932 2893 979 2952 ille
999 2913 1090 2968 usque
1115 2914 1190 2953 nuno
1213 2912 1268 2952 nec

10 2968 46 3071 'a
65 3014 172 3071 squam
186 2995 318 3073 reprobat
332 2993 477 3051 creatoris
500 3033 633 3051 .....
648 3010 701 3049 nec
717 3009 822 3080 panem
835 2992 865 3050 in
880 3011 937 3065 quo
953 2993 1048 3069 ipsum
1063 3011 1167 3069 corpus
1183 3011 1267 3051 suum
1302 2843 1350 3091 Β

10 3072 23 3088 ³
64 3093 296 3172 repraesentat.'”¹
335 3093 414 3153 Alias
428 3091 463 3150 de
480 3092 559 3168 ligno
573 3090 666 3149 crucis
681 3091 738 3147 ait:
762 3098 782 3126 ‘⁶
796 3089 862 3149 Hoc
876 3090 985 3168 lignum
999 3103 1028 3148 et
1042 3091 1204 3169 Hieremias
1218 3091 1268 3149 tibi

64 3193 195 3252 insinuat
214 3191 332 3250 dicturis
356 3189 514 3268 praedicans
528 3186 657 3247 Judaeis:
680 3187 814 3297 ‘placita
830 3189 974 3245 mittamus
994 3187 1104 3275 lignum
1119 3189 1149 3244 in
1164 3206 1267 3263 panem

68 3289 155 3369 ejus,’
169 3290 266 3364 utique
280 3289 311 3346 in
325 3306 440 3364 corpus.
483 3285 533 3342 Sic
547 3286 624 3343 enim
637 3284 718 3342 Deus
732 3285 762 3342 in
777 3285 937 3361 Evangelio
951 3302 1066 3357 quoque
1080 3298 1174 3342 vestro
1189 3303 1268 3342 reve·

67 3387 146 3455 lesit,
162 3403 265 3462 panem
280 3402 384 3460 corpus
399 3400 483 3441 suum
498 3380 656 3458 appellans,
671 3391 703 3438 ut
723 3391 752 3437 et
772 3379 909 3456 hincjam
925 3397 991 3437 eum
1007 3379 1147 3454 intelligas
1168 3397 1267 3454 corpo-

70 3486 109 3544 ris
123 3485 169 3543 sui
189 3484 308 3561 figuram
322 3481 390 3558 pani
404 3480 528 3546 dedisse,
544 3479 626 3555 cujus
641 3489 715 3536 retro
735 3495 838 3553 eorpus
859 3476 889 3533 in
904 3484 1010 3551 partem
1026 3476 1267 3552 prophetesfigu·

71 3583 151 3651 ravit,
164 3583 229 3659 ipso
250 3579 379 3640 Domino
393 3576 449 3636 hoc
463 3578 678 3634 Sacramentum
693 3583 793 3650 postea
815 3570 1079 3648 interpretaturo.”8
1119 3572 1159 3629 Et
1173 3570 1265 3630 alitis:

72 3680 257 3757 “Acceptum
272 3695 377 3756 panem
398 3686 427 3734 et
449 3674 630 3733 distributum
655 3670 814 3747 discipulis,
835 3688 939 3746 corpus
964 3686 1049 3727 sunm
1071 3668 1152 3729 illum
1180 3669 1265 3728 fecit:

76 3776 159 3837 ‘Hoc
178 3787 223 3837 ost
248 3795 354 3854 corpus
375 3772 493 3841 meum,’
510 3771 641 3838 dicendo,
668 3769 696 3828 id
719 3779 763 3827 est
783 3769 874 3845 figura
898 3769 1026 3847 corporis
1051 3769 1119 3826 mei.
1161 3769 1267 3846 Figura

78 3885 237 3935 autemnon
257 3875 369 3940 fuisset,
384 3872 441 3931 nisi
461 3871 587 3929 veritatis
602 3883 679 3926 esset
699 3865 852 3943 corpus.”⁴
893 3865 1035 3925 Ultimum
1064 3865 1119 3925 hoc
1141 3869 1266 3926 testimo·

77 3973 154 4033 nium
165 3992 342 4052 magnacum
354 3971 458 4030 fiducia
472 3969 571 4047 objicit
585 3967 722 4026 (lorinus.

114 4067 199 4148 Resp.
230 4069 426 4129 Tertullianus
453 4065 675 4144 repraesentandi
699 4083 799 4124 vocem
826 4081 913 4122 sensu
939 4061 1124 4139 scriptoribus
1149 4063 1265 4140 optimis

82 4167 190 4242 probato
202 4167 338 4235 adhibuit,
354 4165 431 4240 quod
440 4166 550 4224 scilieet
559 4163 692 4221 Christus
705 4164 734 4221 in
748 4181 822 4239 pane
833 4160 932 4238 ipsum
944 4177 1052 4240 eorpus
1064 4162 1265 4236 euomuiterom

430 4361 524 4412 Ennar.
536 4359 563 4410 in
574 4356 714 4408 Psxxxiii.
849 4425 852 4431 Ι

431 4446 462 4499 L.
473 4448 580 4498 icontro
591 4444 710 4495 Marcion.
723 4457 744 4492 c.
756 4439 805 4491 xiv.

433 4533 527 4582 Ibidem
538 4533 554 4582 l.
565 4531 599 4581 iii.
610 4547 631 4580 o.
642 4529 693 4580 xix.

371 4620 414 4686 (t)
432 4618 525 4670 Ibidem
536 4618 552 4671 1.
563 4616 595 4667 iv.
605 4631 628 4666 c.
638 4616 672 4667 xl.
724 4659 729 4670 .
