2774 5056
497 332 552 392 DE
574 329 872 391 CHARAOTERE.
1240 336 1279 393 85

100 493 244 570 baptismus
259 510 417 565 numquam
431 492 564 549 iteratur:
588 489 664 548 nulla
677 490 754 548 enim
769 491 823 548 alia
837 489 939 548 idonea
958 489 1044 566 hujus
1066 489 1279 550 consuetudinis

101 592 161 650 ratic
175 591 319 668 adsignari
334 599 436 667 potest,
450 608 538 663 quum
554 588 694 646 videretur
708 600 838 665 oportere
853 574 954 647 iterum
975 589 1088 647 abluere
1103 590 1152 663 qni
1173 588 1281 668 peccati

99 689 220 748 sordibus
235 707 268 747 se
295 689 498 762 inquinaverat.
541 686 619 745 Dicit
641 686 793 754 Burnetus,
815 686 999 765 Anglicanus‚
1021 686 1086 745 ideo
1107 707 1164 747 uon
1189 687 1282 746 iterari

99 787 275 865 baptismum,
291 788 358 860 quia
371 786 460 844 semel
475 785 540 844 Dec
554 784 661 842 dicatus
676 784 774 853 homo,
790 785 873 843 debet
883 803 997 863 semper
1007 784 1105 843 eadem
1120 784 1282 844 conditione

62 887 80 915 '2'
99 886 234 951 estimari,
262 885 355 943 donec
382 883 460 941 totali
481 882 623 959 apostasia
644 881 805 941 deiecerit.²
844 882 902 941 Sed
923 883 948 940 si
968 883 1059 941 valeat
1078 883 1158 951 ratio,
1183 883 1283 942 saltem

99 981 192 1040 iterum
208 979 398 1057 baptizandus
413 978 486 1036 foret
499 979 548 1052 qui
569 979 602 1036 ad
621 978 852 1047 Mahumetauos‚
867 979 913 1037 vel
927 979 1067 1038 Ethuicos
1081 978 1240 1046 deiecisset,
1256 989 1284 1038 et

98 1078 227 1156 deinceps
242 1079 309 1137 iacti
330 1077 482 1155 poenitens,
497 1077 665 1135 corsortium
685 1075 913 1135 Christianorum
928 1085 957 1134 et
972 1077 1037 1154 jura
1050 1086 1174 1154 peteret:
1197 1095 1283 1150 quem

100 1186 185 1234 tamen
201 1175 281 1233 nefas
296 1182 340 1231 est
354 1173 437 1232 undis
451 1173 554 1230 lavacri
568 1173 686 1249 tingere.

132 1277 198 1330 189.
221 1273 304 1330 Patet
317 1271 404 1348 igitur
415 1279 520 1328 temere
532 1280 560 1327 et
572 1269 644 1328 falso
655 1269 822 1328 characteris
837 1271 982 1330 notionem
994 1271 1028 1328 ab
1038 1269 1205 1330 Innocentio
1216 1268 1283 1337 111„

46 1356 48 1431 ᾗ
95 1370 139 1445 qui
152 1369 268 1428 nonnisi
282 1368 398 1426 ineunte
413 1367 524 1427 decimo
546 1369 627 1426 tertio
641 1367 746 1426 saeculo
771 1368 931 1428 cathedram
953 1369 1030 1429 Petri
1046 1370 1144 1438 terruit,
1159 1369 1283 1447 primum

95 1468 280 1544 excogitatam
295 1465 370 1524 dici:
393 1483 446 1524 nec
460 1465 537 1524 enim
552 1484 611 1524 rem
627 1484 729 1524 novam
743 1464 856 1524 tradidit
869 1467 1013 1536 Pontifex,
1035 1467 1086 1526 sed
1105 1467 1284 1526 notissimam

95 1564 231 1623 Ecclesiae
241 1562 398 1621 doctrinam
413 1562 551 1640 singulari
565 1562 790 1621 accommodavit
802 1564 890 1623 casui.
932 1564 1116 1632 Querebatur
1126 1577 1220 1623 utrum
1234 1563 1285 1638 qui

93 1659 267 1726 mamertia,
289 1667 338 1716 aut
361 1657 488 1735 lethargo
509 1659 642 1736 correpti.
665 1658 752 1716 abluti
772 1658 877 1718 luerint
896 1660 951 1718 ritu
972 1659 1144 1737 baptismali,
1160 1659 1284 1719 habendi
1328 1726 1335 1735 ¹

95 1766 187 1815 essent
202 1754 350 1832 baptizati.
392 1753 553 1832 Respondit
573 1754 646 1812 nihil
660 1754 751 1812 valere
765 1755 851 1812 ritum
865 1755 890 1813 si
911 1757 1045 1832 previam
1059 1774 1118 1815 non
1137 1755 1288 1815 habuerint

94 1853 267 1911 voluntatem
281 1851 414 1928 baptismi
428 1850 615 1928 suscipiendi,
631 1849 697 1908 dum
713 1851 758 1908 sui
772 1860 869 1909 esseut
888 1861 1053 1929 compotes;
1075 1851 1168 1910 valere
1182 1853 1208 1911 si
1223 1851 1295 1929 jam-

94 1953 314 2014 desideraverint
340 1953 531 2030 baptismum:
561 1954 679 2012 “Tunc
703 1955 803 2032 ergo‚”
826 1956 941 2029 iuquit,⁴
954 1955 1174 2015 “characterem
1195 1976 1287 2017 sacm-

92 2051 223 2111 mentalis
238 2049 379 2126 imprimit
398 2049 535 2127 operatio,
551 2068 616 2107 cum
631 2050 742 2108 obicem
759 2051 909 2110 voluntatis
930 2053 1077 2111 contraria
1097 2072 1156 2111 non
1176 2052 1287 2113 invenit
1358 2040 1369 2073 '¹

96 2145 332 2209 obsistentem.”⁰
369 2146 419 2205 Ex
444 2164 502 2220 quo
530 2147 679 2205 Pontificio
701 2167 840 2226 responso
860 2149 1001 2227 colligitur
1022 2149 1207 2227 baptizandos
1228 2168 1288 2210 non

93 2228 167 2313 mss,
182 2244 268 2301 etiam
284 2243 315 2300 in
329 2240 429 2303 mortis
442 2240 617 2310 discrimine,
633 2244 747 2317 eosqui
768 2244 877 2303 nullum
899 2263 957 2303 suae
977 2245 1128 2304 voluntatis
1147 2245 1286 2306 indicium

94 2341 217 2418 prebere
232 2348 363 2416 possunt.
379 2338 405 2396 si
418 2337 557 2398 contraria
570 2338 699 2396 voluntas
714 2357 751 2396 ex
765 2340 871 2416 praevia
884 2359 983 2399 eorum
993 2340 1096 2417 agendi
1109 2351 1137 2399 et
1151 2339 1287 2414 loquendi

93 2439 197 2498 ratione
212 2437 379 2514 colligaturr
400 2434 586 2513 baptizandos
600 2454 616 2492 e
629 2446 734 2504 contra,
747 2455 797 2494 eos
808 2455 930 2509 quorum
944 2438 1048 2514 praevia
1059 2437 1188 2495 voluntas
1202 2437 1288 2496 luerit

94 2534 241 2594 declarata.
284 2533 404 2601 Quoties
419 2543 513 2598 autem
527 2531 562 2590 de
578 2531 720 2590 voluntate
733 2551 791 2591 non
805 2543 924 2603 constat,
939 2553 977 2592 ex
997 2533 1110 2591 indiciis
1123 2534 1286 2594 verosimile

90 2634 228 2711 judicium
239 2632 372 2699 efficitur,
385 2640 414 2690 et
424 2631 574 2708 benignior
586 2632 752 2707 plerumque
767 2633 796 2690 in
817 2643 945 2692 extremo
961 2633 1024 2691 vitre
1039 2632 1167 2711 periculo
1181 2633 1287 2692 antefe-

93 2730 177 2790 renda
190 2738 236 2787 est
250 2727 404 2796 sententia,
420 2737 452 2785 ut
465 2735 600 2800 quantum
616 2746 770 2803 possumus
785 2729 953 2806 periclitanti
967 2729 1056 2787 saluts
1070 2729 1284 2789 subveniamus.

93 2827 146 2896 Qui
159 2839 257 2886 autem
272 2824 353 2883 nullo
366 2825 430 2882 vitm
444 2841 504 2881 suae
518 2832 646 2899 tempore
667 2824 780 2883 luerunt
793 2827 838 2883 sui
853 2836 1010 2903 compotes,
1026 2825 1176 2885 infantium
1196 2827 1286 2886 instar

46 2944 48 2977 t
90 2922 236 2992 habentur,
260 2922 385 2996 ideoque
406 2929 482 2980 recte
504 2919 654 2979 abluuntur
675 2940 758 2996 aqua,
778 2932 809 2981 ut
826 2923 964 3001 sanguine
980 2923 1090 2983 Christi
1110 2925 1145 2983 ab
1165 2923 1285 3002 originis

89 3020 153 3082 labe
166 3020 352 3081 mundentur.

392 3230 435 3296 (1)
454 3229 572 3295 Anuym
583 3213 705 3280 arom.
716 3247 741 3296 p.
753 3215 812 3280 417.

392 3319 434 3384 (2)
455 3316 518 3382 Gap.
530 3317 642 3383 Maiores,
653 3317 669 3368 l.
680 3317 714 3369 iii
726 3316 822 3368 Decret.
833 3317 868 3367 tit.
879 3317 931 3368 xtit
