2812 5062
146 327 205 384 238
433 326 491 388 ΒΕ
511 324 789 388 SACRAMENTI
808 325 1011 409 RATIONE.

148 484 249 542 virtute
264 485 421 543 substantia
434 486 517 562 penis
531 485 561 544 iu
574 503 677 563 corpus
693 482 813 555 Christi,
828 496 857 545 et
876 485 1034 545 substantia
1047 484 1107 544 vini
1127 485 1159 545 iu
1172 486 1348 565 sauguinem

147 579 379 640 convertuntur.”
421 581 464 639 lta
477 591 614 658 perpetue
624 581 722 641 docuit
734 600 787 642 uos
809 582 950 641 Ecclesire
965 580 1088 641 traditio.

186 680 256 736 294.
278 678 310 735 S.
325 676 465 737 insumus
479 677 565 738 dicit:
587 688 608 717 **
618 680 740 746 Quando
753 698 822 757 ergo
837 690 866 738 et
878 681 985 739 mixtus
999 680 1086 749 calix,
1100 688 1131 739 et
1143 679 1252 738 fructus
1265 682 1348 758 panis

147 775 269 853 percipit
289 774 407 833 verbum
428 775 495 845 Dei,
510 777 726 836 hteueharistia
748 778 896 855 sauguinis
916 786 945 836 et
964 777 1093 854 corporis
1114 775 1276 837 Christi.”²
1316 779 1346 837 S.

148 871 323 930 Gnuooruns
338 871 556 932 stmuzuuus
570 872 656 941 dicite
678 882 699 911 **
711 874 789 932 Inter
804 892 953 933 sermones
968 873 1115 942 decarne,
1130 874 1275 952 precipui
1283 884 1350 934 suut

146 969 188 1028 illi
203 968 331 1029 Christi:
354 969 440 1028 ‘Hoc
454 982 498 1029 est
513 989 617 1049 eorpus
631 989 728 1029 meum
738 970 757 1039 ι’
773 971 887 1044 illisque
898 970 1015 1048 prolatis
1026 990 1044 1029 a
1054 970 1212 1041 sacerdote,
1224 971 1279 1046 qui
1291 989 1349 1030 uon

148 1065 238 1124 credit
259 1084 358 1124 verum
380 1083 444 1124 esse
466 1085 570 1144 corpus
592 1065 713 1136 Christi,
728 1067 790 1126 sine
811 1065 899 1127 dubio
920 1065 1008 1126 fidem
1032 1065 1200 1145 derogat’*
1240 1068 1349 1126 Auctor

145 1162 283 1222 librorum
307 1162 343 1222 de
368 1164 570 1234 Sacramentis,
595 1165 748 1224 Ambrosio
774 1163 992 1241 adscriptorum,
1021 1172 1119 1241 rogat:
1155 1162 1348 1230 “Quomodo

148 1267 254 1336 potest,
269 1259 319 1332 qui
339 1260 421 1335 panis
436 1272 569 1329 estesse
589 1278 693 1338 corpus
715 1257 842 1318 curistit
872 1258 1106 1318 Consecretione.
1147 1259 1345 1319 Consecutio

147 1358 233 1435 igitur
247 1358 350 1431 quibus
365 1359 459 1417 verbis
473 1367 527 1428 est,
542 1368 571 1417 et
581 1359 663 1436 eujus
675 1358 876 1417 sermonibus?
896 1357 1018 1417 Domini
1031 1357 1113 1418 Jesu.
1141 1358 1221 1417 Nam
1237 1357 1349 1430 reliqua

147 1455 244 1513 omnia
259 1473 322 1529 quae
337 1454 478 1524 dicuntur,
490 1455 552 1514 laus
566 1455 631 1515 Deo
642 1455 785 1523 deiertun
799 1455 889 1514 oratio
903 1455 1082 1531 promittitur
1095 1473 1148 1532 pro
1162 1455 1285 1532 populo,
1295 1473 1349 1533 pro

147 1554 273 1630 regibus,
288 1572 340 1631 pro
357 1554 483 1612 ceteris:
511 1554 561 1612 ubi
580 1554 692 1613 venitur
705 1563 736 1611 ut
756 1553 925 1612 conficiatur
939 1552 1101 1612 venerabile
1116 1552 1347 1620 Sacramentum,

142 1652 204 1728 jem
218 1669 276 1710 uon
290 1652 350 1709 suis
365 1651 545 1710 sermonibus
559 1649 703 1719 sacerdos,
717 1650 769 1709 sed
790 1651 878 1710 utitur
891 1651 1071 1710 sermonibus
1094 1649 1216 1710 Christi.
1261 1651 1342 1729 Ergo

93 1804 98 1811 .
145 1767 241 1809 sermo
256 1749 365 1808 Christi
379 1747 434 1808 hoc
449 1749 564 1808 coniicit
577 1749 802 1807 Sacramentum.
805 1748 825 1777 ”
828 1753 839 1785 ⁸

84 1814 95 1935 ‚s
184 1851 253 1907 295.
271 1848 403 1917 Forma
394 1858 513 1925 integra,
535 1855 619 1924 prout
642 1847 672 1906 in
694 1847 809 1906 Missali
823 1847 955 1907 Romano
978 1848 1179 1925 prescribitur,
1194 1795 1260 1907 hmo
1279 1858 1344 1908 est:

80 1936 87 2033 3³
147 1945 245 2004 “Hoc
259 1955 303 2004 est
315 1946 392 2004 enim
407 1963 511 2021 corpus
525 1963 632 2003 meum.
635 1943 655 1972 ”
681 1952 701 1981 **
713 1943 772 2002 Hic
786 1953 830 2002 est
844 1945 921 2003 euim
932 1944 1008 2003 calix
1022 1944 1171 2022 sangoinis
1185 1946 1258 2026 mei,
1272 1947 1343 2006 nori

146 2052 176 2101 et
189 2044 285 2102 eterni
300 2043 489 2113 Testamenti,
503 2043 672 2120 mysterium
686 2041 764 2110 fidei,
781 2042 832 2116 qui
846 2060 898 2119 pro
911 2042 1004 2108 robis.
1020 2051 1049 2100 et
1069 2061 1122 2120 pro
1136 2042 1238 2103 multis
1252 2043 1345 2103 effun-

72 2188 77 2223 ἰ
146 2139 229 2200 detur
241 2140 486 2200 inremissionem
500 2137 712 2216 peccatorum.’'
751 2138 819 2197 Vox
833 2137 963 2197 “enim'’
979 2138 1134 2216 respondet
1153 2143 1200 2214 γὰρ
1215 2139 1295 2214 quod
1313 2142 1344 2199 in

68 2228 74 2303 f
144 2239 274 2317 Liturgia
288 2240 320 2297 S.
333 2237 426 2297 Marci
439 2246 559 2312 utroque
569 2236 633 2296 loeo
646 2236 798 2295 iuvenitur.
821 2235 910 2294 “Pro
922 2236 1042 2295 vobiset
1053 2255 1105 2314 pro
1116 2237 1239 2296 multis'’
1254 2240 1284 2297 iu
1295 2237 1345 2297 Li·

68 2328 71 2333 ’
144 2339 235 2416 turgia
246 2336 278 2394 S.
288 2335 390 2396 Jacobi
401 2335 529 2394 habetur.
552 2333 728 2393 ‘AEternum’
737 2341 852 2392 vocatur
863 2333 1081 2393 Testamentum
1091 2333 1222 2393 et‘fidei
1236 2343 1345 2411 myste-

146 2436 231 2496 rium’
244 2437 280 2495 et
295 2435 443 2495 traditione
455 2434 592 2493 Romanae
606 2432 758 2497 Eeclesioe,
771 2428 869 2498 Petr'o,
882 2431 923 2488 uti
931 2429 1052 2500 videtur,
1065 2441 1188 2501 auctore,
1198 2448 1256 2492 uec
1265 2433 1346 2492 euim

145 2543 296 2595 occurrunt
309 2533 353 2591 hae
378 2550 463 2591 voces
488 2533 518 2590 in
534 2531 643 2589 Graecis
664 2529 798 2607 liturgiis.
840 2528 916 2586 Tota
933 2531 1024 2587 forma
1043 2539 1173 2588 accurate
1194 2531 1345 2590 recitanda

151 2644 205 2701 est,
223 2634 306 2710 juxta
319 2630 461 2688 Ecclesiae
482 2631 566 2687 ritum
577 2632 600 2686 :⁴
619 2628 696 2700 quod
719 2627 821 2686 latetur
836 2627 970 2695 Grabius,
985 2627 1161 2705 Anglioanus
1182 2629 1346 2689 eruditione

146 2749 226 2787 sacra
239 2728 383 2794 celebris,⁵
396 2726 446 2798 qui
460 2735 555 2783 tamen
569 2723 679 2783 videtur
692 2723 903 2782 invocationem
917 2723 1042 2802 Spiritus
1057 2724 1155 2785 Sancti
1168 2724 1205 2783 ad
1217 2725 1345 2786 sormam

144 2825 258 2885 referre.

179 3003 222 3069 (1)
242 3001 272 3050 L.
283 3016 306 3052 v.
317 2999 372 3050 adv.
382 2998 439 3048 hur.
450 3014 472 3048 e.
480 2998 506 3047 ii.
518 2997 594 3048 alies'
587 3014 620 3048 rr.

155 3089 219 3154 (2)
239 3086 333 3137 Orat.''
318 3102 342 3136 ιι.
354 3085 384 3134 de
392 3083 518 3135 Paschate
567 3143 569 3147 Ι

208 3178 219 3242 )
239 3174 287 3226 L.
280 3191 312 3225 ιν.
324 3173 354 3224 de
365 3172 419 3223 Sao.
426 3189 447 3222 e,
458 3171 491 3222 iv.

140 3235 208 3330 44
191 3261 290 3331 4111)
301 3278 352 3329 par.
363 3277 404 3326 qu.
416 3263 457 3310 te.
469 3266 513 3310 art.
523 3257 565 3307 3.
558 3274 585 3308 ιιι
595 3273 656 3323 resp.
674 3258 705 3308 ed
715 3260 740 3307 4.

175 3354 244 3418 (5)*
246 3348 318 3399 ‘The
329 3349 391 3398 torm
402 3346 431 3396 oi
443 3345 609 3396 consecration
629 3345 678 3394 aud
697 3344 838 3410 opiniones
850 3346 892 3396 the
909 3345 1067 3396 consecrated
1083 3345 1209 3406 clemente,
1221 3346 1248 3397 in
1258 3347 1345 3400 which

140 3439 199 3491 both
212 3436 337 3488 Cetholios
349 3433 397 3484 and
408 3431 566 3481 Heretics.1u
577 3430 619 3480 the
630 3446 675 3492 age
687 3430 851 3496 immediately
863 3431 1010 3494 suceeeding
1020 3431 1062 3481 the
1071 3430 1131 3496 holy
1143 3431 1269 3497 Apostles,
1280 3433 1346 3484 have

140 3528 227 3590 agreed
238 3523 354 3588 together,
366 3521 415 3572 end
425 3519 515 3580 which,
527 3535 583 3568 ever
594 3518 670 3578 since,
680 3518 726 3568 has
736 3520 798 3568 been
810 3518 887 3585 kept
880 3536 907 3569 m
918 3520 949 3569 all
962 3520 1068 3569 ancient
1070 3517 1199 3569 Churehes
1199 3519 1287 3593 ’⁰3⁰⁶
1276 3536 1302 3573 rs
1311 3522 1346 3587 by

142 3630 209 3663 some
220 3613 249 3662 of
261 3612 303 3661 the
320 3609 423 3659 Fathers
440 3606 564 3672 expressly
581 3605 700 3655 reckoned
712 3613 825 3667 amongst
841 3605 883 3655 the
899 3606 1031 3656 unwritten
1048 3606 1188 3670 apostolicul
1205 3594 1345 3683 traditihms,

140 3699 206 3750 aud'
200 3715 221 3748 rs
232 3712 356 3747 moresver
366 3693 451 3744 hinted
462 3701 487 3743 at
497 3693 524 3742 in
535 3691 577 3741 the
588 3707 646 3756 very
657 3692 768 3754 writings
779 3693 808 3741 of
822 3692 862 3742 the
873 3693 939 3742 New
950 3693 1101 3753 Testament,
1112 3692 1209 3743 cometh
1218 3694 1344 3746 undoubt-

139 3786 194 3848 edly
205 3785 267 3833 from
279 3797 323 3831 our
334 3779 409 3829 Lonn
421 3777 526 3837 himself,
537 3776 586 3826 and
602 3776 687 3838 ought,
696 3778 821 3837 therefore,
833 3780 865 3842 by
876 3795 909 3828 no
918 3795 1011 3839 means,
1022 3785 1047 3828 to
1058 3780 1088 3828 be
1104 3777 1239 3842 eheuged.”
1259 3779 1343 3830 Grabe

140 3873 169 3923 de
181 3870 257 3920 forme
269 3863 466 3916 Consecrationis
477 3861 647 3922 Eucharistiae,
659 3862 725 3928 apud
737 3863 899 3924 Oxouienscs,
911 3864 967 3914 Vol.
978 3863 1011 3914 iv.
1021 3863 1048 3915 N
1050 3879 1072 3913 o.
1084 3866 1126 3914 78.
