2812 5062
107 317 166 373 260
424 314 481 375 ΒΕ
502 313 725 375 saculatcn
746 314 976 377 tumultun.

107 472 240 533 sacerdos
263 472 325 532 vice
341 472 450 531 Christi
466 490 531 533 vore
553 473 688 551 fungitur,
702 476 752 548 qai
772 473 801 533 id
822 473 900 547 quod
922 474 1056 534 Christus
1078 473 1148 533 feeit
1168 472 1304 533 imitatur.

107 568 147 629 Et
169 569 340 628 sacrificium
355 587 453 629 rerum
466 579 496 628 et
517 569 633 647 plenum
648 579 715 629 tunc
733 570 816 630 offert
829 572 860 631 in
873 571 1007 631 Ecclesia
1021 570 1087 630 Deo
1108 570 1201 639 Patri,
1216 570 1245 627 si
1263 569 1304 629 sic

105 667 223 745 incipiat
236 668 337 726 offerre
351 667 508 726 seeundum
523 667 601 741 quod
613 668 709 746 ipsum
724 667 873 729 Christum
887 668 981 727 rideat
994 666 1186 727 obtulisse.”¹

144 770 195 824 22.
218 764 249 823 S.
266 764 442 824 Gnuooarus
458 765 634 824 Nussauus:
657 775 678 803 ‘⁸
691 766 748 834 Qui
762 776 901 843 potestate
915 784 968 825 sna
982 776 1085 824 cuncta
1098 764 1243 842 disponit.
1265 804 1275 822 .
1296 806 1305 823 .
1339 772 1349 799 ¹

108 882 211 922 arcano
224 862 357 921 sacrificii
371 881 487 940 genere,
501 862 578 937 quod
599 864 633 921 ab
647 863 813 922 homiuibus
836 865 916 922 cerni
936 881 995 922 non
1015 874 1138 942 poterat,
1152 880 1187 921 se
1207 863 1305 938 ipsum

106 976 159 1040 pro
173 962 255 1021 nobis
270 961 394 1020 hostiam
408 960 501 1030 offert,
516 971 545 1020 et
557 961 703 1021 victimam
717 961 856 1031 immolat,
869 961 1009 1021 Sacerdos
1022 962 1111 1021 simul
1125 959 1271 1029 existam,
1280 970 1309 1019 st

107 1077 197 1137 agnus
218 1058 285 1126 Dei,
309 1058 356 1116 ille
371 1061 420 1132 qui
440 1057 540 1117 mundi
554 1070 702 1136 peccatum
723 1058 804 1117 tollit
847 1058 970 1126 Quando
990 1058 1019 1116 id
1040 1058 1193 1136 praestititl
1237 1056 1307 1116 Cuu
1336 1052 1342 1069 ⁸

105 1175 215 1216 conaus
230 1175 307 1215 suun
321 1173 483 1215 ursemuars
496 1174 702 1215 conoaaoaurs
722 1174 869 1215 ansanus
890 1175 930 1215 aa
949 1174 1126 1215 sauourrmu
1147 1172 1306 1215 amsans!

105 1270 252 1321 ramamr,
267 1265 334 1311 tunc
345 1262 440 1331 aperte
451 1251 604 1311 declaravit
616 1254 682 1331 agni
695 1255 867 1313 sacrificium
877 1254 938 1330 jam
952 1271 1018 1313 csse
1029 1251 1248 1331 perfectum.”⁸

145 1355 195 1410 23.
216 1351 249 1408 S.
274 1349 411 1409 Jotnuas
433 1351 688 1408 Cunuaosrcuus:
722 1350 810 1409 “Pro
834 1349 913 1409 crede
936 1349 1084 1408 brutorum
1106 1348 1250 1409 Christus
1274 1366 1307 1408 ss

104 1452 200 1528 ipsum
218 1450 306 1526 jussit
318 1449 424 1517 offerri,
438 1449 592 1525 ipsumque
606 1448 777 1507 sacrificium
792 1447 957 1507 mutarit.”⁸

144 1551 193 1606 24.
216 1548 247 1604 S.
261 1549 469 1605 Accusamus:
493 1555 513 1582 “
524 1546 690 1604 Sacrificare
705 1547 876 1621 martyribus
888 1545 959 1615 dixi,
970 1547 1049 1625 (esre
1056 1545 1235 1625 peccatum)
1247 1563 1306 1606 uon

105 1645 166 1703 dixi
179 1644 338 1702 sacrificare
352 1643 417 1702 Deo
430 1644 461 1701 in
476 1644 621 1702 memoriis
634 1653 809 1721 martyrumr
831 1644 908 1718 quod
922 1644 1158 1719 frequentissime
1169 1645 1306 1713 lecimus,

34 1782 37 1793 .
105 1743 154 1801 illo
168 1740 315 1800 dumtaxat
328 1743 391 1809 ritu,
407 1741 457 1814 qui
471 1740 526 1799 sibi
540 1741 694 1800 sacrificari
707 1743 774 1800 nori
789 1741 969 1802 Testamenti
984 1743 1218 1803 manifestatione
1232 1762 1304 1821 pre·

105 1840 198 1916 cepit:
229 1838 305 1912 quod
331 1839 453 1916 pertinet
477 1837 513 1897 ad
537 1838 618 1897 illum
639 1839 759 1908 cultum,
785 1841 834 1913 qui
858 1840 940 1898 latria
966 1840 1080 1908 dicitur,
1105 1850 1137 1899 et
1159 1842 1214 1901 uni
1241 1841 1306 1901 Deo

103 1935 269 1996 debetur.‘’⁴

144 2035 294 2113 Anglicani
322 2034 437 2111 plurimi
464 2046 623 2113 agnoscunt
651 2046 745 2114 patres
766 2036 938 2095 sacnficium
958 2055 976 2095 a
997 2035 1117 2097 Christo
1140 2038 1301 2098 institutum

105 2132 266 2211 agnovisse.
310 2132 433 2190 Grabius
448 2132 518 2191 dicit
538 2151 712 2192 consensum
733 2144 861 2193 veterum
876 2133 1024 2193 haedere
1044 2134 1117 2195 adeo
1131 2135 1250 2206 clarere,
1270 2145 1302 2194 ut

106 2233 154 2291 rix
168 2230 204 2290 ds
218 2230 274 2288 alio
288 2229 355 2287 fidei
370 2249 473 2288 arcano
487 2241 564 2289 tanta
576 2231 729 2290 concordia
742 2232 904 2295 habeatnr.⁵

144 2329 296 2389 Probatur
308 2326 366 2388 IV.
382 2346 418 2387 aa
432 2326 569 2407 Apostoli
582 2329 689 2388 verbm.

136 2429 187 2487 25.
199 2427 297 2494 Quum
307 2425 413 2485 Paulus
422 2445 472 2485 eos
481 2427 697 2504 increparetqui
706 2426 799 2486 cultus
807 2426 948 2486 idolorum
958 2426 1141 2502 aliquatenus
1151 2429 1303 2506 participes

104 2527 301 2586 eucharistiam
314 2543 426 2583 sumere
439 2524 583 2594 auderent,
596 2537 793 2604 argumentum
804 2545 841 2584 ex
852 2526 975 2585 victimae
989 2526 1188 2586 eucharisticae
1207 2538 1302 2586 natura

104 2624 278 2701 desumpsit:
302 2631 321 2658 ‘⁶
334 2621 419 2680 Calix
433 2622 650 2691 benedictionis,
666 2625 712 2682 cui
733 2622 941 2692 benedicimus,
956 2643 1052 2683 noune
1076 2626 1301 2686 communicatio

104 2721 250 2798 sanguinis
264 2718 372 2775 Christi
387 2719 450 2776 estl
465 2730 493 2776 et
504 2721 595 2796 panis,
606 2739 692 2793 quern
703 2721 858 2798 frangimus
874 2740 968 2780 nonne
983 2722 1163 2799 participatio
1172 2724 1299 2801 corporis

105 2817 224 2878 Domini
236 2824 279 2873 est
288 2813 334 2872 Ῥω
354 2816 421 2873 Vox
431 2816 534 2874 Graeca
544 2819 657 2870 κοινωνῖα
667 2818 814 2896 aptissime
824 2820 959 2895 exprimit
967 2819 1099 2877 sacrificii
1110 2825 1298 2888 consortium,

104 2917 226 2974 victimae
240 2933 338 2972 carnes
353 2913 559 2974 manducando.
601 2914 671 2973 lude
685 2916 771 2975 insert
783 2935 884 2975 omnes
897 2918 945 2991 qui
957 2917 1159 2977 eucharistiam
1171 2930 1299 2987 sumunt,

104 3033 192 3074 unum
206 3012 282 3070 effici
294 3031 407 3088 panem,
417 3013 483 3085 quia
494 3012 594 3071 eodem
604 3013 756 3083 vescimur,
768 3015 866 3092 specie
878 3015 995 3084 visibili3
1009 3034 1100 3075 uuum
1110 3035 1176 3074 esse
1189 3036 1304 3094 corpus,

104 3113 171 3188 quia
181 3108 258 3170 idem
268 3109 378 3168 Christi
389 3129 493 3188 corpus
505 3112 558 3170 sub
570 3112 668 3189 specie
679 3112 727 3171 illa
738 3113 893 3191 recipimus
905 3134 913 3172 r
936 3115 1112 3182 “Quoniam
1126 3134 1203 3175 nnus
1216 3118 1299 3195 panis

102 3229 192 3270 unum
208 3227 311 3286 corpus
333 3208 414 3267 multi
434 3227 545 3277 sumus,
560 3209 726 3283 omnesqui
747 3210 782 3269 de
804 3229 860 3271 uuo
887 3231 960 3288 pana
983 3212 1226 3289 participamus.”
1268 3213 1303 3273 ld

104 3311 203 3388 probat
227 3326 263 3367 ert
289 3306 432 3366 consortio
457 3326 548 3376 sacro,
572 3305 649 3380 quod
670 3307 795 3368 inierunt
815 3308 951 3368 israelite
965 3309 1090 3370 victimis
1115 3310 1181 3370 Deo
1202 3311 1304 3371 oblatis

154 3551 180 3614 l)
200 3548 247 3613 Ep.
260 3546 291 3596 ad
302 3547 430 3597 Caecilium
439 3546 500 3597 lxiii.
512 3546 571 3596 alias
583 3546 599 3596 1.
611 3546 637 3597 ii.
647 3563 673 3597 n.
682 3546 716 3597 iii.

152 3638 180 3699 2)
202 3635 268 3684 Orat.
277 3635 292 3682 i.
302 3634 328 3682 in
340 3634 431 3684 Christi
442 3651 528 3684 resurr.

154 3724 182 3786 3)
202 3720 232 3769 In
243 3721 259 3769 i.
272 3706 301 3768 ad
314 3719 372 3769 Cur.
384 3720 526 3770 humxxir.

151 3807 180 3870 4)
201 3805 230 3855 L.
241 3821 284 3854 xx.
296 3813 379 3856 contra
390 3806 511 3856 Faustum
522 3822 544 3857 c.
555 3806 607 3856 xxi.

138 3893 181 3957 (5)
200 3890 291 3940 Narrat
302 3892 501 3956 disceptationem
513 3892 577 3942 inter
588 3909 659 3942 snos:
677 3893 763 3944 “This
780 3895 858 3960 point,
875 3895 981 3960 namely,
993 3912 1044 3946 was
1061 3897 1182 3962 disputed,
1194 3897 1307 3948 whether

102 3981 127 4028 in
141 3979 181 4028 the
192 3977 331 4037 Eucharist,
343 3978 383 4026 the
394 3978 468 4029 breed
479 3978 527 4027 and
538 3979 612 4037 wine,
624 3980 672 4029 and
686 3981 746 4030 alter
757 3980 800 4031 tha
811 3982 920 4046 mystica]
930 3984 1102 4042 consecration,
1112 3985 1153 4033 the
1165 3985 1242 4035 Flesh
1254 3985 1304 4035 and

103 4065 181 4116 Blood
193 4066 221 4114 ol
235 4063 276 4113 the
287 4063 370 4123 Lonn,
382 4081 422 4114 are
434 4063 522 4115 offered
533 4082 601 4131 upon
613 4066 654 4117 the
665 4067 723 4132 holy
734 4069 806 4128 table,
816 4085 842 4118 as
853 4084 921 4133 upon
930 4085 962 4118 an
974 4070 1034 4119 altar
1046 4079 1070 4120 to
1082 4071 1193 4131 Gou‚lor
1204 4071 1246 4122 the
1259 4081 1306 4122 tes·

101 4153 190 4218 tifying
200 4153 229 4202 of
241 4152 289 4201 His
301 4167 413 4216 supreme
424 4152 557 4214 dominica,
570 4153 617 4203 and
630 4156 671 4205 the
682 4157 896 4207 commemoration
909 4174 935 4207 or
951 4159 1141 4223 representation
1159 4161 1189 4209 ol
1200 4161 1241 4211 the
1260 4161 1308 4211 Sa-

101 4238 218 4290 crificant
232 4237 338 4287 Ouarar
349 4237 454 4287 finished
466 4255 499 4289 on
511 4239 553 4289 the
565 4238 664 4290 Crosa.’'
681 4239 720 4289 De
731 4240 778 4290 hae
794 4242 916 4293 sententia
933 4243 1006 4293 dicit:
1023 4242 1129 4294 “There
1145 4244 1167 4294 is
1184 4246 1211 4295 in
1222 4246 1310 4296 behalt

102 4328 130 4377 of
142 4326 191 4376 this
202 4325 304 4391 opinion
315 4325 377 4375 subh
388 4342 403 4374 a
415 4335 517 4377 consent
528 4328 557 4376 ol
568 4326 610 4377 the
622 4334 686 4377 most
696 4328 797 4380 ancient
808 4327 910 4380 Fathers
921 4331 969 4381 and
982 4347 1119 4381 successore
1128 4332 1157 4381 ot
1170 4331 1213 4382 the
1224 4333 1306 4399 Apos-

101 4416 154 4472 tles,
164 4430 192 4463 as
203 4413 225 4465 is
236 4428 294 4463 seen
305 4413 332 4461 in
344 4414 451 4477 scarcely
464 4429 512 4478 any
524 4422 631 4479 mystery
645 4416 672 4465 of
686 4415 727 4466 the
739 4415 866 4468 Christian
877 4414 962 4467 laith.”
991 4417 1072 4469 Grabe
1083 4418 1139 4468 Ma.
1151 4419 1306 4482 Adversaris,

101 4501 165 4567 apud
175 4500 336 4559 oxonienses,
348 4498 430 4549 Tract
443 4503 484 4559 81,
495 4517 519 4566 p.
531 4502 589 4550 374.

138 4587 180 4653 (6)
201 4584 222 4639 Ι.
235 4586 293 4638 Cor.
303 4602 328 4637 x.
342 4587 384 4637 16.
