2774 5056
107 318 174 397 raa
471 312 651 375 Parrum
672 301 950 374 reseratorum.

113 483 262 552 augeretur
276 474 387 532 virtute.
429 471 676 541 Quemadmodum
691 473 769 531 euim
783 473 865 550 panis
879 485 946 559 post
959 471 1017 533 Dei
1030 473 1302 546 invocationemque

113 580 250 639 sacratur,
261 571 322 648 jam
336 589 395 630 non
408 580 453 629 cst
466 570 558 645 qualia
572 570 635 637 suit,
646 569 698 628 sed
709 569 888 639 eucharistia,
897 588 935 629 ex
946 570 1054 630 duabus
1069 572 1155 629 rebus
1166 582 1302 630 constans

112 668 222 727 scilicet
236 679 357 737 terrena,
372 669 455 746 cujus
475 668 578 726 retinet
594 667 732 744 speciem,
747 668 872 727 coeleatis
893 686 978 743 quam
993 668 1078 737 velat,
1093 669 1133 726 ita
1147 677 1179 726 et
1193 686 1302 746 corpora

110 775 208 825 nostra
220 765 391 825 eucharistia
404 766 510 825 refecta
522 765 637 824 caeleste
650 766 865 825 resurrectionis
880 785 979 826 semen
993 765 1108 825 habeut.
1151 765 1302 827 Offerimu

110 874 203 922 autem
219 862 285 922 Deo
299 861 375 923 dona
388 863 491 940 ipsius,
506 881 570 937 quae
583 873 613 921 et
625 863 835 922 sanctificantur
849 865 911 941 ejus
931 863 1146 933 benedictione,
1161 875 1193 922 et
1206 863 1302 923 sancti

108 969 196 1019 tatem
210 960 294 1019 nobis
309 959 520 1037 impertiuntur,
535 959 608 1019 lecta
621 978 725 1038 corpus
740 970 769 1018 et
781 960 897 1039 sanguis
913 959 1023 1019 Christi
1037 960 1170 1021 Domini.
1271 956 1277 965 ’

152 1060 219 1116 106.
241 1057 451 1134 Argumentum
464 1054 542 1116 idem
557 1054 593 1115 ad
613 1056 787 1134 probandam
807 1075 959 1135 corporum
979 1061 1219 1118 resumectionem
1239 1058 1302 1117 alisr

107 1163 221 1214 versat:
241 1152 395 1221 “Quando
409 1172 478 1232 ergo
496 1163 527 1213 et
546 1155 653 1213 mixtus
667 1155 742 1213 calix
755 1167 784 1213 et
806 1154 910 1214 fractus
931 1156 1015 1234 panis
1036 1157 1163 1234 percipit
1179 1156 1302 1221 Verbum

106 1253 174 1323 Dei,
189 1262 218 1312 et
230 1253 263 1311 fit
277 1252 448 1311 eucharistia
461 1253 608 1331 sauguinis
621 1262 651 1312 et
670 1253 805 1331 corporis
820 1252 941 1322 Christi,
955 1273 993 1313 cx
1007 1254 1114 1329 quibua
1137 1264 1257 1333 augetur
1273 1262 1302 1313 el

105 1350 237 1410 consistit
250 1349 344 1408 carnis
357 1360 461 1409 nostra
482 1350 657 1420 substantia3
679 1349 824 1425 quomodo
846 1362 939 1410 autem
965 1363 1071 1430 negant
1088 1370 1227 1429 capacem
1240 1369 1302 1411 essa

106 1446 270 1507 donationis
286 1446 352 1516 Dei,
367 1464 431 1521 qure
445 1457 489 1504 est
503 1446 559 1504 vita
573 1458 686 1516 aeterna,
701 1464 769 1512 cunr
791 1465 943 1507 ssuaunm
957 1466 998 1507 nr
1017 1464 1152 1506 coarctas
1176 1446 1302 1509 (lam

104 1561 271 1612 sonamus,
286 1556 315 1601 et
328 1544 487 1602 membrum
501 1543 564 1620 ejus
573 1542 622 1600 l’'²
652 1543 775 1602 Inferius
788 1542 874 1602 dicit:
895 1548 915 1581 “
928 1542 1181 1613 Quemadmodum
1193 1545 1302 1622 ligna·

103 1642 181 1710 vitis,
196 1640 358 1718 depositum
374 1640 403 1698 in
418 1649 501 1709 terra,
516 1658 569 1698 suo
583 1640 733 1699 fructificat
745 1651 884 1719 tempore,
896 1653 925 1702 et
937 1660 1056 1721 granum
1067 1641 1154 1701 tritici
1166 1641 1302 1703 decidens

103 1741 134 1798 in
147 1747 251 1797 terram
271 1748 300 1796 et
319 1737 497 1798 dissolutum·
513 1737 666 1815 multiplex
687 1740 787 1819 surgit,
802 1758 853 1818 per
874 1740 1013 1817 Spiritum
1032 1738 1089 1799 Dei
1103 1740 1154 1813 qni
1176 1741 1302 1801 continet

102 1834 275 1907 omniaque
296 1832 399 1893 deinde
413 1852 464 1912 per
485 1834 656 1912 sapientiam
669 1835 698 1893 iu
719 1835 814 1895 risum
839 1836 1004 1896 hominibus
1018 1837 1148 1905 veniunt,
1163 1848 1194 1896 et
1212 1838 1302 1917 perci·

102 1929 210 2008 pientia
232 1929 359 1989 Verbum
384 1929 451 1999 Dei,
479 1930 651 1990 eucharistia
677 1931 757 2001 fiant,
782 1950 863 1998 cnon
884 1951 940 1992 aar
968 1951 1078 1992 conans
1105 1950 1148 1992 nr
1174 1952 1301 1995 meurs

101 2026 249 2086 Cannam:
272 2026 315 2084 sic
328 2039 357 2086 et
369 2026 465 2086 nostra
479 2045 598 2105 corpora
610 2045 648 2086 ex
661 2046 696 2086 ea
709 2029 813 2086 nutrita
826 2040 855 2088 et
868 2030 992 2107 reposita
1005 2031 1036 2089 in
1049 2041 1164 2100 terram,
1180 2042 1210 2090 et
1223 2050 1302 2091 raso·

100 2122 159 2181 luta
171 2123 201 2182 in
215 2141 254 2182 ea
264 2136 413 2201 resurgent
425 2141 479 2182 suo
500 2133 638 2201 tempore,
653 2125 750 2184 Verbo
772 2125 828 2183 Dei
849 2127 1085 2187 resurrectionem
1099 2128 1143 2186 eis
1159 2127 1296 2199 donanto,

98 2220 129 2278 in
144 2220 265 2298 gloriam
279 2220 335 2280 Dei
350 2219 475 2279 Patris.'’

141 2322 206 2378 107.
222 2318 277 2377 111.
290 2318 427 2378 Securo.
442 2317 679 2377 Taarnnnsanns
689 2319 743 2377 sub
754 2317 843 2379 finem
854 2319 983 2388 secundi,
995 2329 1024 2380 et
1036 2320 1150 2381 initium
1163 2323 1301 2383 tertiissr¹

99 2417 157 2475 culi
165 2417 247 2476 vixit.
270 2417 357 2476 Plura
370 2417 435 2495 ejus
449 2416 613 2477 testimonia
626 2417 680 2476 hac
694 2416 730 2476 de
744 2437 774 2477 re
783 2418 845 2496 jam
861 2418 1018 2487 retulimus,
1033 2419 1137 2492 quibus
1149 2439 1241 2481 unum
1252 2421 1301 2481 ad·

98 2513 164 2573 dere
174 2516 266 2593 juvat.
296 2515 341 2573 De
353 2515 389 2573 iis
400 2533 488 2593 agens
502 2515 552 2588 qui
563 2515 698 2573 stationes
711 2515 859 2592 peracturi,
870 2516 980 2574 scilicet
995 2517 1107 2593 publica
1118 2520 1298 2594 poenitentie

97 2613 243 2678 exercitia,
258 2612 390 2689 religioni
404 2612 545 2670 ducebant
558 2613 757 2671 eucharistiam
779 2615 857 2690 prius
872 2615 1011 2692 accipere,
1026 2634 1062 2673 ne
1083 2615 1147 2674 laeta
1169 2618 1297 2677 tristibus

96 2711 330 2778 admiscerentur,
346 2711 470 2768 consulit
483 2721 514 2768 ut
534 2729 597 2768 earn
612 2710 727 2783 quidem
748 2713 886 2789 recipiant
908 2732 1005 2781 manu,
1019 2723 1051 2771 ut
1070 2715 1205 2774 sacrificii
1228 2718 1298 2776 fiant

97 2809 261 2887 participes,
276 2807 337 2876 sed,
354 2819 437 2885 prout
450 2808 562 2866 illorum
585 2819 744 2884 temporum
765 2809 917 2887 disciplina
939 2812 1127 2888 permittebat,
1149 2826 1298 2874 reservent

95 2914 162 2983 post
177 2905 312 2963 stationes
327 2922 376 2962 ore
390 2904 618 2981 percipiendam:
642 2907 801 2982 “Accepto
816 2925 935 2983 corpore
956 2907 1075 2967 Domini
1088 2920 1116 2966 et
1131 2922 1290 2980 reservato,

95 3013 247 3074 utrumque
269 3000 380 3059 salvum
400 3010 454 3068 est,
469 3010 497 3058 et
517 3000 694 3078 participatio
714 3003 856 3069 sacrificii,
878 3016 907 3060 et
920 3004 1052 3062 executio
1066 3004 1203 3063 officii.”⁹
1245 3007 1290 3066 De

94 3108 243 3177 peccatore
257 3097 291 3157 ad
317 3117 422 3158 munus
436 3116 520 3157 suum
542 3097 687 3167 redeunte,
702 3099 790 3158 instar
811 3100 864 3158 filii
885 3100 1008 3178 prodigi,
1030 3100 1118 3160 dicit:
1151 3113 1173 3140 ‘⁶
1186 3105 1292 3165 exinde

93 3216 257 3258 orrurrann
272 3197 390 3257 Dorsrni
402 3215 543 3256 conannas
557 3215 710 3266 unsarana,
725 3198 907 3257 Eucharistia
921 3199 1075 3258 scilicet.'’⁸

136 3299 204 3355 108.
227 3295 259 3353 S.
272 3294 447 3353 Crrrrrarrus
463 3294 588 3366 queritur
602 3293 637 3350 de
652 3294 687 3351 iis
703 3295 751 3367 qui
766 3296 795 3353 in
810 3295 995 3354 idololatriam
1007 3296 1090 3373 lapsi,
1102 3296 1241 3377 deinceps
1256 3301 1292 3360 ad

93 3393 294 3452 eucharistiam
307 3391 446 3451 audebant
457 3391 600 3459 accedere,
613 3403 677 3449 ante
688 3392 832 3469 expiatum
847 3393 955 3451 crimen
967 3412 1092 3470 congrua
1105 3397 1290 3471 poenitentia:

94 3492 152 3550 “A
165 3491 272 3550 diaboli
286 3491 341 3549 aris
356 3500 539 3557 revertentes,
554 3489 589 3547 ad
604 3489 740 3548 Sanctum
756 3490 874 3548 Domini
888 3489 1010 3548 sordidis
1025 3504 1053 3550 et
1063 3492 1175 3551 infectis
1190 3495 1292 3556 nidore

94 3586 226 3645 manibus
241 3585 388 3645 accedunt.
410 3586 576 3645 Mortiferos
591 3584 732 3645 idolorum
747 3587 825 3645 cibos
841 3586 933 3644 adhuc
947 3605 1021 3664 pene
1034 3600 1188 3659 ructantes,
1203 3593 1293 3652 exha-

91 3682 216 3741 lantibus
232 3684 318 3742 etiam
333 3702 409 3743 nunc
422 3684 518 3743 scelus
532 3703 616 3743 suum
632 3684 759 3743 saucibus
774 3695 803 3743 et
815 3685 945 3763 conmgia
958 3684 1069 3744 funesta
1082 3687 1291 3762 redolentibus,

91 3779 209 3838 Dorsrur
223 3799 334 3838 coneus
349 3799 502 3841 ruvannrur
523 3824 531 3841 .
555 3825 563 3841 .
587 3824 595 3841 .
617 3792 680 3841 ante
701 3783 817 3859 expiata
836 3782 938 3841 delicta
959 3826 967 3842 .
991 3827 1000 3844 .
1023 3826 1031 3843 .
1053 3797 1117 3843 ante
1139 3801 1289 3865 purgatam

91 3876 296 3936 conscientiam
312 3880 452 3937 sacrificio
466 3889 495 3937 et
509 3898 593 3937 manu
609 3881 783 3948 Sacerdotis,
798 3892 862 3939 aute
876 3881 1015 3941 offensam
1037 3883 1179 3960 placatam
1195 3887 1290 3967 indig-

89 3972 183 4031 nantis
195 3973 314 4031 Domini
324 3987 352 4031 et
364 3977 562 4046 minantis,v1s
574 3995 728 4036 rurnarua
740 3997 866 4037 conaoru
877 3997 946 4037 asna
956 3998 996 4039 nr
1010 3999 1166 4051 sanemur,
1178 3995 1208 4043 et
1222 3986 1289 4063 plns

89 4065 221 4128 modain
235 4069 392 4130 Dominum
407 4075 537 4132 manibus
552 4085 581 4132 et
594 4092 642 4131 ore
657 4073 835 4148 delinquunt,
847 4061 933 4149 quam
947 4095 1014 4135 cum
1028 4077 1190 4140 Dominum
1203 4092 1292 4163 nega·

87 4168 236 4226 verunt.''⁴
275 4167 412 4226 Manibus
426 4180 455 4228 et
467 4191 516 4232 ore
528 4172 693 4247 delinquere
707 4191 757 4231 cos
778 4174 856 4243 dicit,
871 4176 938 4248 quia
953 4176 1038 4254 juxta
1058 4164 1190 4243 veterani
1203 4181 1292 4247 disci·

485 4329 527 4399 (1)
547 4329 578 4382 L.
583 4332 615 4382 ‘v.
626 4330 680 4382 adv.
691 4328 750 4381 haer.
761 4348 782 4382 c.
793 4330 819 4382 ii.

484 4419 521 4476 (2)
539 4415 593 4466 Lib.
603 4416 634 4466 do
646 4416 753 4466 oratione
764 4434 786 4468 c.
797 4417 846 4467 xiv.

485 4501 527 4569 (3)
548 4503 586 4553 De
598 4504 721 4554 Pudicitia
732 4522 753 4556 c.
765 4506 799 4555 ix.

485 4586 527 4654 (4)
547 4588 586 4639 De
597 4588 693 4655 Lepsia.
