2812 5062
160 332 219 388 8118
485 327 542 389 DE
564 328 785 389 ssonlutctt
804 328 1031 391 VERITATE.

76 528 84 549 .
165 496 265 546 1611166
278 487 435 555 sacrificiis,
450 487 506 546 hoc
519 498 573 555 est,
588 506 661 564 pane
676 489 857 548 eucharistiae
870 496 900 546 61
912 489 1017 566 poculo
1026 488 1159 546 similiter
1168 484 1359 551 eucharistie,

158 585 220 661 jam
235 592 294 642 tom
314 584 449 658 loquutus
464 585 633 653 Malachiae,
648 585 780 662 predixit
794 603 848 645 nos
861 586 978 659 quidem
988 585 1149 664 glorificare
1162 600 1275 643 nornen
1288 583 1357 661 ejus,

162 700 215 742 vos
229 692 323 741 autern
338 682 535 760 profanare.”²

201 785 251 840 17.
274 781 306 838 S.
322 780 473 847 lanunus,
488 780 524 839 de
538 780 715 839 institutione
735 781 876 840 Sacrificii
897 798 996 859 agens,
1013 780 1168 840 Malachia
1194 776 1358 837 vaticinium

163 877 193 936 in
207 895 242 935 ea
264 877 413 954 impletum
436 876 603 936 affirmavit:
626 878 734 936 “Eum
761 879 861 951 quiex
881 889 1009 937 creatura
1029 880 1112 954 panis
1127 888 1173 935 est
1186 876 1312 952 accepit,
1330 884 1357 932 et

164 976 269 1053 gratias
284 977 353 1053 egit,
368 974 488 1033 dicens:
510 975 596 1035 ‘Hoc
610 985 654 1033 est
673 994 778 1052 corpus
799 976 919 1034 meum.’
961 976 1001 1034 Et
1020 975 1139 1034 calicem
1153 973 1300 1040 similiter,
1313 972 1374 1046 qni·

163 1082 258 1132 estex
272 1090 306 1131 ea
319 1083 455 1140 creatura,
471 1091 534 1145 que
549 1082 593 1130 est
605 1074 763 1131 secundnm
778 1091 842 1141 nos,
858 1091 943 1131 suum
958 1073 1127 1149 sanguinem
1139 1071 1295 1129 confessus
1308 1076 1357 1137 est,

162 1179 192 1228 et
205 1171 273 1229 novi
287 1170 465 1228 Testamenti
480 1187 583 1228 novam
598 1169 695 1228 docuit
708 1170 891 1238 oblationem,
905 1187 992 1243 quarn
1007 1169 1139 1229 Ecclesia
1152 1169 1191 1226 ab
1212 1165 1357 1245 Apostolis

164 1267 309 1344 accipiens
323 1267 352 1325 in
378 1267 514 1325 universo
535 1266 645 1326 mundo
666 1267 750 1326 offert
770 1266 846 1335 Deo,
861 1267 888 1324 ei
909 1267 959 1341 qni
982 1266 1116 1324 alimenta
1136 1265 1223 1324 nobis
1236 1272 1357 1341 prestat,

164 1364 303 1440 primitias
318 1382 435 1422 suornm
450 1379 600 1435 munerum
615 1365 644 1422 in
659 1383 734 1422 11666
748 1365 947 1431 Testamenta,
962 1363 998 1422 de
1014 1380 1073 1437 quo
1085 1364 1117 1420 in
1128 1361 1286 1420 duodecim
1299 1378 1358 1437 pro

164 1461 269 1538 phetis,
286 1460 444 1518 Malachiae
468 1461 510 1517 sio
534 1460 781 1537 praesignificsvit:
804 1460 896 1519 ‘Non
917 1470 963 1518 est
975 1460 1047 1518 mihi
1062 1460 1194 1519 voluntas
1216 1459 1249 1517 io
1271 1457 1357 1524 robis,

164 1556 234 1614 dicit
248 1557 391 1614 Dominus
406 1556 600 1632 omnipotens,
615 1566 644 1614 61
657 1558 827 1616 sacrificium
839 1576 897 1616 nou
909 1558 1047 1635 accipiam
1056 1556 1092 1615 de
1102 1557 1238 1615 manibus
1250 1555 1357 1613 vestris.

163 1654 307 1721 Quoniam
323 1655 357 1712 ab
371 1664 434 1712 ortu
448 1655 518 1713 solis
533 1672 624 1729 usque
640 1655 675 1712 61
696 1674 831 1714 occasum
847 1674 954 1715 nomen
975 1674 1072 1714 meum
1093 1655 1272 1733 glorificatur
1290 1654 1360 1711 inter

163 1761 274 1828 gentes,
290 1759 320 1808 et
341 1753 371 1809 in
396 1752 476 1810 omni
502 1753 568 1810 loco
593 1754 743 1811 incensum
768 1753 886 1811 offertur
907 1754 1018 1813 nomini
1042 1770 1119 1821 meo,
1133 1762 1164 1810 et
1187 1752 1358 1811 sacrificinm

163 1866 277 1927 purum.
319 1850 462 1916 Quoniam
477 1869 612 1927 magnum
625 1860 669 1909 est
683 1869 789 1909 nornen
810 1870 906 1911 meum
922 1852 951 1911 in
965 1851 1109 1929 gentibus,
1123 1850 1195 1909 dicit
1214 1850 1357 1909 Dominus

164 1946 347 2022 omnipotens
358 1946 378 2004 ε’
393 1948 627 2006 manifestissime
648 1949 815 2026 significans
836 1967 887 2025 par
906 1948 978 2017 haec,
993 1950 1130 2023 queniam
1150 1947 1232 2024 prior
1245 1946 1358 2021 quidem

163 2043 288 2120 populns
303 2045 425 2102 cessavit
439 2045 541 2103 offerre
558 2045 639 2111 Deo;
656 2047 735 2103 omni
749 2058 843 2103 autem
854 2045 919 2103 loco
928 2039 1101 2105 sacrificinm
1112 2042 1233 2103 offertur
1247 2044 1320 2113 Deo,
1332 2052 1360 2101 et

163 2138 218 2197 hoc
233 2158 348 2216 purum,
364 2159 469 2200 nornen
484 2153 578 2200 autem
592 2143 654 2219 ejus
667 2143 840 2218 glorificatur
849 2145 880 2201 in
893 2141 1074 2221 gentibus.⁸’²

206 2239 252 2294 18.
275 2237 311 2295 S.
322 2238 532 2303 Accusamus:
556 2247 576 2274 ‘⁸
587 2238 654 2297 Hoc
675 2238 853 2298 Sacrificium
872 2258 923 2317 per
936 2238 1097 2298 sacerdotes
1112 2237 1276 2297 secundum
1288 2238 1357 2297 ordi·

164 2350 230 2392 nem
246 2334 475 2404 Melchisedech,
490 2355 557 2395 curn
572 2337 694 2396 inomni
710 2336 775 2395 loco
790 2356 806 2394 a
819 2336 888 2396 solis
903 2349 966 2395 ortu
981 2354 1073 2410 usque
1095 2335 1130 2394 ad
1144 2355 1284 2395 6661166111
1297 2336 1356 2395 Deo

156 2434 218 2510 jam
234 2433 348 2492 rideant
370 2434 477 2503 offerri,
492 2435 664 2495 sacrificium
686 2435 863 2504 Judaeomm,
877 2434 914 2493 de
935 2436 1039 2509 quibus
1060 2434 1248 2495 dictumest:
1270 2434 1355 2495 ‘Non

161 2545 205 2588 661
219 2532 290 2589 mihi
305 2532 434 2591 voluntas
449 2534 478 2591 in
493 2534 574 2592 vobis
585 2533 604 2601 ;‘
623 2535 683 2610 jam
699 2552 811 2591 cessare
826 2551 929 2609 negare
941 2552 1000 2592 non
1013 2531 1182 2610 possunt.’'¹

201 2628 351 2704 Anglicani
366 2630 480 2706 plurimi
495 2628 616 2687 fatentur
637 2631 802 2688 vaticinium
823 2629 977 2688 Malachiae
991 2630 1022 2688 in
1042 2629 1217 2688 eucharistia
1237 2628 1355 2709 impleri,

157 2724 241 2800 juxta
256 2735 366 2800 patrum
382 2745 564 2784 communem
579 2727 865 2802 interpretationem.⁴

201 2821 353 2881 Probatur
367 2822 427 2881 III.
444 2823 590 2884 amorrhis
608 2824 731 2882 Christi.

204 2921 249 2975 19.
272 2919 367 2977 Verba
382 2920 492 2978 Christi
506 2920 660 2978 ostendunt
674 2920 845 2979 oblationem
859 2921 987 2998 corporis
996 2930 1026 2979 et
1035 2920 1185 2999 sanguinis
1197 2921 1244 2980 sui
1259 2921 1355 2979 factam

158 3016 225 3091 ipso
240 3034 297 3087 quo
319 3016 487 3089 loquebatur
502 3028 666 3075 momento:
691 3016 786 3075 “Hoc
800 3028 845 3075 est
857 3037 961 3097 corpus
976 3036 1072 3076 meum
1098 3017 1175 3092 quod
1200 3036 1256 3095 pro
1277 3016 1354 3075 vobis

160 3110 241 3170 datur
253 3113 355 3170 :”—ro
366 3118 428 3185 ὑπὲρ
439 3118 506 3185 ὑμῶν
518 3115 701 3183 διδόμενον-1*
714 3115 768 3173 1166
781 3117 864 3175 166116
880 3117 908 3174 16
926 3136 1018 3175 meam
1034 3113 1354 3176 commemorationem”

159 3208 367 3268 -61661161116
380 3217 414 3275 εἰς
423 3215 468 3284 τὴν
479 3213 538 3282 ἐμὴν
549 3209 685 3279 ἀνάμνησιν·
721 3221 740 3248 “
752 3212 809 3271 Hic
823 3224 867 3271 661
881 3213 956 3271 661111
969 3232 1074 3273 novum
1091 3214 1312 3274 Testamentum
1328 3214 1356 3271 in

195 3440 237 3505 (1)
258 3435 317 3490 Dial
328 3455 386 3489 oum
398 3437 540 3503 Tryphone.

194 3527 236 3591 (2)
256 3525 286 3576 L.
298 3526 329 3576 iv.
342 3526 395 3575 616.
406 3526 464 3576 her.
472 3543 493 3576 6.
504 3527 581 3576 xxxii.

194 3614 236 3678 (3)
257 3611 286 3660 L.
298 3612 365 3662 xviii.
377 3612 407 3662 de
416 3612 462 3662 civ.
473 3611 527 3661 Dei.
539 3629 559 3662 6.
571 3628 646 3662 xxxv.

193 3701 235 3764 (4)
255 3698 341 3746 “This
360 3699 428 3762 place
440 3697 468 3746 61
482 3697 610 3762 Scriptura,
622 3698 764 3748 howsoever
776 3717 832 3749 now
850 3701 903 3750 ina
920 3716 1022 3750 manner
1038 3701 1146 3752 silenced
1163 3702 1213 3753 and
1231 3703 1358 3765 forgotten,

157 3802 209 3835 was
221 3799 289 3843 61166,
300 3783 348 3832 6111
360 3784 412 3832 that
423 3784 450 3832 in
462 3783 503 3832 the
514 3784 592 3833 oldest
603 3785 651 3833 and
662 3795 744 3849 purast
756 3787 814 3836 time
825 3789 856 3837 61
868 3789 910 3837 the
922 3787 1031 3848 Church,
1043 3790 1158 3839 61611161
1172 3789 1358 3846 616166616616,

157 3872 206 3922 and
218 3870 346 3934 familiarly
357 3871 450 3919 known
462 3876 487 3918 to
498 3885 570 3933 every
582 3869 706 3931 christian,
719 3872 793 3935 being
804 3874 898 3936 alleged
909 3876 941 3939 by
953 3875 1016 3925 their
1031 3883 1125 3940 pastore
1137 3875 1187 3925 arrd
1198 3875 1317 3934 1666116111,
1333 3889 1358 3923 as

156 3976 190 4011 611
201 3975 299 4024 express
310 3959 358 4008 and
369 3957 509 4008 undoubted
520 3957 642 4022 prophecy
654 3961 682 4008 61
692 3960 733 4008 the
750 3960 876 4011 Christian
887 3962 1009 4022 Sacrifica,
1020 3978 1048 4012 or
1058 3963 1154 4013 solemn
1161 3963 1270 4027 worship
1281 3963 1358 4014 1111116

156 4045 296 4103 Eucharist,
307 4043 397 4110 taught
407 4045 440 4106 by
451 4058 497 4093 our
512 4043 605 4093 blessed
618 4042 741 4094 Sauroun
754 4055 815 4095 nuto
826 4047 875 4096 His
887 4048 1008 4112 disciples,
1019 4055 1045 4098 16
1055 4050 1086 4098 be
1097 4049 1212 4098 observed
1224 4049 1253 4099 61
1266 4050 1299 4099 all
1307 4049 1357 4099 that

154 4130 243 4181 should
256 4129 346 4178 believe
358 4129 383 4176 in
395 4128 443 4176 His
454 4144 543 4178 namet
561 4128 609 4178 and
620 4129 670 4179 this
682 4146 709 4178 so
727 4132 848 4194 generally
860 4133 910 4181 and
927 4133 1062 4197 grantedly,
1073 4149 1101 4183 as
1112 4133 1185 4184 could
1203 4150 1280 4184 never
1295 4134 1357 4184 11666

155 4220 225 4276 been,
240 4223 266 4265 at
277 4216 338 4265 least
348 4230 376 4262 so
387 4214 461 4277 early,
474 4216 557 4264 unless
568 4215 627 4279 they
645 4216 693 4264 had
711 4218 807 4267 learned
821 4218 877 4268 thus
894 4226 919 4269 16
931 4222 1003 4285 apply
1015 4221 1035 4270 it
1051 4220 1083 4285 by
1101 4220 1219 4271 tradition
1234 4221 1300 4270 from
1316 4219 1357 4270 1116

155 4299 293 4368 Apostles.’¹
328 4299 409 4361 Mede,
437 4297 486 4349 Thr
510 4299 641 4352 Christian
669 4301 793 4369 Sacrifico,
823 4305 889 4369 apud
911 4306 1077 4367 Oxonienses,
1100 4314 1161 4356 tract
1184 4309 1226 4367 81,
1248 4322 1276 4371 p.
1302 4308 1357 4355 tos.

154 4391 281 4461 npnpus
305 4387 458 4450 Anglioanus
479 4387 577 4438 Onerall
592 4390 650 4439 dicit
666 4390 697 4439 de
715 4390 774 4440 16616
792 4391 919 4442 Malachia
937 4401 962 4443 et
979 4393 1084 4443 Psaltis=
1112 4394 1197 4443 “both
1214 4393 1299 4444 which
1316 4394 1357 4443 the

153 4477 251 4527 ancient
262 4475 372 4533 Fathers,
383 4473 443 4523 with
461 4489 508 4523 one
528 4484 638 4535 consent,
651 4477 799 4527 understand
817 4479 899 4529 611116
923 4479 1036 4530 Sacridce
1053 4480 1082 4529 61
1095 4479 1137 4529 the
1154 4480 1298 4542 Eucharist,
1309 4479 1357 4531 and

152 4563 193 4614 the
206 4562 334 4613 Ρ11661661
347 4561 388 4612 the
399 4559 491 4626 Gospal
500 4559 523 4608 :'’
549 4562 642 4613 Oxford
655 4563 748 4625 Tracta,
760 4564 818 4615 Vol.
829 4565 861 4615 iv.
878 4565 960 4616 ’11661
972 4569 1013 4626 81,
1027 4581 1052 4632 p.
1062 4568 1104 4616 7³.
1128 4564 1236 4617 London
1253 4567 1354 4618 edition.
