2774 5056
398 292 454 354 ΒΕ
471 291 668 355 usmtsutt
689 289 960 354 EFFEOTIBUS.

493 779 499 792 ·
572 755 712 816 CAPUT
733 754 789 816 111.

352 948 409 1002 DE
440 949 667 1002 ust’msstt
700 948 1011 1005 studuistis.

122 1157 168 1213 85.
188 1152 313 1212 Ablutio
325 1170 398 1227 aqua
417 1151 499 1221 sacta,
514 1152 653 1210 invocatis
672 1152 763 1211 tribus
783 1152 914 1231 personis
929 1151 1044 1222 dimnis,
1059 1152 1116 1213 rim
1131 1152 1217 1213 hebet
1237 1172 1276 1216 ex

92 1249 189 1310 Christi
203 1251 332 1309 auctoris
345 1249 390 1307 sui
404 1249 511 1307 meritis
524 1248 688 1314 derivatam,
703 1267 759 1322 qua
772 1259 920 1326 peccatum
934 1249 1050 1318 tollitur,
1066 1259 1095 1309 et
1107 1250 1196 1328 gratia
1207 1268 1275 1310 oon·

92 1346 169 1406 lertnr
191 1349 228 1406 iis
254 1348 306 1422 qui
329 1347 452 1415 obicem,
477 1364 563 1423 prava
585 1364 638 1405 sua
660 1345 812 1415 voluntate,
838 1365 895 1407 non
922 1346 1083 1425 objiciunt.²
1122 1346 1165 1406 Ite
1191 1347 1275 1408 docet

95 1443 234 1503 Catholica
258 1444 392 1502 Ecclesia
414 1443 446 1501 iu
468 1442 589 1502 concilio
611 1441 793 1502 Tridentino:
823 1442 886 1501 “Si
910 1443 975 1516 quis
1001 1461 1051 1520 per
1072 1440 1143 1502 Jesu
1164 1441 1275 1503 Christi

93 1539 203 1599 Domini
227 1541 317 1599 nostri
339 1541 547 1619 gratiamque
571 1539 600 1597 in
625 1539 792 1616 baptismate
816 1538 969 1608 confertur,
995 1550 1103 1598 reatum
1127 1540 1275 1618 originalis

92 1637 193 1713 peccati
207 1637 313 1694 remitti
327 1645 421 1714 negat,
435 1647 483 1694 aut
502 1636 587 1709 etiarn
609 1635 710 1694 asserit
722 1652 781 1694 nou
796 1636 855 1694 tolli
869 1645 957 1695 totum
982 1634 1010 1693 id
1031 1635 1109 1710 quod
1128 1655 1224 1695 veram
1246 1646 1277 1698 et

92 1735 227 1811 propriam
251 1734 359 1811 peccati
384 1734 521 1792 rationem
544 1734 646 1792 habeta
668 1733 719 1792 sed
743 1732 812 1792 illud
836 1716 906 1792 dicit
931 1744 1038 1795 tantum
1059 1733 1129 1803 radi,
1145 1745 1193 1794 aut
1215 1752 1274 1795 non

93 1833 236 1909 imputari;
259 1832 408 1890 anathema
421 1833 472 1890 sit:
495 1833 525 1890 iu
546 1833 650 1890 renatis
672 1835 749 1891 enirn
764 1832 835 1890 nihil
855 1831 915 1892 odit
936 1834 1036 1902 Deus;
1057 1833 1124 1907 quis
1137 1834 1209 1893 nihil
1230 1847 1274 1894 est

93 1927 273 1988 damnationis
298 1929 334 1986 iis
359 1929 408 2002 qui
436 1947 501 1986 vere
522 1929 681 2006 consepulti
702 1937 847 1986 suntcum
868 1928 985 1988 Christo
1006 1948 1058 2006 per
1078 1930 1219 2007 baptisma
1242 1932 1273 1991 in

93 2038 215 2095 mortem,
239 2028 287 2101 qui
313 2045 371 2085 non
395 2027 552 2086 secundum
573 2046 687 2087 carnem
711 2027 873 2096 ambulaut;
899 2027 950 2086 sed
974 2039 1099 2089 veterem
1124 2029 1272 2091 hominem

94 2135 231 2192 exuentes,
253 2134 283 2182 et
302 2143 408 2183 novum
429 2125 478 2198 qui
498 2124 654 2183 secundum
678 2124 771 2183 Deum
796 2133 907 2183 creatus
930 2134 984 2193 est,
1009 2125 1169 2196 induentes,
1191 2129 1273 2187 inno-

95 2234 190 2290 centes,
214 2221 398 2289 immaculati,
424 2223 497 2298 puri,
523 2222 644 2290 innoxii,
666 2241 699 2281 ac
728 2222 791 2281 Deo
812 2221 907 2281 dilecti
931 2221 1027 2281 effecti
1047 2233 1122 2292 sunt,
1144 2224 1273 2284 haeredes

96 2319 200 2390 quidem
213 2320 282 2387 Dei,
297 2319 458 2378 eohaeredes
473 2331 566 2378 autem
582 2319 701 2387 Christi,
717 2321 755 2378 ita
771 2329 802 2378 ut
814 2320 887 2377 nihil
900 2338 1016 2397 prorsus
1027 2339 1077 2379 eos
1091 2322 1127 2380 ab
1140 2323 1271 2400 ingressu

97 2417 153 2475 coeli
166 2429 327 2477 remoretur.
351 2419 468 2476 Manere
482 2430 575 2475 autern
588 2419 616 2475 in
632 2418 780 2494 baptizatis
791 2417 1060 2493 concupiscentiam,
1074 2418 1119 2476 vel
1131 2418 1271 2495 fomitem,

95 2511 148 2571 hec
167 2527 263 2574 sancta
286 2514 415 2591 synodus
440 2515 550 2581 latetur,
575 2525 603 2570 et
626 2516 721 2581 sentit,
747 2530 809 2586 que
829 2530 892 2571 curn
909 2512 944 2570 ad
964 2531 1083 2590 agonem
1105 2515 1203 2574 relicta
1222 2518 1271 2586 sit,

94 2626 185 2669 nocere
199 2630 256 2670 non
270 2611 525 2679 consentientibus,
540 2608 591 2668 sed
605 2610 722 2668 viriliter
743 2628 793 2686 per
814 2607 923 2668 Christi
944 2609 1015 2669 Jesu
1036 2613 1154 2692 gratiam
1168 2632 1271 2694 repug-

96 2709 214 2766 nantibus
228 2727 287 2767 non
301 2709 391 2766 valet:
414 2708 544 2781 quinimo
564 2707 613 2781 qui
633 2707 758 2785 legitime
781 2707 936 2776 certaverit,
957 2711 1145 2770 coronabitur.
1187 2711 1272 2772 Hanc

71 2788 353 2880 'concupiscentiam
379 2822 464 2877 quam
488 2802 640 2876 aliquando
662 2802 822 2880 Apostolus·
843 2815 989 2880 peccatum
1016 2806 1149 2883 appellat,
1173 2820 1272 2869 sancta

96 2898 211 2973 synodus
235 2899 356 2958 declarat
377 2899 538 2958 Ecclesiam
553 2899 722 2957 catholicam-
745 2916 901 2972 numquam
922 2901 1098 2960 intellexisse
1123 2916 1270 2980 peccatum

97 2996 226 3070 appellari,
241 2995 318 3071 quod
333 3013 399 3054 vere
413 3005 442 3053 et
454 2997 567 3072 proprie
583 2997 612 3054 in
626 2997 730 3054 renatis
745 3008 892 3073 peccatum
901 2997 948 3064 sit,
960 2997 1012 3055 sed
1025 3001 1093 3072 quia
1103 3018 1141 3058 ex
1153 3012 1271 3078 peccato

97 3102 140 3165 est,
151 3104 178 3151 et
190 3093 223 3152 sd
238 3106 387 3171 peccatum
400 3092 525 3152 inclinat.
558 3095 590 3152 Si
604 3095 669 3168 quis
683 3103 775 3152 autem
789 3094 960 3153 contrarium
976 3097 1107 3165 senserit,
1121 3099 1271 3158 anathema

96 3189 166 3247 siu*

126 3291 171 3346 86.
191 3285 319 3347 Fuerunt
333 3287 406 3345 iuter
418 3296 527 3346 veteres
548 3286 694 3346 haereticos
709 3287 758 3361 qui
772 3305 888 3346 omnem
908 3287 966 3346 rim
987 3288 1128 3367 baptismo
1148 3289 1269 3368 denega·

66 3440 72 3451 ,
96 3393 155 3442 rent
194 3384 360 3454 Manichaei,
379 3383 557 3451 Messaliaui,
577 3383 681 3456 aliique
704 3384 788 3442 variis
812 3382 953 3442 erroribus
978 3382 1014 3441 de
1038 3403 1072 3442 eo
1096 3385 1268 3445 laborabant.

98 3475 222 3540 lutherus
236 3481 305 3540 fidei
318 3490 406 3540 totum
422 3481 557 3547 tribuens,
572 3481 705 3558 baptismi
718 3482 776 3539 vim
790 3480 951 3539 necessario
964 3481 1088 3539 sustulit.
1130 3481 1268 3543 Calvinus

35 3610 37 3617 ι
98 3577 185 3650 pariter
198 3597 264 3636 eum
278 3577 363 3638 habet
375 3578 462 3635 veluti
476 3578 589 3654 signum
602 3587 709 3636 tautum
722 3596 755 3634 ac
769 3575 970 3634 documentum
985 3577 1172 3654 purgationis,
1184 3580 1270 3639 virtu·

100 3683 145 3732 tem
157 3674 269 3734 tollendi
290 3683 438 3752 peccatum
458 3675 485 3733 ei
506 3674 666 3751 denegans:
689 3670 916 3749 “Baptismus’'
938 3671 1041 3745 inquit,
1057 3673 1203 3752 “signum
1225 3691 1269 3738 est

101 3768 259 3841 initiationis,
274 3791 337 3846 quo.
352 3772 381 3830 in
396 3771 535 3830 Ecclesiae
550 3784 716 3848 cooptamur
735 3770 909 3838 societatem,
923 3780 955 3828 ut
969 3767 1087 3830 Christo
1102 3773 1181 3832 insiti
1196 3776 1269 3835 inter

101 3864 226 3929 iliosDei
241 3888 416 3929 censeamur.
440 3908 449 3926 .
471 3911 479 3929 .
503 3911 510 3929 .
533 3870 591 3928 “A
612 3870 738 3929 Domino
760 3869 842 3928 nubis
863 3869 1039 3946 proponitur,
1054 3879 1086 3928 ut
1099 3872 1267 3949 symbolum

130 4063 164 4131 (l)
181 4064 239 4117 Huc
251 4065 402 4117 sacramenti
418 4064 486 4116 notio
498 4064 680 4116 Oxoniensibus
696 4064 769 4130 plane
779 4062 872 4125 arridet,
882 4063 913 4114 (le
925 4062 1036 4115 Ecclesia
1046 4064 1113 4117 euim
1133 4067 1270 4132 loquentes,

100 4159 144 4207 que
152 4149 277 4216 dispensat,
288 4151 444 4202 Sacramenta
454 4150 594 4213 intelligunt
602 4167 608 4200 ε
621 4157 636 4184 “
643 4150 698 4201 The
705 4150 790 4201 notion
797 4149 826 4199 os
832 4149 874 4200 tlte
884 4148 976 4200 ehurch
983 4167 1011 4201 ss
1021 4150 1063 4200 the
1073 4153 1213 4204 storehouee
1221 4155 1270 4205 and

101 4227 162 4283 diest
170 4235 269 4289 manuel
280 4238 309 4288 oi
321 4252 399 4300 grace,
410 4253 437 4287 es
448 4253 463 4287 s
472 4235 553 4287 divine
565 4237 710 4298 Ordinanou,
721 4271 729 4286 .
746 4269 753 4286 .
771 4270 778 4285 .
795 4267 802 4284 .
811 4233 892 4285 which
901 4250 1007 4300 couroye
1017 4244 1093 4287 secmt
1104 4239 1212 4302 strength
1221 4241 1269 4290 end

103 4312 136 4365 lile
148 4325 169 4368 to
178 4336 245 4388 every
257 4339 304 4374 one
314 4323 371 4373 who
382 4321 464 4372 shares
474 4321 538 4381 init,
549 4323 632 4373 unless
644 4322 710 4373 there
720 4322 750 4370 be
761 4333 827 4368 some
839 4319 918 4370 sotusl
929 4320 1006 4370 morel
1017 4320 1176 4385 impediment
1191 4323 1218 4373 in
1230 4323 1268 4374 lris

103 4412 149 4451 m
157 4405 309 4471 mind-tisis
319 4407 341 4457 is
352 4423 367 4457 s
377 4405 484 4457 doctrine
489 4405 570 4456 which
582 4421 609 4456 ss
619 4414 661 4471 yet
670 4405 692 4456 is
701 4407 746 4455 but
756 4402 842 4467 leiutly
848 4402 995 4454 understood
1003 4416 1094 4466 among
1104 4403 1158 4456 us.’'
1176 4406 1268 4457 Oxiord

103 4479 233 4551 lunen
244 4493 269 4544 ii.
286 4492 487 4542 Advertiseutent.

34 4626 38 4639 ,
84 4574 86 4579 '
132 4571 167 4639 (2)
183 4576 274 4629 Seuer.
293 4572 702 4640 Gennisdecretodepeoorig.

200 4684 274 4747 Vos.
288 4683 404 4745 tlt-s
