2774 5056
130 308 189 367 2⁰2
427 306 484 371 DE
505 305 1032 369 TRANSUBSTANTIA'I'IONE.

126 468 313 540 quantumvis
327 469 432 546 parvis.
474 467 550 529 Haec
562 467 659 527 omnia
671 468 743 526 mire
754 466 928 528 concordant
939 485 1007 525 cunr
1019 462 1171 523 Catholica
1187 459 1330 528 doctriua,

126 575 162 624 et
174 564 334 643 disciplina,
348 577 378 625 et
390 567 511 644 probant
530 575 658 644 ternpore
680 565 802 635 Gelasii,
823 565 923 638 quinto
943 565 1055 623 scilicet
1076 562 1194 629 seculo,
1209 558 1332 618 eandem

129 661 222 723 tuisse
236 664 368 722 omnibus
381 663 488 732 fidem
503 662 554 722 sed
566 662 680 722 concilii
693 662 807 721 Nicaeni
817 662 1013 720 auctoritatem
1024 671 1130 719 certam
1142 678 1200 717 non
1215 658 1332 721 habent,

132 760 306 822 eruditorum
319 763 396 823 enirn
408 762 520 842 judicio
533 763 655 840 scriptor
668 763 717 822 ille
732 781 777 822 res
792 772 886 840 gestas
902 763 1034 840 plurimis
1056 761 1137 820 auxit
1157 761 1203 818 sui
1224 759 1335 837 ingenii

51 860 71 879 ⁹
133 857 289 940 figmentis.
1298 844 1342 939 'g

176 961 241 1017 186.
267 956 333 1037 obj.
348 963 397 1018 24.
424 959 609 1027 Paschasius,
638 958 796 1017 monachus
825 957 1022 1035 Corbejensis,
1051 957 1101 1030 qui
1130 966 1196 1015 ante
1224 973 1334 1039 nouum

133 1056 271 1115 saeculum
296 1055 423 1116 rhodium
437 1056 543 1124 floruit,
566 1054 738 1115 eucharistia
758 1074 862 1132 corpus
882 1065 913 1113 et
932 1056 1103 1132 sanguinem
1118 1052 1230 1112 Christi
1244 1055 1338 1133 conti·

132 1153 195 1215 ueri
209 1155 317 1231 primus
332 1154 406 1213 inter
418 1153 537 1213 Latinos
551 1153 744 1231 excogitavit:
765 1151 800 1211 dc
823 1152 1119 1211 transubstantiatione
1143 1160 1241 1208 umen
1262 1149 1338 1215 nihil

132 1252 291 1320 somnians,
307 1270 371 1325 quaa
385 1252 500 1311 nonnisi
514 1251 620 1310 saeculo
635 1250 787 1310 undecimo
801 1251 888 1328 coepit
899 1249 1083 1327 propugnari,
1097 1248 1206 1306 sacculo
1220 1247 1337 1304 decimo

132 1347 217 1407 tertio
231 1347 372 1424 dogmatis
398 1348 591 1407 auctoritatem
619 1346 733 1405 tandem
756 1358 910 1405 consecuta
935 1346 965 1404 in
993 1344 1116 1404 concilio
1137 1343 1338 1402 Lateranensi.

132 1445 292 1506 Paschasio
305 1457 398 1505 autem
421 1446 471 1505 rix
485 1446 573 1519 aliqui
598 1456 662 1504 ante
685 1445 820 1504 seculum
841 1443 1025 1503 undecimum
1046 1444 1158 1502 assensi
1182 1456 1261 1511 stant,
1278 1442 1338 1519 ple·

132 1542 230 1616 risque
251 1543 320 1601 viris
345 1541 436 1601 doctis
456 1542 689 1619 repugnantibus,
711 1560 748 1601 ex
769 1541 874 1613 quibus
895 1551 962 1599 suut
988 1540 1160 1607 Amalarius,
1184 1540 1336 1605 Rabanus,

134 1637 263 1697 Joannes
278 1638 416 1715 Erigona,
428 1637 602 1696 Walat‘ridus
617 1637 729 1706 Strabo,
745 1637 897 1696 Ratrams
911 1655 963 1695 seu
978 1637 1161 1695 Bertramus.·

174 1734 264 1813 Hesp.
286 1735 458 1794 Paschasius
480 1754 536 1795 non
558 1734 730 1812 singularem
755 1753 838 1793 suam
862 1735 1043 1801 seuoentiam,
1065 1733 1116 1791 scd
1141 1735 1230 1792 totius
1259 1734 1339 1791 orbis

135 1831 224 1892 fidem
239 1851 270 1890 se
285 1831 427 1909 explicare
442 1832 588 1910 professus
602 1843 657 1900 est,
677 1849 732 1891 aec
752 1832 780 1890 ei
800 1830 830 1890 id
849 1832 988 1889 asserenti
1007 1831 1112 1904 aliquis
1126 1830 1342 1913 contradixisse

134 1931 281 1992 noscitur:
304 1931 434 2005 quamvis
459 1931 537 1990 enim
557 1941 655 1990 essent
673 1930 762 2005 aliqui
783 1931 833 2004 qui
853 1929 890 1989 de
911 1943 988 1989 tauto
1003 1929 1144 2006 mysterio
1158 1928 1233 1987 haud
1250 1929 1338 2006 digne

135 2027 284 2095 sentirent,
296 2045 382 2087 uerno
393 2027 500 2105 scripto
508 2026 666 2086 Paschasio
680 2044 745 2085 sese
759 2027 905 2105 opposuit.
948 2026 1009 2084 Sub
1022 2027 1111 2084 finem
1127 2027 1192 2084 vitre
1207 2026 1342 2084 scribens

137 2123 168 2185 id
182 2124 245 2201 ipse
259 2132 376 2182 testatus
390 2132 452 2182 est:
495 2131 515 2160 ‘⁴
527 2122 597 2182 Ideo
617 2125 749 2199 quamvis
770 2121 887 2197 quidam
907 2112 943 2180 de
955 2122 1113 2200 ignorantia
1131 2131 1236 2189 errent,
1251 2139 1341 2180 nemo

134 2230 231 2281 tamen
245 2233 289 2279 est
302 2219 395 2278 adhuc
408 2220 439 2279 in
453 2232 561 2297 aperto,
576 2220 627 2294 qui
640 2220 697 2281 hoc
709 2220 753 2279 ita
765 2238 830 2278 esse
843 2218 1025 2287 contradicat,
1041 2218 1119 2293 quod
1132 2237 1228 2277 sorus
1244 2218 1341 2277 Onam

134 2337 248 2379 casnm
261 2338 302 2378 en
322 2317 547 2379 oosrrrnnnn.”
570 2359 579 2377 .
601 2358 611 2376 .
634 2359 643 2378 .
666 2327 687 2356 “
697 2317 801 2377 Videat
820 2317 871 2391 qui
891 2328 990 2376 contra
1010 2317 1065 2376 hoc
1085 2317 1184 2376 venire
1205 2315 1341 2384 voluerit,

136 2418 228 2495 magis
242 2436 328 2491 quam
343 2416 468 2486 credere,
483 2415 552 2491 quid
566 2428 631 2494 agat
643 2425 742 2476 contra
754 2415 851 2492 ipsum
873 2414 1043 2481 Dominum,
1058 2425 1088 2472 et
1106 2423 1206 2474 contu
1219 2432 1341 2474 omnem

136 2512 344 2573 Ecclesiam.’'¹
385 2513 470 2581 Quod
484 2523 578 2572 autem
599 2512 817 2571 conversionem
842 2511 920 2570 illam
944 2530 1030 2583 quam
1052 2529 1189 2569 vocamus
1209 2511 1341 2568 transub·

137 2613 346 2670 stantiationem
358 2611 511 2677 tradiderit,
523 2611 640 2669 omnino
654 2622 784 2668 constat:
802 2619 822 2645 ‘⁶
835 2609 985 2667 Sensibilis
997 2608 1075 2676 res,'’
1087 2608 1191 2681 inquit,
1207 2618 1226 2644 ‘⁴
1239 2608 1343 2666 intelli·

138 2707 375 2785 gibilitervirtute
392 2708 447 2765 Dei
463 2707 644 2783 perverbum
667 2706 778 2763 Christi
799 2725 830 2763 ru
845 2724 967 2764 cunnus
988 2725 1081 2764 rrsrns
1104 2726 1140 2764 ac
1161 2724 1341 2765 sannuncurt

138 2821 291 2863 urvrrusns
313 2802 578 2861 ursarssuunuuu.”⁹
618 2813 637 2839 ‘⁴
651 2803 758 2862 Omnia
778 2821 965 2876 quaecumque
988 2803 1077 2860 voluit
1099 2803 1258 2871 Dominus,
1274 2803 1343 2862 secit

138 2901 169 2959 in
183 2901 254 2958 coelo
269 2912 297 2957 et
311 2902 341 2958 in
355 2913 437 2959 terra.
479 2900 519 2958 Et
539 2900 606 2972 quia
627 2901 717 2958 voluit
735 2900 803 2957 licet
823 2901 852 2958 in
874 2900 963 2977 figura
983 2901 1066 2976 panis
1088 2911 1117 2957 et
1139 2901 1197 2957 vini
1219 2900 1284 2958 haec
1298 2901 1341 2958 sic

138 3017 543 3068 esse,ouu1uorrrnrnanmn
558 3016 640 3063 ouans
655 3017 731 3056 cano
746 2997 876 3056 Cranrsur
890 3017 930 3056 uu
944 3016 1068 3056 ssunnrs
1084 3016 1156 3056 ross
1172 3016 1341 3056 consacra-

140 3116 256 3157 usosuu
277 3115 438 3154 cnansuna
457 3095 582 3154 ennu.'’⁸
622 3095 758 3154 “Veram
780 3115 893 3154 carnem
915 3095 1026 3153 Christi
1047 3096 1075 3153 in
1092 3096 1232 3172 mysterio
1248 3097 1340 3154 sumi·

140 3194 252 3255 mus.”⁴
295 3195 399 3252 “Vera
413 3207 456 3252 est
471 3194 580 3252 Christi
594 3212 678 3262 caro,
701 3211 765 3251 vere
780 3193 902 3251 creditur
916 3212 980 3251 esse
995 3212 1062 3251 caro
1075 3212 1129 3270 pro
1144 3192 1247 3251 mundi
1261 3195 1339 3251 vita:

139 3292 169 3351 in
195 3295 309 3351 veritate
337 3311 440 3369 corpus
461 3301 490 3350 et
510 3292 626 3369 sanguis
647 3292 679 3348 fit
699 3291 912 3349 consecratione
934 3289 1113 3367 mysterii.”⁵
1164 3290 1340 3358 amalarius,

139 3410 226 3465 quem
243 3391 369 3449 Cosinus
385 3390 506 3448 affirmat
519 3389 675 3447 Paschasio
690 3407 874 3465 repugnasse,
889 3386 959 3445 adeo
973 3387 1092 3445 firmiter
1106 3385 1217 3444 Christi
1234 3407 1339 3464 corpus

139 3509 189 3548 ore
204 3492 312 3567 percipi
327 3491 357 3548 in
371 3489 542 3548 eucharistia
555 3487 683 3553 credidit,
698 3497 730 3545 ut
750 3487 1021 3545 stercoranistarum
1031 3490 1032 3493 ’
1043 3486 1146 3543 erroris
1168 3486 1340 3544 incusetur:

139 3585 214 3646 “Ita
228 3586 293 3645 vcrd
315 3598 459 3663 sumptum
482 3604 586 3663 corpus
608 3583 748 3642 Domini”
771 3583 873 3656 inquit,
896 3585 1003 3640 “bona
1027 3583 1196 3649 intentione,
1221 3596 1343 3641 nonest

140 3685 214 3744 mihi
227 3685 427 3762 disputandum
449 3695 544 3743 utrum
566 3683 746 3742 invisibiliter
766 3692 926 3739 ”sumatur
946 3681 976 3739 in
997 3680 1112 3746 coelum,
1128 3699 1164 3738 an
1181 3695 1343 3739 reservetur

142 3782 304 3858 incorpore
327 3794 421 3842 nostro
444 3800 535 3856 usque
560 3780 594 3838 ad
618 3780 694 3839 diem
715 3780 877 3856 sepulturae,
894 3789 942 3836 aut
963 3777 1111 3835 exhaletur
1131 3778 1272 3845 inauras,
1295 3792 1343 3837 aut

141 3889 225 3938 excat
238 3878 273 3937 de
285 3880 450 3956 corpore.”⁰
491 3879 636 3946 Rabanus,
651 3887 680 3936 ct
693 3877 857 3936 Bertramus
869 3885 966 3937 contra
977 3875 1166 3934 Paschasium
1183 3896 1242 3935 non
1254 3876 1344 3952 scrip·

179 4075 223 4141 (1)
242 4075 321 4139 Epist.
334 4075 522 4139 adFrudcgard.

176 4161 219 4230 (2)
239 4161 278 4213 De
290 4177 355 4226 corp.
366 4170 390 4213 ot
401 4179 470 4227 sang.
483 4178 507 4216 o·
518 4161 545 4213 ii.

178 4251 222 4316 (3)
241 4249 274 4298 In
285 4247 354 4298 Pras.

178 4338 221 4404 (4)
241 4335 280 4386 Dc
291 4351 355 4400 corp.
367 4341 391 4384 et
402 4350 471 4397 sang.
483 4351 505 4384 c.
516 4334 533 4384 i.
544 4341 569 4384 et
580 4333 613 4384 vi.

180 4425 222 4491 (5)
242 4423 341 4474 Ibidem.

178 4511 221 4579 (6)
241 4511 273 4562 In
281 4509 366 4561 littoris
376 4511 429 4576 ojus
440 4508 467 4559 in
475 4508 516 4558 rii.
527 4508 575 4558 vol.
586 4506 719 4574 spicilegii,
729 4506 769 4557 cit.
780 4505 807 4556 in
818 4522 889 4572 opere
898 4504 934 4556 La
943 4502 1080 4572 perpetuae
1089 4505 1120 4554 do
1131 4504 1156 4554 la
1167 4504 1228 4555 soit.
1239 4505 1257 4556 i.
1268 4506 1283 4555 1.
1295 4505 1342 4557 viii.

145 4593 184 4647 ch.
196 4597 231 4648 xi.
