2812 5062
109 328 165 385 170
475 327 649 389 PATRUM
671 325 945 389 TESTIMONIA.

107 501 212 560 eorpus
227 493 256 543 et
275 485 444 562 sanguinem
469 484 643 554 accedimus,
663 499 691 545 ct
710 505 798 564 super
817 506 919 546 manus
943 498 1054 547 nostras
1074 486 1252 565 accipimus,
1266 486 1310 545 eie

1 645 4 658 ,
108 580 250 641 credimus
265 601 318 640 nos
330 602 434 660 corpus
449 583 591 660 amplecti,
606 595 634 642 et
648 603 701 642 nos
715 585 808 643 carnis
822 586 885 662 ejus
899 598 928 644 et
938 586 1046 644 ossium
1061 587 1123 663 ejus
1137 585 1308 665 (participes

107 679 286 756 fieri,)juxta
299 680 326 737 id
342 680 562 756 quodscriptum
577 692 629 739 est.
672 681 829 741 Enimvero
844 681 977 741 Christus
992 682 1061 741 illud
1075 702 1134 742 non
1147 682 1308 761 appellarit
1405 683 1406 703 ¹

108 793 209 834 urens
223 784 270 833 aut
284 794 428 845 ereneus,
441 775 492 835 sed
504 776 628 854 (disten
650 777 726 835 Vere
739 777 805 836 Hoc
819 796 875 843 ssa
887 798 991 856 corpus
1004 797 1112 848 meum,
1127 790 1157 837 et
1177 779 1240 837 Hic
1253 796 1309 856 terr
1373 792 1376 797 '

112 873 228 948 sanguis
243 873 374 932 meus.”¹

150 973 217 1027 114.
239 971 272 1027 S.
293 970 481 1029 Anauosrus:
512 971 629 1031 “Forte
655 971 750 1030 dicas:
781 971 868 1031 Aliud
888 972 990 1031 video:
1013 973 1160 1046 quomodo
1176 980 1212 1031 tu
1234 972 1308 1031 mihi

108 1068 222 1135 usseris,
238 1065 314 1140 quod
328 1086 432 1144 corpus
448 1066 557 1127 Christi
572 1070 729 1145 accipiam?
771 1070 811 1128 Et
824 1069 880 1127 hoc
904 1071 987 1128 uobis
1001 1082 1134 1147 superest
1157 1080 1190 1128 ut
1203 1072 1310 1149 probe·

108 1183 182 1223 mus.
223 1165 345 1232 Quantis
370 1167 455 1243 igitur
480 1167 586 1225 utimur
612 1169 754 1244 exemplis
781 1181 812 1226 ut
825 1170 978 1245 probemus
992 1188 1050 1226 uon
1065 1170 1120 1227 hoc
1136 1186 1203 1228 esse
1229 1166 1311 1243 quod

107 1276 206 1322 natura
226 1264 367 1332 formavit,
389 1263 439 1322 sed
461 1265 535 1338 quod
564 1266 724 1325 benedictio
745 1268 931 1334 consecravit,
948 1267 1143 1344 majoremque
1164 1267 1225 1327 rim
1240 1284 1310 1326 esse

107 1359 322 1429 benedictionis,
338 1381 423 1434 quam
437 1378 553 1430 nature,
569 1365 634 1436 quia
648 1362 845 1422 benedictione
866 1365 951 1421 etiam
966 1365 1029 1441 ipsa
1043 1375 1142 1422 natura
1155 1366 1309 1425 mutetur!

108 1458 226 1536 Virgam
241 1460 353 1518 tenebat
368 1461 499 1538 Moyses,
515 1462 636 1538 projecit
649 1480 722 1529 eam,
739 1474 768 1519 et
778 1462 851 1519 sacta
864 1474 1040 1542 estserpens
1054 1462 1073 1489 ’⁹

106 1555 179 1613 rima
193 1553 294 1613 deinde
309 1568 437 1614 recenset
458 1556 574 1631 Moysis
589 1568 617 1614 et
628 1557 834 1635 Prophetarum
856 1558 1001 1616 miracula.
1029 1557 1144 1626 “Quod
1158 1558 1310 1619 sitantum

108 1653 197 1710 valuit
217 1652 341 1711 humana
368 1653 530 1712 benedictio
551 1666 582 1712 ut
603 1668 730 1712 naturam
750 1666 936 1723 converteret,
952 1655 1020 1728 quid
1041 1655 1164 1714 dicimus
1186 1654 1225 1715 de
1245 1656 1314 1735 ipsa

108 1750 322 1808 consecratione
336 1749 442 1818 divina,
461 1752 508 1809 ubi
525 1752 609 1809 verba
622 1753 685 1828 ipsa
699 1751 818 1811 Domini
835 1752 990 1810 Salvatoris
1013 1752 1188 1829 operantur?
1232 1752 1313 1812 Nam
1382 1757 1383 1760 ’

109 1849 324 1907 Sacramentum
345 1848 420 1906 istud
442 1848 518 1922 quod
539 1851 678 1927 accipitis,
696 1851 805 1910 Christi
826 1870 959 1909 sermone
980 1852 1139 1910 conficitur.
1181 1850 1311 1919 Quodsi

108 1956 216 2002 tautum
231 1945 318 2003 valuit
331 1963 426 2004 sermo
440 1946 513 2003 Eliae
528 1958 559 2005 ut
572 1947 668 2023 ignem
684 1946 719 2004 de
734 1949 807 2006 coelo
821 1946 985 2024 deponeret,
1001 1967 1059 2007 non
1075 1948 1180 2007 vaiebit
1196 1948 1310 2007 Christi

109 2062 204 2102 sermo
217 2054 248 2103 ut
261 2047 373 2122 species
388 2056 477 2103 mutet
489 2045 716 2103 elementoruml
758 2046 803 2104 De
818 2048 903 2105 totius
918 2045 1016 2104 mundi
1037 2048 1172 2124 operibus
1190 2047 1306 2127 legisti:

110 2151 118 2178 ⁸
133 2142 208 2210 Quia
222 2143 284 2220 ipse
296 2142 378 2208 dixit,
393 2153 421 2199 et
434 2143 593 2209 factasunt,
609 2138 671 2218 ipse
688 2142 833 2201 mandavit
845 2155 873 2201 et
886 2155 978 2201 creata
992 2143 1080 2201 sunt.’
1122 2145 1229 2204 Sermo
1242 2162 1310 2221 ergo

110 2238 232 2308 Christi,
247 2240 296 2314 qui
311 2239 403 2317 potuit
414 2258 451 2297 ex
464 2239 554 2298 nihilo
568 2240 660 2297 iacere
676 2239 753 2312 quod
768 2259 825 2298 non
840 2251 909 2307 erat,
926 2260 982 2299 nou
998 2250 1092 2317 potest
1111 2258 1145 2299 ea
1159 2250 1306 2315 quaesunt

110 2339 140 2396 in
153 2337 182 2395 id
193 2349 302 2398 mutare
314 2337 391 2412 quod
406 2357 463 2397 non
477 2339 580 2395 erantl
602 2339 631 2396 N
634 2357 670 2396 on
685 2339 762 2397 enim
777 2339 873 2396 miuus
887 2348 932 2396 est
945 2358 1034 2396 novas
1045 2340 1129 2397 rebus
1141 2338 1210 2398 dare
1224 2357 1308 2414 quam

110 2449 218 2495 mutare
232 2445 356 2495 naturas.
398 2435 456 2493 Sed
477 2435 545 2510 quid
567 2437 741 2512 argumentis
770 2436 898 2493 utimur?
939 2436 1007 2493 Suis
1022 2445 1135 2495 utamur
1154 2436 1307 2514 exemplis,

110 2532 373 2606 incarnationisque
407 2534 540 2610 exemplo
569 2532 746 2591 adstruamus
776 2534 909 2608 mysterii
936 2534 1093 2591 veritatem.
1157 2533 1306 2607 Numquid

110 2639 215 2688 naturre
230 2649 298 2687 usus
313 2631 468 2706 precessit,
482 2649 547 2687 curn
561 2631 647 2687 Jesns
660 2630 802 2688 Dominus
812 2648 849 2687 ex
863 2631 956 2688 Maria
970 2631 1155 2688 nasceretur?
1185 2632 1219 2689 Si
1234 2630 1306 2690 ordi·

112 2745 179 2784 nem
208 2728 373 2800 querimus,
395 2728 456 2784 viro
486 2728 574 2785 mixta
594 2729 711 2785 soemina
736 2746 869 2804 generare
891 2730 1049 2786 cousuevit.
1091 2728 1199 2802 Liquet
1225 2729 1309 2808 igitur

112 2822 188 2898 quod
210 2836 311 2900 pra-ter
334 2834 441 2881 naturae
462 2824 589 2882 ordinem
613 2825 702 2900 Virgo
722 2826 886 2901 generavit;
908 2844 948 2883 er
962 2844 1111 2891 soconon
1125 2844 1304 2885 corrueremus

112 2939 233 2988 coneus,
255 2940 295 2978 ux
323 2921 456 2978 Vmerus
485 2940 550 2979 sss.
593 2921 669 2988 Quid
695 2922 741 2978 hic
758 2923 861 2995 quaeris
887 2932 992 2979 naturae
1008 2921 1139 2980 ordinem
1153 2923 1182 2981 in
1199 2921 1308 2980 Christi

113 3036 241 3096 corpore,
257 3038 322 3076 cum
337 3032 437 3096 praeter
458 3029 585 3078 naturam
600 3021 637 3078 sit
650 3022 712 3097 ipse
728 3021 871 3078 Dominus
886 3019 972 3078 Jesus
989 3031 1084 3097 partus
1099 3039 1137 3078 ex
1167 3021 1310 3098 Virgine?

114 3118 191 3176 Vera
204 3118 302 3191 utique
317 3137 382 3176 caro
404 3117 514 3177 Christi
536 3139 599 3192 quae
625 3120 762 3177 crucifixa
782 3130 835 3187 est,
852 3138 915 3192 quae
937 3119 1049 3196 sepulta
1063 3130 1129 3177 est:
1152 3120 1230 3178 Vere
1245 3138 1312 3198 ergo

114 3215 207 3274 carnis
227 3215 303 3274 illins
317 3216 531 3275 Sacramentum
546 3226 598 3273 est.
641 3216 707 3292 lpse
722 3217 824 3275 clamat
846 3216 989 3275 Dominus
1010 3216 1119 3273 Jesus:
1143 3215 1235 3275 ‘Hoc
1259 3234 1313 3275 ssu
1347 3228 1393 3247 ⁴·

114 3332 224 3373 correus
251 3313 360 3372 nsum?
399 3316 474 3372 Ante
485 3313 711 3372 benedictionem
725 3315 872 3372 verborum
888 3314 1054 3381 celestium,
1072 3313 1251 3390 aliaspecies
1266 3331 1396 3372 οπο-

16 3477 19 3483 ,
114 3413 254 3472 minatur:
277 3424 343 3489 post
354 3412 595 3469 consecrationem
611 3430 716 3487 corpus
733 3410 841 3468 Christi
854 3410 1038 3487 significatur.
1085 3409 1154 3487 Ipse
1170 3409 1241 3469 dicit
1253 3430 1397 3468 san-

114 3511 232 3588 guinem
258 3529 352 3568 suum.
394 3511 468 3567 Ante
484 3511 727 3567 consecrationem
743 3507 818 3566 aliud
833 3508 952 3566 dicitur:
975 3519 1041 3584 post
1066 3509 1397 3568 consecrationem·

116 3609 232 3684 sanguis
247 3617 434 3683 nuncupatur.
476 3607 516 3664 Et
538 3619 565 3664 tu
588 3607 670 3673 dicis,
687 3609 798 3664 Arrun:
821 3605 887 3663 Hoc
901 3615 954 3671 est,
970 3623 1068 3662 verum
1081 3617 1132 3662 est
1180 3605 1269 3672 Quod
1283 3614 1396 3665 o&

115 3705 252 3779 loquitur,
277 3725 359 3763 mens
386 3707 494 3764 interna
518 3706 658 3763 fateatur:
695 3705 771 3779 quod
796 3725 890 3762 sermo
912 3714 1002 3772 sonat,
1018 3704 1137 3762 affectus
1163 3687 1396 3763 sentiat.”=‘³

116 3803 200 3870 Quod
208 3803 320 3861 dixitS.
333 3804 450 3862 Doctor:
463 3814 587 3880 “corpus
598 3803 706 3861 Christi
719 3802 912 3881 significatur’'
924 3802 1083 3860 relerturad
1093 3804 1207 3878 species
1226 3812 1393 3862 exter‘·

120 3917 185 3966 nas,
199 3900 251 3955 sub
266 3900 367 3971 quibus
384 3918 447 3957 vere
463 3898 562 3956 adesse
577 3919 680 3975 corpus
692 3901 787 3976 ipsum
803 3918 839 3957 ex
854 3909 913 3955 toto
927 3899 1075 3957 ratiocinio
1090 3899 1191 3971 liquet.

157 4001 223 4053 115.
246 3995 277 4052 S.
294 3996 517 4054 Hneaonrnus:
541 4005 560 4032 “
574 3997 656 4053 Absit
669 4008 699 4054 nt
720 3995 754 4053 de
776 3995 820 4052 his
843 3994 997 4068 quidquam
1019 3996 1168 4054 sinistrum
1196 3996 1373 4071 loquarq

117 4096 166 4168 qui
181 4094 349 4170 Apostolico
361 4093 459 4168 gradui
471 4091 667 4160 succedentes,
685 4094 793 4152 Christi
808 4112 913 4168 corpus
928 4111 1009 4151 sacro
1025 4112 1073 4151 ore
1088 4093 1296 4154 scansionem

159 4194 224 4248 116.
259 4191 291 4246 S.
312 4188 447 4247 loannes
471 4190 723 4248 Cnnrsosronus:
748 4189 806 4246 “O
829 4188 1015 4247 miraculum!
1038 4188 1135 4246 ODei
1156 4189 1378 4268 benignita·

116 4300 173 4347 tem
190 4285 198 4344 l
221 4286 270 4359 qui
287 4303 352 4345 cum
368 4285 451 4342 Patre
466 4305 578 4344 sursum
594 4285 683 4352 sedet,
699 4285 728 4342 in
743 4284 791 4341 illo
806 4286 871 4361 ipso
896 4286 1033 4360 temporis
1049 4285 1168 4345 articulo
1182 4288 1363 4347 omnium

213 4463 254 4529 (1)
273 4460 410 4511 Comment
422 4460 453 4509 ad
464 4461 560 4524 Evsng.
572 4462 637 4526 apud
649 4461 776 4511 Wisemsn
787 4460 813 4510 in
832 4476 903 4526 opere
915 4460 988 4510 Here
1001 4461 1107 4526 Syrisce
1120 4477 1146 4527 p.
1154 4463 1199 4511 60.

214 4547 257 4614 (2)
276 4547 305 4598 1..
316 4547 346 4597 de
358 4547 396 4596 his
408 4546 451 4610 qui
463 4548 725 4617 mysteriis-initientur
736 4565 756 4598 c.
769 4547 803 4597 ix.

214 4635 255 4701 (3)
272 4633 320 4700 Ep.
332 4632 348 4683 i.
360 4633 390 4683 ud
403 4632 572 4682 Heliodorum.
