<?xml version="1.0" encoding="UTF-8"?>
<!DOCTYPE html PUBLIC "-//W3C//DTD XHTML 1.0 Transitional//EN"
    "http://www.w3.org/TR/xhtml1/DTD/xhtml1-transitional.dtd">
<html xmlns="http://www.w3.org/1999/xhtml" xml:lang="en" lang="en">
 <head>
  <title>
</title>
<meta http-equiv="Content-Type" content="text/html;charset=utf-8" />
  <meta name='ocr-system' content='tesseract 3.04.00' />
  <meta name='ocr-capabilities' content='ocr_page ocr_carea ocr_par ocr_line ocrx_word'/>
</head>
<body>
  <div class='ocr_page' id='page_1' title='image "./theologidogmati03kenrgoog_0335.png"; bbox 0 0 2774 5056; ppageno 0'>
   <div class='ocr_carea' id='block_1_1' title="bbox 114 294 902 375">
    <p class='ocr_par' dir='ltr' id='par_1_1' title="bbox 114 294 902 375">
     <span class='ocr_line' id='line_1_1' title="bbox 114 294 902 375; baseline 0.004 -21"><span class='ocrx_word' id='word_1_1' title='bbox 114 298 171 357; x_wconf 78' lang='lat' dir='ltr'><strong>aee</strong></span> <span class='ocrx_word' id='word_1_2' title='bbox 474 370 477 375; x_wconf 23' lang='lat'>¹</span> <span class='ocrx_word' id='word_1_3' title='bbox 516 294 573 356; x_wconf 84' lang='lat' dir='ltr'><strong>nu</strong></span> <span class='ocrx_word' id='word_1_4' title='bbox 594 295 902 359; x_wconf 83' lang='lat' dir='ltr'><strong>conrnrnnnu.</strong></span> 
     </span>
    </p>
   </div>
   <div class='ocr_carea' id='block_1_2' title="bbox 113 452 1322 2867">
    <p class='ocr_par' dir='ltr' id='par_1_2' title="bbox 113 452 1319 1116">
     <span class='ocr_line' id='line_1_2' title="bbox 113 452 1319 534; baseline -0.002 -20"><span class='ocrx_word' id='word_1_5' title='bbox 113 472 178 514; x_wconf 87' lang='lat' dir='ltr'><strong>esee</strong></span> <span class='ocrx_word' id='word_1_6' title='bbox 193 453 451 514; x_wconf 85' lang='lat' dir='ltr'><strong>adscribendam.‘’²</strong></span> <span class='ocrx_word' id='word_1_7' title='bbox 472 455 621 534; x_wconf 82' lang='lat' dir='ltr'><strong>Negarem</strong></span> <span class='ocrx_word' id='word_1_8' title='bbox 633 455 732 534; x_wconf 89' lang='lat' dir='ltr'><strong>Bajus,</strong></span> <span class='ocrx_word' id='word_1_9' title='bbox 747 454 898 515; x_wconf 89' lang='lat' dir='ltr'><strong>lansenius</strong></span> <span class='ocrx_word' id='word_1_10' title='bbox 913 455 1051 534; x_wconf 87' lang='lat' dir='ltr'><strong>lpreneis,</strong></span> <span class='ocrx_word' id='word_1_11' title='bbox 1067 464 1096 515; x_wconf 86' lang='lat' dir='ltr'><strong>et</strong></span> <span class='ocrx_word' id='word_1_12' title='bbox 1109 457 1197 516; x_wconf 88' lang='lat' dir='ltr'><strong>etiam</strong></span> <span class='ocrx_word' id='word_1_13' title='bbox 1212 452 1319 516; x_wconf 87' lang='lat' dir='ltr'><strong>Estius</strong></span> 
     </span>
     <span class='ocr_line' id='line_1_3' title="bbox 113 552 1316 629; baseline -0.002 -16"><span class='ocrx_word' id='word_1_14' title='bbox 113 552 261 613; x_wconf 88' lang='lat' dir='ltr'><strong>hominem</strong></span> <span class='ocrx_word' id='word_1_15' title='bbox 276 552 457 627; x_wconf 83' lang='lat' dir='ltr'><strong>quantumuis</strong></span> <span class='ocrx_word' id='word_1_16' title='bbox 472 554 623 614; x_wconf 91' lang='lat' dir='ltr'><strong>contritum</strong></span> <span class='ocrx_word' id='word_1_17' title='bbox 638 563 719 612; x_wconf 86' lang='lat' dir='ltr'><strong>extra</strong></span> <span class='ocrx_word' id='word_1_18' title='bbox 730 564 940 614; x_wconf 88' lang='lat' dir='ltr'><strong>sacramentum</strong></span> <span class='ocrx_word' id='word_1_19' title='bbox 953 555 1067 614; x_wconf 82' lang='lat' dir='ltr'><strong>veniam</strong></span> <span class='ocrx_word' id='word_1_20' title='bbox 1087 554 1241 629; x_wconf 87' lang='lat' dir='ltr'><strong>consequi,</strong></span> <span class='ocrx_word' id='word_1_21' title='bbox 1256 552 1316 613; x_wconf 88' lang='lat' dir='ltr'><strong>uisi</strong></span> 
     </span>
     <span class='ocr_line' id='line_1_4' title="bbox 115 649 1319 728; baseline 0.002 -20"><span class='ocrx_word' id='word_1_22' title='bbox 115 649 145 708; x_wconf 92' lang='lat' dir='ltr'><strong>iu</strong></span> <span class='ocrx_word' id='word_1_23' title='bbox 174 650 351 719; x_wconf 76' lang='lat' dir='ltr'>necessitate,</span> <span class='ocrx_word' id='word_1_24' title='bbox 372 652 417 709; x_wconf 85' lang='lat' dir='ltr'><strong>vel</strong></span> <span class='ocrx_word' id='word_1_25' title='bbox 443 651 571 728; x_wconf 83' lang='lat' dir='ltr'><strong>martyrii</strong></span> <span class='ocrx_word' id='word_1_26' title='bbox 598 651 774 711; x_wconf 70' lang='lat' dir='ltr'><strong>occursione.¹</strong></span> <span class='ocrx_word' id='word_1_27' title='bbox 813 651 999 712; x_wconf 82' lang='lat' dir='ltr'><strong>Recentimes</strong></span> <span class='ocrx_word' id='word_1_28' title='bbox 1020 650 1151 711; x_wconf 80' lang='lat' dir='ltr'><strong>nonnulli</strong></span> <span class='ocrx_word' id='word_1_29' title='bbox 1178 650 1319 711; x_wconf 88' lang='lat' dir='ltr'><strong>charitati</strong></span> 
     </span>
     <span class='ocr_line' id='line_1_5' title="bbox 115 745 1318 824; baseline 0.002 -20"><span class='ocrx_word' id='word_1_30' title='bbox 115 745 278 805; x_wconf 87' lang='lat' dir='ltr'><strong>vehementi</strong></span> <span class='ocrx_word' id='word_1_31' title='bbox 291 758 320 805; x_wconf 89' lang='lat' dir='ltr'><strong>et</strong></span> <span class='ocrx_word' id='word_1_32' title='bbox 333 747 496 806; x_wconf 76' lang='lat' dir='ltr'><strong>contritioni</strong></span> <span class='ocrx_word' id='word_1_33' title='bbox 508 747 627 806; x_wconf 79' lang='lat' dir='ltr'><strong>intensae</strong></span> <span class='ocrx_word' id='word_1_34' title='bbox 641 747 755 807; x_wconf 85' lang='lat' dir='ltr'><strong>reniam</strong></span> <span class='ocrx_word' id='word_1_35' title='bbox 770 757 835 807; x_wconf 89' lang='lat' dir='ltr'><strong>aute</strong></span> <span class='ocrx_word' id='word_1_36' title='bbox 845 760 1011 824; x_wconf 87' lang='lat' dir='ltr'><strong>susceptum</strong></span> <span class='ocrx_word' id='word_1_37' title='bbox 1022 755 1234 806; x_wconf 75' lang='lat' dir='ltr'><strong>sacramentum</strong></span> <span class='ocrx_word' id='word_1_38' title='bbox 1247 765 1318 807; x_wconf 90' lang='lat' dir='ltr'><strong>con-</strong></span> 
     </span>
     <span class='ocr_line' id='line_1_6' title="bbox 115 842 1318 923; baseline 0.002 -21"><span class='ocrx_word' id='word_1_39' title='bbox 115 842 179 902; x_wconf 88' lang='lat' dir='ltr'><strong>cedi</strong></span> <span class='ocrx_word' id='word_1_40' title='bbox 193 843 303 903; x_wconf 88' lang='lat' dir='ltr'><strong>assensi</strong></span> <span class='ocrx_word' id='word_1_41' title='bbox 317 853 403 904; x_wconf 87' lang='lat' dir='ltr'><strong>sunt:</strong></span> <span class='ocrx_word' id='word_1_42' title='bbox 426 862 510 919; x_wconf 91' lang='lat' dir='ltr'><strong>quam</strong></span> <span class='ocrx_word' id='word_1_43' title='bbox 526 844 654 923; x_wconf 78' lang='lat' dir='ltr'><strong>plerique</strong></span> <span class='ocrx_word' id='word_1_44' title='bbox 678 845 807 905; x_wconf 89' lang='lat' dir='ltr'><strong>charitati</strong></span> <span class='ocrx_word' id='word_1_45' title='bbox 820 862 905 912; x_wconf 78' lang='lat' dir='ltr'><strong>verte,</strong></span> <span class='ocrx_word' id='word_1_46' title='bbox 921 845 987 903; x_wconf 88' lang='lat' dir='ltr'><strong>licet</strong></span> <span class='ocrx_word' id='word_1_47' title='bbox 1000 843 1076 903; x_wconf 82' lang='lat' dir='ltr'><strong>haud</strong></span> <span class='ocrx_word' id='word_1_48' title='bbox 1095 844 1318 914; x_wconf 84' lang='lat' dir='ltr'><strong>vehementiori,</strong></span> 
     </span>
     <span class='ocr_line' id='line_1_7' title="bbox 115 941 1318 1020; baseline 0.002 -21"><span class='ocrx_word' id='word_1_49' title='bbox 115 958 231 1019; x_wconf 82' lang='lat' dir='ltr'><strong>semper</strong></span> <span class='ocrx_word' id='word_1_50' title='bbox 245 941 328 1000; x_wconf 92' lang='lat' dir='ltr'><strong>tribui</strong></span> <span class='ocrx_word' id='word_1_51' title='bbox 342 951 450 1020; x_wconf 89' lang='lat' dir='ltr'><strong>putant.</strong></span> <span class='ocrx_word' id='word_1_52' title='bbox 493 952 512 980; x_wconf 82' lang='lat'><strong>‘¹</strong></span> <span class='ocrx_word' id='word_1_53' title='bbox 525 942 693 1017; x_wconf 82' lang='lat' dir='ltr'><strong>Omnis&#39;qui</strong></span> <span class='ocrx_word' id='word_1_54' title='bbox 708 943 808 1020; x_wconf 83' lang='lat' dir='ltr'><strong>diligit,</strong></span> <span class='ocrx_word' id='word_1_55' title='bbox 823 962 861 1002; x_wconf 86' lang='lat' dir='ltr'><strong>cx</strong></span> <span class='ocrx_word' id='word_1_56' title='bbox 876 942 941 1002; x_wconf 91' lang='lat' dir='ltr'><strong>Deo</strong></span> <span class='ocrx_word' id='word_1_57' title='bbox 962 955 1043 1002; x_wconf 87' lang='lat' dir='ltr'><strong>natus</strong></span> <span class='ocrx_word' id='word_1_58' title='bbox 1058 942 1148 1001; x_wconf 83' lang='lat' dir='ltr'><strong>est.’&#39;⁸</strong></span> <span class='ocrx_word' id='word_1_59' title='bbox 1187 941 1318 1003; x_wconf 91' lang='lat' dir='ltr'><strong>Pulchre</strong></span> 
     </span>
     <span class='ocr_line' id='line_1_8' title="bbox 117 1037 1126 1116; baseline 0.001 -18"><span class='ocrx_word' id='word_1_60' title='bbox 117 1037 364 1116; x_wconf 73' lang='lat' dir='ltr'><strong>chrysostomus:</strong></span> <span class='ocrx_word' id='word_1_61' title='bbox 387 1050 407 1080; x_wconf 77' lang='lat'><strong>‘⁶</strong></span> <span class='ocrx_word' id='word_1_62' title='bbox 420 1041 479 1101; x_wconf 91' lang='lat' dir='ltr'><strong>Ubi</strong></span> <span class='ocrx_word' id='word_1_63' title='bbox 492 1041 614 1103; x_wconf 77' lang='lat' dir='ltr'><strong>chariton</strong></span> <span class='ocrx_word' id='word_1_64' title='bbox 627 1052 681 1110; x_wconf 89' lang='lat' dir='ltr'><strong>est,</strong></span> <span class='ocrx_word' id='word_1_65' title='bbox 695 1045 792 1103; x_wconf 87' lang='lat' dir='ltr'><strong>omnia</strong></span> <span class='ocrx_word' id='word_1_66' title='bbox 805 1040 915 1103; x_wconf 89' lang='lat' dir='ltr'><strong>sublata</strong></span> <span class='ocrx_word' id='word_1_67' title='bbox 927 1049 994 1099; x_wconf 89' lang='lat' dir='ltr'><strong>sunt</strong></span> <span class='ocrx_word' id='word_1_68' title='bbox 1007 1041 1126 1101; x_wconf 84' lang='lat' dir='ltr'><strong>mala.”⁴</strong></span> 
     </span>
    </p>

    <p class='ocr_par' dir='ltr' id='par_1_3' title="bbox 116 1136 1322 2867">
     <span class='ocr_line' id='line_1_9' title="bbox 157 1136 1319 1215; baseline 0.004 -21"><span class='ocrx_word' id='word_1_69' title='bbox 157 1140 206 1195; x_wconf 83' lang='lat'><strong>58.</strong></span> <span class='ocrx_word' id='word_1_70' title='bbox 222 1146 242 1174; x_wconf 77' lang='lat'><strong>‘⁶</strong></span> <span class='ocrx_word' id='word_1_71' title='bbox 252 1136 334 1196; x_wconf 90' lang='lat' dir='ltr'><strong>lllam</strong></span> <span class='ocrx_word' id='word_1_72' title='bbox 346 1137 412 1197; x_wconf 87' lang='lat' dir='ltr'><strong>verd</strong></span> <span class='ocrx_word' id='word_1_73' title='bbox 424 1138 622 1198; x_wconf 86' lang='lat' dir='ltr'><strong>contritionem</strong></span> <span class='ocrx_word' id='word_1_74' title='bbox 637 1137 843 1215; x_wconf 76' lang='lat' dir='ltr'><strong>imperfectam,</strong></span> <span class='ocrx_word' id='word_1_75' title='bbox 858 1156 921 1212; x_wconf 78' lang='lat' dir='ltr'><strong>que</strong></span> <span class='ocrx_word' id='word_1_76' title='bbox 936 1137 1040 1197; x_wconf 83' lang='lat' dir='ltr'><strong>attritio</strong></span> <span class='ocrx_word' id='word_1_77' title='bbox 1053 1137 1166 1208; x_wconf 90' lang='lat' dir='ltr'><strong>dicitur,</strong></span> <span class='ocrx_word' id='word_1_78' title='bbox 1176 1138 1319 1213; x_wconf 84' lang='lat' dir='ltr'><strong>quoniam</strong></span> 
     </span>
     <span class='ocr_line' id='line_1_10' title="bbox 117 1232 1318 1314; baseline 0.003 -24"><span class='ocrx_word' id='word_1_79' title='bbox 117 1232 163 1291; x_wconf 86' lang='lat' dir='ltr'><strong>vel</strong></span> <span class='ocrx_word' id='word_1_80' title='bbox 176 1250 214 1292; x_wconf 87' lang='lat' dir='ltr'><strong>ex</strong></span> <span class='ocrx_word' id='word_1_81' title='bbox 233 1234 415 1312; x_wconf 77' lang='lat' dir='ltr'><strong>turpitudinis</strong></span> <span class='ocrx_word' id='word_1_82' title='bbox 430 1236 539 1314; x_wconf 90' lang='lat' dir='ltr'><strong>peccati</strong></span> <span class='ocrx_word' id='word_1_83' title='bbox 559 1234 796 1302; x_wconf 85' lang='lat' dir='ltr'><strong>consideratione,</strong></span> <span class='ocrx_word' id='word_1_84' title='bbox 819 1234 864 1293; x_wconf 86' lang='lat' dir='ltr'><strong>vel</strong></span> <span class='ocrx_word' id='word_1_85' title='bbox 884 1252 921 1293; x_wconf 88' lang='lat' dir='ltr'><strong>ex</strong></span> <span class='ocrx_word' id='word_1_86' title='bbox 941 1233 1091 1311; x_wconf 75' lang='lat' dir='ltr'><strong>gehenne,</strong></span> <span class='ocrx_word' id='word_1_87' title='bbox 1113 1243 1144 1294; x_wconf 86' lang='lat' dir='ltr'><strong>et</strong></span> <span class='ocrx_word' id='word_1_88' title='bbox 1163 1252 1318 1313; x_wconf 77' lang='lat' dir='ltr'><strong>prunarum</strong></span> 
     </span>
     <span class='ocr_line' id='line_1_11' title="bbox 117 1330 1319 1412; baseline 0.001 -21"><span class='ocrx_word' id='word_1_89' title='bbox 117 1340 196 1391; x_wconf 86' lang='lat' dir='ltr'><strong>metu</strong></span> <span class='ocrx_word' id='word_1_90' title='bbox 208 1333 399 1393; x_wconf 90' lang='lat' dir='ltr'><strong>communiter</strong></span> <span class='ocrx_word' id='word_1_91' title='bbox 420 1332 590 1411; x_wconf 88' lang='lat' dir='ltr'><strong>concipitur,</strong></span> <span class='ocrx_word' id='word_1_92' title='bbox 604 1333 630 1391; x_wconf 92' lang='lat' dir='ltr'><strong>si</strong></span> <span class='ocrx_word' id='word_1_93' title='bbox 645 1333 818 1392; x_wconf 84' lang='lat' dir='ltr'><strong>voluntatem</strong></span> <span class='ocrx_word' id='word_1_94' title='bbox 842 1330 981 1410; x_wconf 73' lang='lat' dir='ltr'><strong>pemandi</strong></span> <span class='ocrx_word' id='word_1_95' title='bbox 1001 1330 1145 1401; x_wconf 86' lang='lat' dir='ltr'><strong>excludat,</strong></span> <span class='ocrx_word' id='word_1_96' title='bbox 1168 1350 1238 1392; x_wconf 89' lang='lat' dir='ltr'><strong>cum</strong></span> <span class='ocrx_word' id='word_1_97' title='bbox 1262 1351 1319 1412; x_wconf 89' lang='lat' dir='ltr'><strong>spe</strong></span> 
     </span>
     <span class='ocr_line' id='line_1_12' title="bbox 118 1428 1319 1511; baseline 0.003 -25"><span class='ocrx_word' id='word_1_98' title='bbox 118 1428 226 1487; x_wconf 76' lang='lat' dir='ltr'><strong>venie:</strong></span> <span class='ocrx_word' id='word_1_99' title='bbox 247 1428 371 1489; x_wconf 80' lang='lat' dir='ltr'><strong>declaret</strong></span> <span class='ocrx_word' id='word_1_100' title='bbox 384 1428 545 1511; x_wconf 73' lang='lat' dir='ltr'><strong>(Synodue</strong></span> <span class='ocrx_word' id='word_1_101' title='bbox 563 1428 757 1506; x_wconf 69' lang='lat' dir='ltr'><strong>Tridentino)</strong></span> <span class='ocrx_word' id='word_1_102' title='bbox 772 1448 831 1489; x_wconf 92' lang='lat' dir='ltr'><strong>non</strong></span> <span class='ocrx_word' id='word_1_103' title='bbox 850 1430 945 1490; x_wconf 89' lang='lat' dir='ltr'><strong>solum</strong></span> <span class='ocrx_word' id='word_1_104' title='bbox 965 1447 1025 1490; x_wconf 89' lang='lat' dir='ltr'><strong>non</strong></span> <span class='ocrx_word' id='word_1_105' title='bbox 1048 1429 1142 1489; x_wconf 84' lang='lat' dir='ltr'><strong>iacere</strong></span> <span class='ocrx_word' id='word_1_106' title='bbox 1162 1428 1319 1490; x_wconf 88' lang='lat' dir='ltr'><strong>hominem</strong></span> 
     </span>
     <span class='ocr_line' id='line_1_13' title="bbox 117 1525 1320 1606; baseline 0.002 -22"><span class='ocrx_word' id='word_1_107' title='bbox 117 1525 307 1604; x_wconf 79' lang='lat' dir='ltr'><strong>hypocriten,</strong></span> <span class='ocrx_word' id='word_1_108' title='bbox 322 1537 352 1586; x_wconf 91' lang='lat' dir='ltr'><strong>et</strong></span> <span class='ocrx_word' id='word_1_109' title='bbox 364 1528 455 1605; x_wconf 80' lang='lat' dir='ltr'><strong>magis</strong></span> <span class='ocrx_word' id='word_1_110' title='bbox 470 1536 659 1604; x_wconf 83' lang='lat' dir='ltr'><strong>peccatorem,</strong></span> <span class='ocrx_word' id='word_1_111' title='bbox 675 1544 773 1585; x_wconf 85' lang='lat' dir='ltr'><strong>verum</strong></span> <span class='ocrx_word' id='word_1_112' title='bbox 787 1528 872 1585; x_wconf 86' lang='lat' dir='ltr'><strong>ctiam</strong></span> <span class='ocrx_word' id='word_1_113' title='bbox 885 1525 994 1587; x_wconf 91' lang='lat' dir='ltr'><strong>donum</strong></span> <span class='ocrx_word' id='word_1_114' title='bbox 1009 1526 1065 1587; x_wconf 88' lang='lat' dir='ltr'><strong>Dei</strong></span> <span class='ocrx_word' id='word_1_115' title='bbox 1079 1545 1155 1594; x_wconf 85' lang='lat' dir='ltr'><strong>esse,</strong></span> <span class='ocrx_word' id='word_1_116' title='bbox 1170 1536 1201 1586; x_wconf 94' lang='lat' dir='ltr'><strong>et</strong></span> <span class='ocrx_word' id='word_1_117' title='bbox 1222 1527 1320 1606; x_wconf 78' lang='lat' dir='ltr'><strong>Spiri-</strong></span> 
     </span>
     <span class='ocr_line' id='line_1_14' title="bbox 118 1623 1319 1701; baseline 0.001 -18"><span class='ocrx_word' id='word_1_118' title='bbox 118 1632 164 1683; x_wconf 83' lang='lat' dir='ltr'><strong>tue</strong></span> <span class='ocrx_word' id='word_1_119' title='bbox 177 1623 276 1682; x_wconf 81' lang='lat' dir='ltr'><strong>Sancti</strong></span> <span class='ocrx_word' id='word_1_120' title='bbox 290 1623 456 1701; x_wconf 89' lang='lat' dir='ltr'><strong>impulsum,</strong></span> <span class='ocrx_word' id='word_1_121' title='bbox 470 1642 529 1683; x_wconf 93' lang='lat' dir='ltr'><strong>non</strong></span> <span class='ocrx_word' id='word_1_122' title='bbox 539 1623 632 1684; x_wconf 86' lang='lat' dir='ltr'><strong>adhuc</strong></span> <span class='ocrx_word' id='word_1_123' title='bbox 647 1623 763 1696; x_wconf 89' lang='lat' dir='ltr'><strong>quidem</strong></span> <span class='ocrx_word' id='word_1_124' title='bbox 778 1624 972 1694; x_wconf 85' lang='lat' dir='ltr'><strong>inhabitantis,</strong></span> <span class='ocrx_word' id='word_1_125' title='bbox 982 1625 1034 1685; x_wconf 88' lang='lat' dir='ltr'><strong>sed</strong></span> <span class='ocrx_word' id='word_1_126' title='bbox 1047 1634 1156 1684; x_wconf 88' lang='lat' dir='ltr'><strong>tantum</strong></span> <span class='ocrx_word' id='word_1_127' title='bbox 1171 1626 1319 1687; x_wconf 85' lang='lat' dir='ltr'><strong>moventis</strong></span> 
     </span>
     <span class='ocr_line' id='line_1_15' title="bbox 117 1721 1320 1801; baseline 0.004 -22"><span class='ocrx_word' id='word_1_128' title='bbox 117 1738 176 1794; x_wconf 88' lang='lat' dir='ltr'><strong>quo</strong></span> <span class='ocrx_word' id='word_1_129' title='bbox 190 1723 331 1797; x_wconf 73' lang='lat' dir='ltr'><strong>penitens</strong></span> <span class='ocrx_word' id='word_1_130' title='bbox 345 1721 458 1799; x_wconf 84' lang='lat' dir='ltr'><strong>adjutus</strong></span> <span class='ocrx_word' id='word_1_131' title='bbox 471 1723 548 1783; x_wconf 87' lang='lat' dir='ltr'><strong>viam</strong></span> <span class='ocrx_word' id='word_1_132' title='bbox 568 1721 624 1781; x_wconf 86' lang='lat' dir='ltr'><strong>eibi</strong></span> <span class='ocrx_word' id='word_1_133' title='bbox 644 1721 680 1780; x_wconf 85' lang='lat' dir='ltr'><strong>ad</strong></span> <span class='ocrx_word' id='word_1_134' title='bbox 696 1722 837 1799; x_wconf 82' lang='lat' dir='ltr'><strong>justitiam</strong></span> <span class='ocrx_word' id='word_1_135' title='bbox 863 1733 953 1801; x_wconf 89' lang='lat' dir='ltr'><strong>parat.</strong></span> <span class='ocrx_word' id='word_1_136' title='bbox 995 1724 1036 1783; x_wconf 86' lang='lat' dir='ltr'><strong>Et</strong></span> <span class='ocrx_word' id='word_1_137' title='bbox 1048 1723 1181 1798; x_wconf 81' lang='lat' dir='ltr'><strong>quamvis</strong></span> <span class='ocrx_word' id='word_1_138' title='bbox 1194 1726 1261 1785; x_wconf 83' lang='lat' dir='ltr'><strong>siue</strong></span> <span class='ocrx_word' id='word_1_139' title='bbox 1274 1743 1320 1784; x_wconf 89' lang='lat' dir='ltr'><strong>sa·</strong></span> 
     </span>
     <span class='ocr_line' id='line_1_16' title="bbox 117 1818 1318 1899; baseline 0.005 -22"><span class='ocrx_word' id='word_1_140' title='bbox 117 1830 264 1879; x_wconf 83' lang='lat' dir='ltr'><strong>cremento</strong></span> <span class='ocrx_word' id='word_1_141' title='bbox 290 1819 462 1897; x_wconf 76' lang='lat' dir='ltr'><strong>poenitentia</strong></span> <span class='ocrx_word' id='word_1_142' title='bbox 491 1838 543 1899; x_wconf 89' lang='lat' dir='ltr'><strong>per</strong></span> <span class='ocrx_word' id='word_1_143' title='bbox 573 1836 606 1878; x_wconf 85' lang='lat' dir='ltr'><strong>ee</strong></span> <span class='ocrx_word' id='word_1_144' title='bbox 632 1818 668 1878; x_wconf 84' lang='lat' dir='ltr'><strong>ad</strong></span> <span class='ocrx_word' id='word_1_145' title='bbox 690 1819 925 1897; x_wconf 82' lang='lat' dir='ltr'><strong>justificationem</strong></span> <span class='ocrx_word' id='word_1_146' title='bbox 952 1819 1107 1899; x_wconf 87' lang='lat' dir='ltr'><strong>perducere</strong></span> <span class='ocrx_word' id='word_1_147' title='bbox 1135 1829 1318 1897; x_wconf 83' lang='lat' dir='ltr'><strong>peccatorem</strong></span> 
     </span>
     <span class='ocr_line' id='line_1_17' title="bbox 116 1913 1320 1993; baseline 0.002 -20"><span class='ocrx_word' id='word_1_148' title='bbox 116 1925 250 1989; x_wconf 81' lang='lat' dir='ltr'><strong>nequent,</strong></span> <span class='ocrx_word' id='word_1_149' title='bbox 265 1924 360 1975; x_wconf 71' lang='lat' dir='ltr'><strong>umen</strong></span> <span class='ocrx_word' id='word_1_150' title='bbox 373 1933 440 1975; x_wconf 89' lang='lat' dir='ltr'><strong>eum</strong></span> <span class='ocrx_word' id='word_1_151' title='bbox 462 1914 498 1974; x_wconf 90' lang='lat' dir='ltr'><strong>ad</strong></span> <span class='ocrx_word' id='word_1_152' title='bbox 518 1913 575 1974; x_wconf 87' lang='lat' dir='ltr'><strong>Dei</strong></span> <span class='ocrx_word' id='word_1_153' title='bbox 595 1913 714 1992; x_wconf 74' lang='lat' dir='ltr'><strong>gratiam</strong></span> <span class='ocrx_word' id='word_1_154' title='bbox 738 1914 769 1974; x_wconf 92' lang='lat' dir='ltr'><strong>in</strong></span> <span class='ocrx_word' id='word_1_155' title='bbox 782 1925 960 1975; x_wconf 89' lang='lat' dir='ltr'><strong>sacramento</strong></span> <span class='ocrx_word' id='word_1_156' title='bbox 974 1915 1148 1993; x_wconf 73' lang='lat' dir='ltr'><strong>penitentie</strong></span> <span class='ocrx_word' id='word_1_157' title='bbox 1162 1915 1320 1993; x_wconf 87' lang='lat' dir='ltr'><strong>impetran-</strong></span> 
     </span>
     <span class='ocr_line' id='line_1_18' title="bbox 116 2009 1317 2090; baseline 0 -19"><span class='ocrx_word' id='word_1_158' title='bbox 116 2010 182 2071; x_wconf 90' lang='lat' dir='ltr'><strong>dam</strong></span> <span class='ocrx_word' id='word_1_159' title='bbox 198 2010 372 2090; x_wconf 79' lang='lat' dir='ltr'><strong>disponit.”⁸</strong></span> <span class='ocrx_word' id='word_1_160' title='bbox 412 2011 514 2071; x_wconf 85' lang='lat' dir='ltr'><strong>Plures</strong></span> <span class='ocrx_word' id='word_1_161' title='bbox 536 2029 571 2070; x_wconf 85' lang='lat' dir='ltr'><strong>ee</strong></span> <span class='ocrx_word' id='word_1_162' title='bbox 592 2009 628 2069; x_wconf 90' lang='lat' dir='ltr'><strong>de</strong></span> <span class='ocrx_word' id='word_1_163' title='bbox 649 2028 680 2069; x_wconf 88' lang='lat' dir='ltr'><strong>re</strong></span> <span class='ocrx_word' id='word_1_164' title='bbox 704 2010 753 2069; x_wconf 88' lang='lat' dir='ltr'><strong>lati</strong></span> <span class='ocrx_word' id='word_1_165' title='bbox 777 2020 844 2071; x_wconf 83' lang='lat' dir='ltr'><strong>sunt</strong></span> <span class='ocrx_word' id='word_1_166' title='bbox 863 2029 1007 2072; x_wconf 81' lang='lat' dir='ltr'><strong>canones:</strong></span> <span class='ocrx_word' id='word_1_167' title='bbox 1031 2012 1098 2071; x_wconf 76' lang='lat' dir='ltr'><strong>“si</strong></span> <span class='ocrx_word' id='word_1_168' title='bbox 1118 2012 1185 2087; x_wconf 81' lang='lat' dir='ltr'><strong>quia</strong></span> <span class='ocrx_word' id='word_1_169' title='bbox 1199 2011 1317 2082; x_wconf 83' lang='lat' dir='ltr'><strong>dixerit,</strong></span> 
     </span>
     <span class='ocr_line' id='line_1_19' title="bbox 117 2105 1318 2187; baseline 0.001 -20"><span class='ocrx_word' id='word_1_170' title='bbox 117 2108 257 2187; x_wconf 79' lang='lat' dir='ltr'><strong>gehenne</strong></span> <span class='ocrx_word' id='word_1_171' title='bbox 270 2118 390 2177; x_wconf 87' lang='lat' dir='ltr'><strong>metum,</strong></span> <span class='ocrx_word' id='word_1_172' title='bbox 402 2125 454 2186; x_wconf 88' lang='lat' dir='ltr'><strong>par</strong></span> <span class='ocrx_word' id='word_1_173' title='bbox 464 2125 549 2182; x_wconf 87' lang='lat' dir='ltr'><strong>quem</strong></span> <span class='ocrx_word' id='word_1_174' title='bbox 564 2105 600 2165; x_wconf 85' lang='lat' dir='ltr'><strong>ad</strong></span> <span class='ocrx_word' id='word_1_175' title='bbox 614 2105 837 2166; x_wconf 82' lang='lat' dir='ltr'><strong>mirericordiam</strong></span> <span class='ocrx_word' id='word_1_176' title='bbox 852 2106 910 2167; x_wconf 89' lang='lat' dir='ltr'><strong>Dei</strong></span> <span class='ocrx_word' id='word_1_177' title='bbox 924 2106 961 2167; x_wconf 89' lang='lat' dir='ltr'><strong>de</strong></span> <span class='ocrx_word' id='word_1_178' title='bbox 974 2109 1100 2186; x_wconf 79' lang='lat' dir='ltr'><strong>peucetio</strong></span> <span class='ocrx_word' id='word_1_179' title='bbox 1109 2106 1236 2168; x_wconf 85' lang='lat' dir='ltr'><strong>dolendo</strong></span> <span class='ocrx_word' id='word_1_180' title='bbox 1248 2125 1318 2169; x_wconf 90' lang='lat' dir='ltr'><strong>con·</strong></span> 
     </span>
     <span class='ocr_line' id='line_1_20' title="bbox 117 2203 1318 2284; baseline -0.002 -20"><span class='ocrx_word' id='word_1_181' title='bbox 117 2205 254 2284; x_wconf 80' lang='lat' dir='ltr'><strong>fugimus,</strong></span> <span class='ocrx_word' id='word_1_182' title='bbox 263 2205 310 2266; x_wconf 87' lang='lat' dir='ltr'><strong>vel</strong></span> <span class='ocrx_word' id='word_1_183' title='bbox 323 2225 340 2264; x_wconf 93' lang='lat' dir='ltr'><strong>a</strong></span> <span class='ocrx_word' id='word_1_184' title='bbox 352 2203 497 2283; x_wconf 89' lang='lat' dir='ltr'><strong>peccando</strong></span> <span class='ocrx_word' id='word_1_185' title='bbox 512 2204 697 2271; x_wconf 80' lang='lat' dir='ltr'><strong>abstinemus,</strong></span> <span class='ocrx_word' id='word_1_186' title='bbox 706 2213 855 2280; x_wconf 85' lang='lat' dir='ltr'><strong>peccatum</strong></span> <span class='ocrx_word' id='word_1_187' title='bbox 869 2221 945 2273; x_wconf 79' lang='lat' dir='ltr'><strong>esee,</strong></span> <span class='ocrx_word' id='word_1_188' title='bbox 962 2214 1011 2264; x_wconf 85' lang='lat' dir='ltr'><strong>aut</strong></span> <span class='ocrx_word' id='word_1_189' title='bbox 1023 2213 1189 2282; x_wconf 84' lang='lat' dir='ltr'><strong>peccatores</strong></span> <span class='ocrx_word' id='word_1_190' title='bbox 1200 2204 1318 2282; x_wconf 85' lang='lat' dir='ltr'><strong>pejores</strong></span> 
     </span>
     <span class='ocr_line' id='line_1_21' title="bbox 118 2299 1322 2383; baseline -0.002 -20"><span class='ocrx_word' id='word_1_191' title='bbox 118 2304 210 2363; x_wconf 79' lang='lat' dir='ltr'><strong>lacere</strong></span> <span class='ocrx_word' id='word_1_192' title='bbox 225 2322 234 2372; x_wconf 76' lang='lat' dir='ltr'><strong>t</strong></span> <span class='ocrx_word' id='word_1_193' title='bbox 254 2302 404 2363; x_wconf 86' lang='lat' dir='ltr'><strong>anathema</strong></span> <span class='ocrx_word' id='word_1_194' title='bbox 417 2300 504 2361; x_wconf 82' lang='lat' dir='ltr'><strong>eit.”⁸</strong></span> <span class='ocrx_word' id='word_1_195' title='bbox 537 2310 558 2339; x_wconf 72' lang='lat'><strong>⁸⁴</strong></span> <span class='ocrx_word' id='word_1_196' title='bbox 567 2302 600 2360; x_wconf 83' lang='lat' dir='ltr'><strong>si</strong></span> <span class='ocrx_word' id='word_1_197' title='bbox 614 2302 679 2375; x_wconf 88' lang='lat' dir='ltr'><strong>quis</strong></span> <span class='ocrx_word' id='word_1_198' title='bbox 693 2299 807 2370; x_wconf 86' lang='lat' dir='ltr'><strong>dixerit,</strong></span> <span class='ocrx_word' id='word_1_199' title='bbox 821 2318 884 2362; x_wconf 82' lang='lat' dir='ltr'><strong>eam</strong></span> <span class='ocrx_word' id='word_1_200' title='bbox 899 2301 1109 2371; x_wconf 86' lang='lat' dir='ltr'><strong>contritionem,</strong></span> <span class='ocrx_word' id='word_1_201' title='bbox 1124 2318 1193 2383; x_wconf 78' lang='lat' dir='ltr'><strong>quae</strong></span> <span class='ocrx_word' id='word_1_202' title='bbox 1205 2310 1322 2380; x_wconf 82' lang='lat' dir='ltr'><strong>paratur</strong></span> 
     </span>
     <span class='ocr_line' id='line_1_22' title="bbox 118 2395 1319 2478; baseline -0.002 -18"><span class='ocrx_word' id='word_1_203' title='bbox 118 2419 170 2478; x_wconf 90' lang='lat' dir='ltr'><strong>per</strong></span> <span class='ocrx_word' id='word_1_204' title='bbox 191 2400 411 2469; x_wconf 78' lang='lat' dir='ltr'><strong>discussionem,</strong></span> <span class='ocrx_word' id='word_1_205' title='bbox 435 2398 644 2468; x_wconf 85' lang='lat' dir='ltr'><strong>collectionem,</strong></span> <span class='ocrx_word' id='word_1_206' title='bbox 667 2411 696 2458; x_wconf 89' lang='lat' dir='ltr'><strong>et</strong></span> <span class='ocrx_word' id='word_1_207' title='bbox 714 2395 932 2460; x_wconf 84' lang='lat' dir='ltr'><strong>detestationem</strong></span> <span class='ocrx_word' id='word_1_208' title='bbox 957 2409 1150 2476; x_wconf 90' lang='lat' dir='ltr'><strong>peccatorum,</strong></span> <span class='ocrx_word' id='word_1_209' title='bbox 1171 2399 1319 2474; x_wconf 79' lang='lat' dir='ltr'><strong>qusquis</strong></span> 
     </span>
     <span class='ocr_line' id='line_1_23' title="bbox 117 2495 1315 2576; baseline -0.001 -19"><span class='ocrx_word' id='word_1_210' title='bbox 117 2500 253 2576; x_wconf 82' lang='lat' dir='ltr'><strong>recogitat</strong></span> <span class='ocrx_word' id='word_1_211' title='bbox 266 2517 357 2557; x_wconf 85' lang='lat' dir='ltr'><strong>annos</strong></span> <span class='ocrx_word' id='word_1_212' title='bbox 370 2516 438 2557; x_wconf 85' lang='lat' dir='ltr'><strong>euos</strong></span> <span class='ocrx_word' id='word_1_213' title='bbox 460 2499 491 2556; x_wconf 89' lang='lat' dir='ltr'><strong>iu</strong></span> <span class='ocrx_word' id='word_1_214' title='bbox 517 2496 702 2556; x_wconf 88' lang='lat' dir='ltr'><strong>amaritudine</strong></span> <span class='ocrx_word' id='word_1_215' title='bbox 717 2497 817 2554; x_wconf 75' lang='lat' dir='ltr'><strong>animae</strong></span> <span class='ocrx_word' id='word_1_216' title='bbox 832 2515 901 2564; x_wconf 79' lang='lat' dir='ltr'><strong>suae,</strong></span> <span class='ocrx_word' id='word_1_217' title='bbox 925 2495 1108 2573; x_wconf 89' lang='lat' dir='ltr'><strong>ponderando</strong></span> <span class='ocrx_word' id='word_1_218' title='bbox 1129 2509 1315 2575; x_wconf 88' lang='lat' dir='ltr'><strong>peccatorum</strong></span> 
     </span>
     <span class='ocr_line' id='line_1_24' title="bbox 118 2594 1317 2673; baseline 0 -21"><span class='ocrx_word' id='word_1_219' title='bbox 118 2613 234 2654; x_wconf 84' lang='lat' dir='ltr'><strong>suorum</strong></span> <span class='ocrx_word' id='word_1_220' title='bbox 250 2597 424 2673; x_wconf 87' lang='lat' dir='ltr'><strong>gravitatem,</strong></span> <span class='ocrx_word' id='word_1_221' title='bbox 441 2595 660 2662; x_wconf 88' lang='lat' dir='ltr'><strong>multitudinem,</strong></span> <span class='ocrx_word' id='word_1_222' title='bbox 676 2594 840 2662; x_wconf 84' lang='lat' dir='ltr'><strong>ioeditatem,</strong></span> <span class='ocrx_word' id='word_1_223' title='bbox 856 2594 1040 2653; x_wconf 88' lang='lat' dir='ltr'><strong>amissionem</strong></span> <span class='ocrx_word' id='word_1_224' title='bbox 1065 2604 1177 2653; x_wconf 85' lang='lat' dir='ltr'><strong>aeternae</strong></span> <span class='ocrx_word' id='word_1_225' title='bbox 1198 2595 1317 2653; x_wconf 87' lang='lat' dir='ltr'><strong>beatitu-</strong></span> 
     </span>
     <span class='ocr_line' id='line_1_25' title="bbox 118 2692 1317 2769; baseline 0 -18"><span class='ocrx_word' id='word_1_226' title='bbox 118 2693 203 2760; x_wconf 86' lang='lat' dir='ltr'><strong>dinis,</strong></span> <span class='ocrx_word' id='word_1_227' title='bbox 216 2703 244 2750; x_wconf 92' lang='lat' dir='ltr'><strong>et</strong></span> <span class='ocrx_word' id='word_1_228' title='bbox 263 2705 373 2751; x_wconf 83' lang='lat' dir='ltr'><strong>aeternae</strong></span> <span class='ocrx_word' id='word_1_229' title='bbox 393 2692 580 2751; x_wconf 88' lang='lat' dir='ltr'><strong>damnationis</strong></span> <span class='ocrx_word' id='word_1_230' title='bbox 595 2693 751 2760; x_wconf 88' lang='lat' dir='ltr'><strong>incursum,</strong></span> <span class='ocrx_word' id='word_1_231' title='bbox 767 2711 832 2750; x_wconf 88' lang='lat' dir='ltr'><strong>curn</strong></span> <span class='ocrx_word' id='word_1_232' title='bbox 846 2693 993 2769; x_wconf 90' lang='lat' dir='ltr'><strong>proposito</strong></span> <span class='ocrx_word' id='word_1_233' title='bbox 1007 2692 1133 2751; x_wconf 87' lang='lat' dir='ltr'><strong>melioris</strong></span> <span class='ocrx_word' id='word_1_234' title='bbox 1156 2694 1235 2762; x_wconf 78' lang='lat' dir='ltr'><strong>vita,</strong></span> <span class='ocrx_word' id='word_1_235' title='bbox 1257 2708 1317 2751; x_wconf 90' lang='lat' dir='ltr'><strong>non</strong></span> 
     </span>
     <span class='ocr_line' id='line_1_26' title="bbox 119 2788 1317 2867; baseline -0.002 -17"><span class='ocrx_word' id='word_1_236' title='bbox 119 2808 184 2850; x_wconf 88' lang='lat' dir='ltr'><strong>esse</strong></span> <span class='ocrx_word' id='word_1_237' title='bbox 199 2809 296 2848; x_wconf 90' lang='lat' dir='ltr'><strong>verum</strong></span> <span class='ocrx_word' id='word_1_238' title='bbox 312 2800 340 2846; x_wconf 91' lang='lat' dir='ltr'><strong>et</strong></span> <span class='ocrx_word' id='word_1_239' title='bbox 354 2789 451 2847; x_wconf 90' lang='lat' dir='ltr'><strong>utilem</strong></span> <span class='ocrx_word' id='word_1_240' title='bbox 466 2789 604 2859; x_wconf 87' lang='lat' dir='ltr'><strong>dolorem,</strong></span> <span class='ocrx_word' id='word_1_241' title='bbox 625 2809 678 2848; x_wconf 88' lang='lat' dir='ltr'><strong>nec</strong></span> <span class='ocrx_word' id='word_1_242' title='bbox 692 2808 849 2867; x_wconf 89' lang='lat' dir='ltr'><strong>praeparare</strong></span> <span class='ocrx_word' id='word_1_243' title='bbox 863 2790 898 2848; x_wconf 85' lang='lat' dir='ltr'><strong>ad</strong></span> <span class='ocrx_word' id='word_1_244' title='bbox 912 2791 1040 2866; x_wconf 85' lang='lat' dir='ltr'><strong>gratiam,</strong></span> <span class='ocrx_word' id='word_1_245' title='bbox 1055 2788 1107 2848; x_wconf 85' lang='lat' dir='ltr'><strong>sed</strong></span> <span class='ocrx_word' id='word_1_246' title='bbox 1121 2791 1215 2849; x_wconf 83' lang='lat' dir='ltr'><strong>lacere</strong></span> <span class='ocrx_word' id='word_1_247' title='bbox 1224 2791 1317 2850; x_wconf 89' lang='lat' dir='ltr'><strong>homi-</strong></span> 
     </span>
    </p>
   </div>
   <div class='ocr_carea' id='block_1_3' title="bbox 11 2886 1317 2965">
    <p class='ocr_par' dir='ltr' id='par_1_4' title="bbox 11 2886 1317 2965">
     <span class='ocr_line' id='line_1_27' title="bbox 11 2886 1317 2965; baseline 0.002 -19"><span class='ocrx_word' id='word_1_248' title='bbox 11 2913 12 2916; x_wconf 42' lang='lat'><em>*</em></span> <span class='ocrx_word' id='word_1_249' title='bbox 118 2906 184 2947; x_wconf 88' lang='lat' dir='ltr'><strong>nem</strong></span> <span class='ocrx_word' id='word_1_250' title='bbox 197 2888 386 2965; x_wconf 86' lang='lat' dir='ltr'><strong>hypocritam,</strong></span> <span class='ocrx_word' id='word_1_251' title='bbox 407 2898 436 2944; x_wconf 91' lang='lat' dir='ltr'><strong>et</strong></span> <span class='ocrx_word' id='word_1_252' title='bbox 451 2889 541 2964; x_wconf 86' lang='lat' dir='ltr'><strong>magis</strong></span> <span class='ocrx_word' id='word_1_253' title='bbox 556 2898 758 2963; x_wconf 81' lang='lat' dir='ltr'><strong>peccatorem3</strong></span> <span class='ocrx_word' id='word_1_254' title='bbox 778 2887 893 2946; x_wconf 90' lang='lat' dir='ltr'><strong>demum</strong></span> <span class='ocrx_word' id='word_1_255' title='bbox 913 2888 991 2947; x_wconf 89' lang='lat' dir='ltr'><strong>illam</strong></span> <span class='ocrx_word' id='word_1_256' title='bbox 1005 2907 1069 2947; x_wconf 90' lang='lat' dir='ltr'><strong>esse</strong></span> <span class='ocrx_word' id='word_1_257' title='bbox 1084 2886 1214 2948; x_wconf 90' lang='lat' dir='ltr'><strong>dolorem</strong></span> <span class='ocrx_word' id='word_1_258' title='bbox 1236 2908 1317 2948; x_wconf 92' lang='lat' dir='ltr'><strong>coac·</strong></span> 
     </span>
    </p>
   </div>
   <div class='ocr_carea' id='block_1_4' title="bbox 118 2985 1316 3257">
    <p class='ocr_par' dir='ltr' id='par_1_5' title="bbox 118 2985 1316 3257">
     <span class='ocr_line' id='line_1_28' title="bbox 120 2985 1316 3047; baseline 0 -2"><span class='ocrx_word' id='word_1_259' title='bbox 120 2997 178 3045; x_wconf 88' lang='lat' dir='ltr'><strong>turu</strong></span> <span class='ocrx_word' id='word_1_260' title='bbox 195 2997 223 3044; x_wconf 92' lang='lat' dir='ltr'><strong>et</strong></span> <span class='ocrx_word' id='word_1_261' title='bbox 237 3004 293 3044; x_wconf 91' lang='lat' dir='ltr'><strong>non</strong></span> <span class='ocrx_word' id='word_1_262' title='bbox 307 2985 427 3042; x_wconf 88' lang='lat' dir='ltr'><strong>liberum</strong></span> <span class='ocrx_word' id='word_1_263' title='bbox 441 3005 472 3042; x_wconf 94' lang='lat' dir='ltr'><strong>ac</strong></span> <span class='ocrx_word' id='word_1_264' title='bbox 485 2986 692 3044; x_wconf 86' lang='lat' dir='ltr'><strong>voluntarium:</strong></span> <span class='ocrx_word' id='word_1_265' title='bbox 715 2987 863 3044; x_wconf 86' lang='lat' dir='ltr'><strong>anathema</strong></span> <span class='ocrx_word' id='word_1_266' title='bbox 877 2986 960 3044; x_wconf 85' lang='lat' dir='ltr'><strong>sit.’&#39;⁷</strong></span> <span class='ocrx_word' id='word_1_267' title='bbox 1001 2986 1043 3045; x_wconf 89' lang='lat' dir='ltr'><strong>Hi</strong></span> <span class='ocrx_word' id='word_1_268' title='bbox 1057 3005 1184 3046; x_wconf 87' lang='lat' dir='ltr'><strong>canones</strong></span> <span class='ocrx_word' id='word_1_269' title='bbox 1197 2987 1316 3047; x_wconf 88' lang='lat' dir='ltr'><strong>Lutheri</strong></span> 
     </span>
     <span class='ocr_line' id='line_1_29' title="bbox 118 3081 1316 3163; baseline 0.002 -21"><span class='ocrx_word' id='word_1_270' title='bbox 118 3097 147 3143; x_wconf 94' lang='lat' dir='ltr'><strong>et</strong></span> <span class='ocrx_word' id='word_1_271' title='bbox 168 3084 286 3141; x_wconf 90' lang='lat' dir='ltr'><strong>aliorum</strong></span> <span class='ocrx_word' id='word_1_272' title='bbox 301 3081 377 3139; x_wconf 88' lang='lat' dir='ltr'><strong>illius</strong></span> <span class='ocrx_word' id='word_1_273' title='bbox 398 3081 496 3139; x_wconf 88' lang='lat' dir='ltr'><strong>saccnli</strong></span> <span class='ocrx_word' id='word_1_274' title='bbox 509 3093 675 3141; x_wconf 86' lang='lat' dir='ltr'><strong>novatorum</strong></span> <span class='ocrx_word' id='word_1_275' title='bbox 698 3101 806 3141; x_wconf 88' lang='lat' dir='ltr'><strong>errores</strong></span> <span class='ocrx_word' id='word_1_276' title='bbox 822 3082 934 3151; x_wconf 80' lang='lat' dir='ltr'><strong>feriunt,</strong></span> <span class='ocrx_word' id='word_1_277' title='bbox 956 3083 1007 3157; x_wconf 90' lang='lat' dir='ltr'><strong>qui</strong></span> <span class='ocrx_word' id='word_1_278' title='bbox 1027 3085 1155 3143; x_wconf 85' lang='lat' dir='ltr'><strong>sectariis</strong></span> <span class='ocrx_word' id='word_1_279' title='bbox 1171 3085 1316 3163; x_wconf 88' lang='lat' dir='ltr'><strong>plerisque</strong></span> 
     </span>
     <span class='ocr_line' id='line_1_30' title="bbox 118 3177 1007 3257; baseline -0.002 -18"><span class='ocrx_word' id='word_1_280' title='bbox 118 3180 263 3240; x_wconf 82' lang='lat' dir='ltr'><strong>hodiernis</strong></span> <span class='ocrx_word' id='word_1_281' title='bbox 279 3177 371 3238; x_wconf 89' lang='lat' dir='ltr'><strong>adhuc</strong></span> <span class='ocrx_word' id='word_1_282' title='bbox 384 3177 517 3247; x_wconf 88' lang='lat' dir='ltr'><strong>arrident,</strong></span> <span class='ocrx_word' id='word_1_283' title='bbox 532 3178 582 3237; x_wconf 88' lang='lat' dir='ltr'><strong>sed</strong></span> <span class='ocrx_word' id='word_1_284' title='bbox 597 3198 654 3257; x_wconf 77' lang='lat' dir='ltr'><strong>prae</strong></span> <span class='ocrx_word' id='word_1_285' title='bbox 666 3181 785 3248; x_wconf 85' lang='lat' dir='ltr'><strong>coeteris,</strong></span> <span class='ocrx_word' id='word_1_286' title='bbox 800 3180 1007 3240; x_wconf 80' lang='lat' dir='ltr'><strong>Janeenianis.⁸</strong></span> 
     </span>
    </p>
   </div>
   <div class='ocr_carea' id='block_1_5' title="bbox 623 3374 806 3415">
    <p class='ocr_par' dir='ltr' id='par_1_6' title="bbox 623 3374 806 3415">
     <span class='ocr_line' id='line_1_31' title="bbox 623 3374 806 3415; baseline -0.005 0"><span class='ocrx_word' id='word_1_287' title='bbox 623 3374 806 3415; x_wconf 74' lang='lat' dir='ltr'><strong>Puerosruro.</strong></span> 
     </span>
    </p>
   </div>
   <div class='ocr_carea' id='block_1_6' title="bbox 114 3513 1319 3891">
    <p class='ocr_par' dir='ltr' id='par_1_7' title="bbox 114 3513 1319 3891">
     <span class='ocr_line' id='line_1_32' title="bbox 160 3513 1317 3594; baseline 0.002 -20"><span class='ocrx_word' id='word_1_288' title='bbox 160 3517 304 3576; x_wconf 80' lang='lat' dir='ltr'><strong>Cetetritio</strong></span> <span class='ocrx_word' id='word_1_289' title='bbox 319 3533 384 3594; x_wconf 72' lang='lat' dir='ltr'><strong>quae</strong></span> <span class='ocrx_word' id='word_1_290' title='bbox 392 3522 581 3593; x_wconf 83' lang='lat' dir='ltr'><strong>puratorper</strong></span> <span class='ocrx_word' id='word_1_291' title='bbox 592 3513 815 3583; x_wconf 71' lang='lat' dir='ltr'><strong>discussionem,</strong></span> <span class='ocrx_word' id='word_1_292' title='bbox 831 3513 1026 3575; x_wconf 83' lang='lat' dir='ltr'><strong>collectionem</strong></span> <span class='ocrx_word' id='word_1_293' title='bbox 1046 3520 1074 3572; x_wconf 88' lang='lat' dir='ltr'><strong>ct</strong></span> <span class='ocrx_word' id='word_1_294' title='bbox 1091 3514 1317 3576; x_wconf 77' lang='lat' dir='ltr'><strong>detestationem</strong></span> 
     </span>
     <span class='ocr_line' id='line_1_33' title="bbox 114 3612 1319 3695; baseline 0.002 -23"><span class='ocrx_word' id='word_1_295' title='bbox 114 3622 312 3692; x_wconf 83' lang='lat' dir='ltr'><strong>peccatorum,</strong></span> <span class='ocrx_word' id='word_1_296' title='bbox 332 3612 523 3693; x_wconf 83' lang='lat' dir='ltr'><strong>ponderando</strong></span> <span class='ocrx_word' id='word_1_297' title='bbox 544 3631 645 3674; x_wconf 77' lang='lat' dir='ltr'><strong>eornm</strong></span> <span class='ocrx_word' id='word_1_298' title='bbox 668 3612 862 3691; x_wconf 83' lang='lat' dir='ltr'><strong>grauitatem,</strong></span> <span class='ocrx_word' id='word_1_299' title='bbox 884 3612 1117 3683; x_wconf 82' lang='lat' dir='ltr'><strong>multitudinem,</strong></span> <span class='ocrx_word' id='word_1_300' title='bbox 1134 3613 1319 3695; x_wconf 82' lang='lat' dir='ltr'><strong>soeditutern,</strong></span> 
     </span>
     <span class='ocr_line' id='line_1_34' title="bbox 119 3710 1319 3782; baseline 0.003 -12"><span class='ocrx_word' id='word_1_301' title='bbox 119 3710 310 3772; x_wconf 72' lang='lat' dir='ltr'><strong>omissionem</strong></span> <span class='ocrx_word' id='word_1_302' title='bbox 329 3719 443 3772; x_wconf 82' lang='lat' dir='ltr'><strong>aeternae</strong></span> <span class='ocrx_word' id='word_1_303' title='bbox 456 3710 660 3779; x_wconf 79' lang='lat' dir='ltr'><strong>beatitudinis,</strong></span> <span class='ocrx_word' id='word_1_304' title='bbox 676 3717 702 3769; x_wconf 88' lang='lat' dir='ltr'><strong>et</strong></span> <span class='ocrx_word' id='word_1_305' title='bbox 723 3718 837 3770; x_wconf 79' lang='lat' dir='ltr'><strong>aeternae</strong></span> <span class='ocrx_word' id='word_1_306' title='bbox 850 3711 1052 3771; x_wconf 84' lang='lat' dir='ltr'><strong>damnationis</strong></span> <span class='ocrx_word' id='word_1_307' title='bbox 1064 3711 1233 3782; x_wconf 78' lang='lat' dir='ltr'><strong>incuratum,</strong></span> <span class='ocrx_word' id='word_1_308' title='bbox 1249 3732 1319 3773; x_wconf 85' lang='lat' dir='ltr'><strong>cont</strong></span> 
     </span>
     <span class='ocr_line' id='line_1_35' title="bbox 115 3809 1316 3891; baseline 0.003 -23"><span class='ocrx_word' id='word_1_309' title='bbox 115 3812 265 3889; x_wconf 82' lang='lat' dir='ltr'><strong>proposito</strong></span> <span class='ocrx_word' id='word_1_310' title='bbox 276 3809 408 3871; x_wconf 80' lang='lat' dir='ltr'><strong>melioria</strong></span> <span class='ocrx_word' id='word_1_311' title='bbox 422 3811 500 3879; x_wconf 82' lang='lat' dir='ltr'><strong>citae,</strong></span> <span class='ocrx_word' id='word_1_312' title='bbox 516 3818 558 3870; x_wconf 86' lang='lat' dir='ltr'><strong>eet</strong></span> <span class='ocrx_word' id='word_1_313' title='bbox 572 3828 659 3872; x_wconf 83' lang='lat' dir='ltr'><strong>cerus</strong></span> <span class='ocrx_word' id='word_1_314' title='bbox 675 3818 701 3870; x_wconf 86' lang='lat' dir='ltr'><strong>et</strong></span> <span class='ocrx_word' id='word_1_315' title='bbox 710 3809 796 3871; x_wconf 80' lang='lat' dir='ltr'><strong>utilio</strong></span> <span class='ocrx_word' id='word_1_316' title='bbox 811 3809 902 3880; x_wconf 85' lang='lat' dir='ltr'><strong>dolor,</strong></span> <span class='ocrx_word' id='word_1_317' title='bbox 913 3817 940 3870; x_wconf 89' lang='lat' dir='ltr'><strong>et</strong></span> <span class='ocrx_word' id='word_1_318' title='bbox 948 3817 1100 3890; x_wconf 78' lang='lat' dir='ltr'><strong>praepurut</strong></span> <span class='ocrx_word' id='word_1_319' title='bbox 1113 3809 1155 3870; x_wconf 84' lang='lat' dir='ltr'><strong>ad</strong></span> <span class='ocrx_word' id='word_1_320' title='bbox 1166 3811 1316 3891; x_wconf 80' lang='lat' dir='ltr'><strong>gratiana.</strong></span> 
     </span>
    </p>
   </div>
   <div class='ocr_carea' id='block_1_7' title="bbox 104 3969 1324 4707">
    <p class='ocr_par' dir='ltr' id='par_1_8' title="bbox 104 3969 487 4123">
     <span class='ocr_line' id='line_1_36' title="bbox 153 3969 451 4036; baseline 0.013 -18"><span class='ocrx_word' id='word_1_321' title='bbox 153 3971 196 4036; x_wconf 90' lang='lat'><strong>(1)</strong></span> <span class='ocrx_word' id='word_1_322' title='bbox 216 3969 281 4020; x_wconf 82' lang='lat' dir='ltr'><strong>Sese.</strong></span> <span class='ocrx_word' id='word_1_323' title='bbox 292 3969 342 4021; x_wconf 83' lang='lat' dir='ltr'><strong>xiv.</strong></span> <span class='ocrx_word' id='word_1_324' title='bbox 354 3986 407 4036; x_wconf 87' lang='lat' dir='ltr'><strong>cap.</strong></span> <span class='ocrx_word' id='word_1_325' title='bbox 418 3971 451 4022; x_wconf 89' lang='lat' dir='ltr'><strong>ir.</strong></span> 
     </span>
     <span class='ocr_line' id='line_1_37' title="bbox 104 4056 487 4123; baseline 0.01 -21"><span class='ocrx_word' id='word_1_326' title='bbox 104 4068 118 4085; x_wconf 88' lang='grc'><em>·</em></span> <span class='ocrx_word' id='word_1_327' title='bbox 152 4057 192 4121; x_wconf 79' lang='lat'><strong>(2)</strong></span> <span class='ocrx_word' id='word_1_328' title='bbox 213 4056 276 4106; x_wconf 89' lang='lat' dir='ltr'><strong>Vide</strong></span> <span class='ocrx_word' id='word_1_329' title='bbox 286 4071 354 4121; x_wconf 91' lang='lat' dir='ltr'><strong>prop.</strong></span> <span class='ocrx_word' id='word_1_330' title='bbox 364 4056 487 4123; x_wconf 84' lang='lat' dir='ltr'><strong>Bajilxxi.</strong></span> 
     </span>
    </p>

    <p class='ocr_par' dir='ltr' id='par_1_9' title="bbox 152 4141 395 4207">
     <span class='ocr_line' id='line_1_38' title="bbox 152 4141 395 4207; baseline 0 -17"><span class='ocrx_word' id='word_1_331' title='bbox 152 4143 195 4207; x_wconf 86' lang='lat'><strong>(3)</strong></span> <span class='ocrx_word' id='word_1_332' title='bbox 218 4145 229 4189; x_wconf 97' lang='lat' dir='ltr'><strong>l</strong></span> <span class='ocrx_word' id='word_1_333' title='bbox 244 4141 314 4191; x_wconf 84' lang='lat' dir='ltr'><strong>Joan.</strong></span> <span class='ocrx_word' id='word_1_334' title='bbox 328 4141 360 4191; x_wconf 85' lang='lat' dir='ltr'><strong>iv.</strong></span> <span class='ocrx_word' id='word_1_335' title='bbox 372 4146 395 4190; x_wconf 85' lang='grc'><strong>7.</strong></span> 
     </span>
    </p>

    <p class='ocr_par' dir='ltr' id='par_1_10' title="bbox 154 4225 543 4293">
     <span class='ocr_line' id='line_1_39' title="bbox 154 4225 543 4293; baseline 0.003 -17"><span class='ocrx_word' id='word_1_336' title='bbox 154 4229 196 4293; x_wconf 83' lang='grc'><strong>(4)</strong></span> <span class='ocrx_word' id='word_1_337' title='bbox 216 4227 292 4280; x_wconf 85' lang='lat' dir='ltr'><strong>Hom.</strong></span> <span class='ocrx_word' id='word_1_338' title='bbox 303 4226 344 4278; x_wconf 84' lang='lat' dir='ltr'><strong>vii.</strong></span> <span class='ocrx_word' id='word_1_339' title='bbox 355 4227 382 4276; x_wconf 91' lang='lat' dir='ltr'><strong>iu</strong></span> <span class='ocrx_word' id='word_1_340' title='bbox 394 4226 425 4275; x_wconf 92' lang='lat' dir='ltr'><strong>ll.</strong></span> <span class='ocrx_word' id='word_1_341' title='bbox 435 4225 467 4276; x_wconf 89' lang='lat' dir='ltr'><strong>ad</strong></span> <span class='ocrx_word' id='word_1_342' title='bbox 475 4225 543 4277; x_wconf 82' lang='lat' dir='ltr'><strong>Tim.</strong></span> 
     </span>
    </p>

    <p class='ocr_par' dir='ltr' id='par_1_11' title="bbox 153 4313 448 4379">
     <span class='ocr_line' id='line_1_40' title="bbox 153 4313 448 4379; baseline 0 -17"><span class='ocrx_word' id='word_1_343' title='bbox 153 4315 201 4379; x_wconf 81' lang='lat'><strong>(5)</strong></span> <span class='ocrx_word' id='word_1_344' title='bbox 216 4314 280 4364; x_wconf 84' lang='lat' dir='ltr'><strong>Scae.</strong></span> <span class='ocrx_word' id='word_1_345' title='bbox 289 4313 339 4362; x_wconf 84' lang='lat' dir='ltr'><strong>xiv.</strong></span> <span class='ocrx_word' id='word_1_346' title='bbox 351 4328 404 4378; x_wconf 85' lang='lat' dir='ltr'><strong>cap.</strong></span> <span class='ocrx_word' id='word_1_347' title='bbox 416 4313 448 4362; x_wconf 85' lang='lat' dir='ltr'><strong>iv.</strong></span> 
     </span>
    </p>

    <p class='ocr_par' dir='ltr' id='par_1_12' title="bbox 153 4395 697 4464">
     <span class='ocr_line' id='line_1_41' title="bbox 153 4395 697 4464; baseline -0.004 -16"><span class='ocrx_word' id='word_1_348' title='bbox 153 4398 194 4464; x_wconf 87' lang='grc'><strong>(6)</strong></span> <span class='ocrx_word' id='word_1_349' title='bbox 214 4400 279 4449; x_wconf 83' lang='lat' dir='ltr'><strong>Sese.</strong></span> <span class='ocrx_word' id='word_1_350' title='bbox 291 4399 322 4448; x_wconf 91' lang='lat' dir='ltr'><strong>vi.</strong></span> <span class='ocrx_word' id='word_1_351' title='bbox 335 4397 399 4447; x_wconf 84' lang='lat' dir='ltr'><strong>Can.</strong></span> <span class='ocrx_word' id='word_1_352' title='bbox 409 4396 460 4446; x_wconf 84' lang='lat' dir='ltr'><strong>viii.</strong></span> <span class='ocrx_word' id='word_1_353' title='bbox 471 4397 501 4448; x_wconf 94' lang='lat' dir='ltr'><strong>de</strong></span> <span class='ocrx_word' id='word_1_354' title='bbox 512 4397 527 4447; x_wconf 88' lang='lat' dir='ltr'>J</span> <span class='ocrx_word' id='word_1_355' title='bbox 529 4395 697 4447; x_wconf 76' lang='lat' dir='ltr'><strong>notificatione.</strong></span> 
     </span>
    </p>

    <p class='ocr_par' dir='ltr' id='par_1_13' title="bbox 154 4483 453 4546">
     <span class='ocr_line' id='line_1_42' title="bbox 154 4483 453 4546; baseline -0.003 -14"><span class='ocrx_word' id='word_1_356' title='bbox 154 4484 184 4546; x_wconf 79' lang='grc'><strong>(7</strong></span> <span class='ocrx_word' id='word_1_357' title='bbox 216 4485 281 4533; x_wconf 85' lang='lat' dir='ltr'><strong>Sese.</strong></span> <span class='ocrx_word' id='word_1_358' title='bbox 293 4483 345 4533; x_wconf 87' lang='lat' dir='ltr'><strong>xiv.</strong></span> <span class='ocrx_word' id='word_1_359' title='bbox 363 4498 418 4532; x_wconf 89' lang='lat' dir='ltr'><strong>can.</strong></span> <span class='ocrx_word' id='word_1_360' title='bbox 430 4496 453 4531; x_wconf 86' lang='lat' dir='ltr'><strong>v.</strong></span> 
     </span>
    </p>

    <p class='ocr_par' dir='ltr' id='par_1_14' title="bbox 122 4562 1324 4707">
     <span class='ocr_line' id='line_1_43' title="bbox 157 4562 1324 4634; baseline -0.001 -17"><span class='ocrx_word' id='word_1_361' title='bbox 157 4570 210 4634; x_wconf 65' lang='lat'><strong>(8),</strong></span> <span class='ocrx_word' id='word_1_362' title='bbox 222 4569 283 4619; x_wconf 87' lang='lat' dir='ltr'><strong>Vide</strong></span> <span class='ocrx_word' id='word_1_363' title='bbox 296 4569 368 4634; x_wconf 90' lang='lat' dir='ltr'><strong>Prop.</strong></span> <span class='ocrx_word' id='word_1_364' title='bbox 380 4569 413 4618; x_wconf 86' lang='lat' dir='ltr'><strong>lx.</strong></span> <span class='ocrx_word' id='word_1_365' title='bbox 425 4565 468 4618; x_wconf 78' lang='lat' dir='ltr'><strong>lxi.</strong></span> <span class='ocrx_word' id='word_1_366' title='bbox 479 4565 530 4617; x_wconf 84' lang='lat' dir='ltr'><strong>lxii.</strong></span> <span class='ocrx_word' id='word_1_367' title='bbox 542 4566 608 4618; x_wconf 76' lang='lat' dir='ltr'><strong>lxvii.</strong></span> <span class='ocrx_word' id='word_1_368' title='bbox 620 4566 755 4629; x_wconf 85' lang='lat' dir='ltr'><strong>Quesuelli.</strong></span> <span class='ocrx_word' id='word_1_369' title='bbox 767 4573 791 4618; x_wconf 90' lang='lat' dir='ltr'><strong>et</strong></span> <span class='ocrx_word' id='word_1_370' title='bbox 803 4566 875 4634; x_wconf 89' lang='lat' dir='ltr'><strong>Prop.</strong></span> <span class='ocrx_word' id='word_1_371' title='bbox 892 4580 934 4618; x_wconf 86' lang='lat' dir='ltr'><strong>xv.</strong></span> <span class='ocrx_word' id='word_1_372' title='bbox 950 4570 975 4614; x_wconf 91' lang='lat' dir='ltr'><strong>et</strong></span> <span class='ocrx_word' id='word_1_373' title='bbox 990 4562 1041 4615; x_wconf 82' lang='lat' dir='ltr'><strong>xri.</strong></span> <span class='ocrx_word' id='word_1_374' title='bbox 1058 4563 1089 4614; x_wconf 86' lang='lat' dir='ltr'><strong>ab</strong></span> <span class='ocrx_word' id='word_1_375' title='bbox 1106 4562 1252 4618; x_wconf 79' lang='lat' dir='ltr'><strong>Alexandro</strong></span> <span class='ocrx_word' id='word_1_376' title='bbox 1271 4568 1324 4620; x_wconf 81' lang='lat' dir='ltr'><strong>viii.</strong></span> 
     </span>
     <span class='ocr_line' id='line_1_44' title="bbox 122 4654 256 4707; baseline 0.007 -4"><span class='ocrx_word' id='word_1_377' title='bbox 122 4654 256 4707; x_wconf 86' lang='lat' dir='ltr'><strong>damnatas.</strong></span> 
     </span>
    </p>
   </div>
   <div class='ocr_carea' id='block_1_8' title="bbox 0 0 1396 5056">
    <p class='ocr_par' dir='ltr' id='par_1_15' title="bbox 0 0 1396 5056">
     <span class='ocr_line' id='line_1_45' title="bbox 0 0 1396 5056; baseline 0 0"><span class='ocrx_word' id='word_1_378' title='bbox 0 0 1396 5056; x_wconf 95' lang='lat' dir='ltr'><strong> </strong></span> 
     </span>
    </p>
   </div>
  </div>
 </body>
</html>
