2774 5056
395 1068 939 1151 TRAOTATUSX.

237 1433 352 1554 DE
393 1433 1124 1559 CONFIRMATIONE.

462 2078 838 2142 ,enmnornnnn

129 2300 149 2355 l.
156 2298 309 2364 Secundum
317 2305 534 2364 Sacramentum
543 2304 645 2365 dicitur
654 2307 850 2386 confirmatio,
862 2307 931 2380 quis
940 2325 976 2367 eo
985 2306 1151 2368 roborantur
1161 2303 1260 2363 fideles

94 2391 173 2455 virtute
184 2409 210 2457 et
219 2403 309 2478 gratia
319 2401 445 2479 Spiritus
455 2403 562 2471 Sancti,
573 2413 604 2461 ut
616 2402 702 2461 fidem
715 2403 833 2461 firmiter
846 2413 969 2472 teneant,
985 2413 1013 2462 et
1026 2401 1164 2480 intrepide
1175 2399 1261 2479 proli·

94 2494 188 2564 lemur,
200 2498 296 2557 omnin
308 2498 369 2576 pati
380 2499 468 2575 parati
479 2499 574 2575 potius
590 2518 677 2569 quam
688 2498 805 2557 Christo
814 2499 861 2557 vel
869 2499 931 2577 ejus
946 2499 1080 2558 doctrinm
1089 2497 1260 2557 renuntiare.
1353 2557 1358 2567 ,

93 2582 189 2649 Definiri
200 2595 274 2651 solet
287 2592 504 2652 Sacramentum
515 2612 596 2652 novae
607 2595 679 2673 legis
689 2616 705 2653 a
717 2596 736 2654 J
738 2615 789 2655 esu
799 2595 918 2655 Christo
933 2595 1061 2655 Domino
1074 2601 1172 2653 nostro
1182 2594 1261 2651 insti·

93 2689 268 2765 uun,inqu0
279 2690 465 2768 impositione
474 2711 610 2751 manuum
619 2695 748 2773 episcopi
756 2693 1114 2773 cumoratione,Spiritum
1123 2692 1260 2751 Sanctum

92 2780 231 2859 accipimus,
252 2797 286 2846 ut
311 2786 399 2847 fortes
426 2787 602 2865 perfectique
624 2789 735 2849 Christi
766 2790 900 2869 discipuli
924 2791 1093 2850 efficiamur.
1145 2789 1191 2848 De
1212 2787 1261 2847 illa

90 2890 200 2940 manuum
212 2884 398 2961 impositione
418 2885 560 2963 imprimis
581 2886 721 2964 agendum
735 2886 880 2957 duximus,
895 2887 1033 2967 deinceps
1055 2887 1091 2947 de
1105 2886 1259 2947 chrismate

90 2967 240 3050 inunctione,
262 2997 330 3055 quse
351 2982 384 3041 fit
396 2983 426 3041 in
442 2981 527 3061 hujus
543 2983 718 3043 sacramenti
741 2984 993 3055 administratione,
1007 3003 1167 3045 sermonem
1181 2983 1260 3042 habi·

90 3071 137 3130 luri·
172 3077 288 3138 Nomen
302 3079 537 3159 confirmationis
551 3080 626 3159 apud
640 3083 672 3141 S.
687 3082 870 3143 Ambrosium
891 3085 1053 3161 reperitur,²
1067 3083 1138 3141 etin
1160 3082 1259 3145 Sacra·

90 3173 203 3232 uenatio
216 3173 294 3248 quod
316 3175 448 3254 Gregorii
469 3177 570 3254 Magni
584 3191 709 3247 vocatur,
724 3179 845 3253 ideoque
866 3179 936 3238 satis
956 3180 1102 3253 antiquum
1117 3187 1170 3236 est.
1212 3173 1258 3234 De

90 3259 134 3321 aliis
146 3270 203 3346 ejus
217 3271 382 3330 nominibus
396 3290 433 3331 ex
444 3273 572 3332 dicendis
587 3284 630 3331 sat
643 3275 811 3333 innotescet.

117 3367 139 3420 2·
157 3367 321 3437 Novatiani,
349 3370 394 3428 sui
419 3369 498 3429 ducis
528 3370 693 3449 exemplum
714 3374 814 3440 secuti,
835 3371 941 3449 signari
963 3370 1124 3436 chrismate,
1148 3365 1258 3425 scilicet

91 3461 223 3526 confirmari
250 3468 445 3545 neglexerunt.
487 3469 536 3528 Ex
547 3469 659 3528 Arianis
671 3470 720 3544 qui
731 3469 938 3547 Apollinarium
951 3468 1117 3545 magistrum
1131 3482 1257 3525 errorum

90 3547 231 3632 habucmnt,
246 3564 370 3640 Spiritus
384 3566 482 3625 Sancti
495 3566 694 3643 impugnantes
705 3567 854 3632 honorem,
867 3563 941 3622 dona
952 3563 1014 3641 ejus
1028 3563 1059 3622 in
1072 3563 1256 3621 Sacramento

90 3642 143 3713 hild
167 3669 351 3738 agnoverunt.
390 3661 560 3740 Albigenses
583 3681 691 3722 errasse
705 3662 759 3721 hac
774 3661 809 3719 de
823 3679 854 3720 re
864 3680 882 3718 a
894 3660 1067 3720 nonnemine
1082 3667 1255 3719 censentur:

93 3746 178 3815 abaliis
192 3759 338 3819 vindicati.
376 3760 549 3822 Waldenscs
561 3771 671 3821 veteoes
684 3761 805 3839 professi
816 3771 882 3819 sunt
894 3759 970 3820 istud
979 3759 1158 3819 observatum
1167 3758 1256 3818 fuisse

93 3848 238 3927 tumulus
252 3856 479 3934 Apostolorum:
495 3860 666 3937 posteriores
676 3861 787 3918 assensi
806 3867 873 3918 sunt
893 3857 1128 3924 Protestantibus‚
1149 3855 1256 3914 foedere

95 3955 139 4004 lum
149 3951 190 4022 iis,
203 3972 280 4013 anno
296 3958 382 4024 1532,
395 3946 476 4016 inito.
513 3956 686 4024 Wickleffus
695 3957 791 4015 minus
804 3966 880 4016 recte
891 3955 927 4015 de
938 3974 974 4014 eo
987 3954 1097 4014 sensit:
1112 3953 1256 4012 Lutherus

95 4040 162 4110 Palam
173 4051 359 4131 impugnavit.
400 4053 540 4114 Calvinus
554 4046 617 4133 ejus
638 4048 754 4132 pressit‘
762 4056 899 4134 vestigius
921 4063 1045 4112 attamen
1063 4054 1135 4110 ritus
1150 4049 1256 4118 vetusti

97 4143 118 4190 ¹¹²
133 4145 246 4210 redderet
265 4150 415 4221 rationem,
437 4171 490 4211 nec
504 4155 582 4212 enim
603 4135 738 4212 diffitetur
757 4172 823 4212 eum
837 4154 963 4231 viguisse
993 4154 1024 4211 in
1044 4149 1186 4216 Ecclesia,
1198 4148 1253 4205 ait:

98 4231 162 4300 “Qui
171 4243 302 4326 baptizati
322 4257 402 4306 orant
414 4247 544 4318 infantes,
561 4249 627 4323 quia
641 4250 708 4309 fidei
719 4250 899 4332 consessione
914 4247 989 4327 apud
1009 4245 1170 4306 Ecclesiam
1185 4252 1254 4300 tunc

97 4317 188 4401 defuncti
200 4363 258 4406 non
271 4354 362 4415 erant,
376 4345 429 4404 sub
448 4345 537 4405 finem
550 4347 687 4433 pueritie,
702 4357 750 4407 aut
768 4334 882 4407 ineunte
893 4344 1083 4407 adolescentia
1096 4357 1252 4416 repraesen·

460 4553 501 4622 (1)
520 4520 862 4621 nmounrliuisvn
