2774 5056
149 319 210 377 268
477 313 535 375 DE
552 313 776 375 sathFtcss
797 314 1025 375 vautram

188 473 279 553 Rcap.
301 472 388 533 Haud
409 473 488 532 leves
511 472 700 533 indicavimus
714 492 816 532 caum
836 492 888 532 cnr
913 474 1021 534 Paulus
1042 493 1108 535 eam
1122 474 1361 545 similitudinem,

148 591 212 646 quae
226 573 300 630 inter
316 583 418 647 typum
432 583 461 629 et
479 570 627 631 veritatem
647 570 807 639 intercedit,
821 572 1047 648 praetermiserit.
1089 571 1238 633 Ceterum
1260 573 1361 651 ipsum

148 668 286 728 habemus
302 682 457 736 auctorem,
470 667 547 741 quod
561 671 598 726 ob
612 667 741 726 fidelium
756 669 949 728 infirmitatem
965 670 1002 728 de
1014 688 1119 729 arcano
1131 670 1264 729 siluerit:
1287 688 1360 748 pre·

148 765 223 824 latur
236 767 324 832 enim,
339 766 375 823 de
391 764 509 824 Christo
523 783 631 841 agens:
655 774 675 802 “
686 765 846 842 appellatus
859 786 877 824 a
890 765 956 825 Deo
970 766 1107 827 Pontifex
1123 768 1210 844 juxta
1223 767 1358 829 ordinem

148 864 386 922 Melchisedech:
408 864 444 922 de
456 882 513 937 quo
534 863 619 922 nobis
639 863 755 940 grandis
767 882 873 933 sermo,
886 877 916 923 et
927 865 1179 943 ininterpretabilis
1203 866 1240 924 ad
1261 865 1360 927 diceu-

146 964 225 1032 dum,
238 965 374 1038 quoniam
389 962 545 1020 imbecilles
560 961 628 1021 lacti
640 963 712 1021 eatis
725 962 989 1024 adaudiendnm.’'²
1018 965 1088 1023 Non
1103 966 1191 1043 igitur
1204 964 1359 1041 professus

146 1075 191 1123 est
199 1083 231 1122 ae
246 1063 359 1139 singula
372 1062 504 1121 evolvere
519 1064 548 1121 in
563 1063 668 1136 quibus
682 1062 902 1122 Melchisedech
917 1076 1004 1141 typus
1018 1073 1079 1122 erat
1099 1064 1221 1132 Christi,
1237 1063 1290 1122 sed
1305 1083 1360 1142 po-

146 1163 202 1222 tius
214 1163 307 1222 innuit
320 1162 408 1221 latere
420 1180 555 1221 arcanum
572 1161 648 1235 quod
658 1160 800 1220 auditores
815 1163 865 1220 vix
879 1162 952 1221 l'erre
963 1171 1093 1240 possent.
1135 1163 1184 1222 Ex
1199 1163 1265 1221 aliis
1286 1161 1357 1222 verd

146 1261 287 1338 capitibus
312 1258 447 1327 ostendit,
463 1258 654 1318 sacerdotium
672 1259 757 1336 juxta
780 1259 911 1319 ordinem
935 1258 1154 1319 Melchisedech
1170 1261 1233 1337 jam
1257 1259 1358 1320 locum

145 1369 242 1419 tenere
257 1358 409 1417 sacerdotii
424 1358 568 1417 huronici.
613 1355 760 1416 Ceterum
772 1357 807 1416 ad
822 1358 1001 1436 propositum
1013 1378 1073 1419 non
1086 1358 1247 1436 pertinebat
1260 1369 1358 1419 osten·

144 1457 212 1518 dere
226 1457 382 1517 oblationis
397 1454 627 1523 similitudinem,
643 1474 709 1514 nam
732 1456 810 1532 prins
832 1456 1014 1516 statuendum
1029 1467 1089 1516 erat
1101 1466 1131 1514 et
1150 1454 1358 1517 inculcandum

140 1555 342 1615 sacerdotium
366 1555 476 1612 Christi
502 1552 812 1622 Melchisedecianum,
834 1573 891 1629 qua
915 1555 946 1613 in
970 1573 1001 1614 re
1022 1553 1180 1632 Apostolus
1201 1564 1280 1614 totns
1300 1563 1355 1614 est.

144 1651 218 1712 lllud
234 1669 301 1709 vero
316 1651 403 1709 veluti
418 1649 627 1708 consectarium
641 1658 712 1717 erat,
726 1648 804 1723 quod
818 1649 980 1710 sacerdotio
991 1650 1082 1710 semel
1093 1650 1222 1710 admism
1232 1649 1356 1711 difficul-

147 1758 236 1806 tatem
251 1747 301 1805 vix
315 1747 483 1824 patiebatur.

184 1848 234 1902 nt.
260 1841 327 1923 Odj.
344 1849 373 1902 ³.
396 1843 506 1902 Christi
522 1843 609 1921 igitur
628 1844 801 1904 sacrificinm
815 1857 948 1904 constare
969 1863 1043 1922 pane
1063 1855 1092 1904 et
1112 1844 1182 1904 rino
1194 1843 1353 1905 dicendum

144 1943 209 2012 erit,
225 1954 256 2002 ut
270 1942 405 2002 sacerdos
419 1943 579 2002 secundum
594 1943 722 2002 ordinem
739 1943 957 2004 Melchisedech
972 1944 1119 2003 habeatur.

183 2040 273 2119 Reap.
297 2041 385 2100 Panis
400 2051 429 2099 et
443 2042 541 2101 vinum
557 2061 574 2099 a
588 2041 707 2100 Christo
721 2042 847 2101 adhibita
858 2043 975 2116 quidem
989 2053 1066 2112 suut,
1079 2061 1136 2118 qua
1148 2043 1258 2102 ratione
1271 2042 1354 2100 visus

144 2149 190 2199 sst
203 2139 338 2198 sacerdos
351 2139 386 2197 ad
401 2140 490 2198 instar
504 2139 741 2210 Melchisedech3
763 2139 815 2198 sed
830 2159 919 2214 quum
940 2141 983 2200 rei
999 2141 1103 2200 veritas
1125 2141 1217 2219 ligura
1228 2148 1260 2199 et
1277 2150 1354 2218 typo

143 2236 229 2315 longe
242 2247 375 2314 praestare
389 2235 514 2305 deberet,
529 2255 564 2295 ea
577 2238 607 2296 iu
621 2256 726 2314 corpus
741 2247 770 2294 et
789 2239 960 2316 sanguinem
983 2256 1069 2297 sunm
1089 2239 1222 2306 mutavit,
1237 2245 1270 2296 ut
1289 2254 1354 2315 per·

144 2333 302 2392 lectissima
315 2333 359 2391 sui
374 2333 517 2393 oblatione
531 2333 609 2393 Patri
623 2333 754 2393 redderet
766 2352 912 2393 summum
928 2334 1094 2394 honorem·
1135 2334 1215 2394 Mire
1230 2332 1349 2392 halluci-

145 2445 246 2492 nantur
260 2433 412 2510 Anglicani
427 2432 467 2491 illi
482 2432 533 2507 qui
554 2451 658 2511 panem
678 2443 707 2491 et
727 2433 825 2491 vinum
850 2432 1074 2492 eucharisticum
1088 2450 1155 2491 esse
1178 2432 1351 2492 sacrificiunt

145 2533 330 2597 estimantes,
346 2532 407 2588 sola
423 2530 586 2611 symbolica
605 2531 742 2590 relatione
763 2530 797 2589 ad
818 2533 911 2590 crucis
936 2531 1119 2598 sacrificium,
1143 2530 1256 2588 Christi
1276 2530 1351 2589 obla·

146 2628 252 2685 tionem
270 2648 285 2685 a
300 2627 563 2686 Melchisedeciana
586 2628 774 2704 distinguunt.
816 2629 900 2687 Absit
914 2638 945 2686 ut
965 2627 1037 2687 adeo
1059 2628 1206 2686 humiliter
1227 2628 1294 2701 quis
1314 2625 1348 2684 de

147 2723 256 2781 Christi
272 2725 414 2781 sacrificio
429 2735 457 2781 et
471 2722 630 2782 sacerdotio
645 2725 758 2782 sentiat.

186 2827 234 2879 55.
261 2821 328 2899 Obj.
344 2825 373 2878 4.
396 2822 571 2879 Vaticinium
598 2822 749 2880 Malachiae
771 2824 800 2880 in
824 2823 900 2882 cultu
925 2824 975 2897 qui
995 2824 1102 2897 ubique
1123 2833 1263 2881 terrarum
1286 2821 1347 2881 Deo

146 2917 281 2985 redditur,
295 2919 323 2975 in
339 2918 440 2993 spiritu
455 2929 484 2975 et
497 2920 613 2976 veritate
628 2940 645 2977 a
659 2919 769 2977 Christi
781 2919 923 2988 fidelibus,
935 2921 1079 2997 impletur,
1096 2920 1167 2993 quin
1176 2920 1344 2978 sacrificium

144 3017 191 3082 sit,
205 3016 302 3072 omnia
313 3016 390 3072 enim
399 3016 538 3074 sacrificia
548 3017 586 3074 ibi
596 3016 772 3076 declarantur
783 3018 895 3086 abolita,
906 3019 1047 3076 sacrificio
1057 3017 1150 3076 crucis
1163 3037 1199 3075 ea
1210 3018 1343 3095 implente

146 3115 316 3173 attollente.

184 3211 273 3290 Besp.
297 3212 391 3278 Quum
408 3210 443 3269 de
458 3212 606 3270 sacrifieiis
619 3225 682 3290 agat
694 3225 782 3280 vates,
798 3223 826 3270 et
839 3231 903 3286 quae
915 3213 933 3271 J
936 3210 1009 3270 udaei
1021 3223 1235 3271 consueverunt
1245 3211 1340 3271 offerre

144 3310 248 3386 rejecta
263 3309 438 3386 pronuntiet,
454 3309 626 3368 oblationem
643 3329 709 3384 quae
723 3329 822 3369 eorum
837 3311 902 3367 loco
917 3310 1022 3382 ubique
1037 3309 1166 3378 offertur,
1182 3309 1244 3368 veri
1258 3306 1340 3367 uomi-

145 3410 190 3468 nis
205 3410 377 3468 sacrificium
391 3420 504 3486 oportet
517 3409 685 3486 intelligere.
728 3410 760 3467 ld
775 3429 812 3467 ex
834 3410 907 3468 serie
929 3409 1066 3467 orationis
1088 3407 1243 3485 colligitur,
1258 3418 1286 3466 et
1303 3406 1337 3464 irt-

149 3507 296 3564 stitutione
319 3505 498 3564 eucharistiae
520 3507 713 3574 confirmatur,
729 3506 800 3565 adeo
815 3517 845 3564 ut
859 3506 1046 3564 vetustissimi
1061 3518 1155 3581 patres
1170 3503 1271 3563 meritd
1282 3501 1337 3562 inde

146 3601 360 3681 desumpserint
370 3613 568 3681 argumentum
579 3604 704 3662 veritatis
715 3604 861 3681 religionis
872 3602 992 3671 Christi,
1002 3603 1031 3661 in
1043 3620 1100 3676 qua
1112 3602 1240 3661 vaticinii
1248 3598 1336 3678 impla·
1375 3618 1378 3623 ·

179 3858 222 3924 (l)
242 3859 307 3908 Heb.
319 3876 342 3909 v.
357 3864 395 3910 10.
1363 3909 1373 3919 ,,

178 3944 221 4010 (2)
241 3943 272 3995 Id
283 3963 347 4010 pene
358 3948 446 3998 fatetur
463 3947 621 3996 Thorndike:
640 3953 656 3978 “
665 3947 768 4010 Having
784 3946 936 3997 maintained
952 3946 1008 3997 that
1024 3946 1066 3996 the
1083 3946 1203 3996 elementa
1214 3962 1255 3996 are
1269 3939 1330 4003 really
1386 4012 1387 4017 1

142 4031 252 4094 changed
266 4032 328 4082 from
339 4035 452 4099 ordinary
464 4035 536 4084 hread
550 4035 598 4084 and
607 4034 671 4085 wine
683 4035 736 4085 into
749 4036 789 4085 the
802 4034 873 4099 Body
886 4032 935 4083 aud
947 4033 1026 4083 Blood
1039 4033 1068 4083 ot'
1079 4031 1196 4093 Caarsn,
1207 4025 1331 4098 mysticat!
1386 4023 1387 4031 ¹

141 4125 247 4183 present,
266 4134 293 4167 as
310 4118 336 4167 in
348 4134 362 4167 a
374 4119 530 4179 Sacrament3
550 4119 599 4169 and
616 4119 670 4170 that
680 4121 707 4170 in
724 4120 802 4170 virtue
814 4120 842 4169 ol
855 4118 897 4169 the
908 4117 1138 4179 consecrationum
1154 4119 1187 4183 by
1199 4117 1240 4168 the
1250 4107 1333 4167 {aad
1384 4074 1387 4134 Ι

141 4205 194 4256 him
206 4204 260 4255 that
268 4204 390 4264 receives,
407 4205 471 4255 lam
488 4213 513 4255 to
525 4206 601 4255 admit
613 4207 659 4256 and
678 4207 797 4256 maintain
815 4205 939 4256 whatever
957 4221 1058 4270 appears
1075 4204 1135 4269 duly
1152 4203 1329 4268 conoequontto

138 4291 189 4343 this
201 4291 274 4352 nuth,
286 4292 394 4355 namely,
405 4290 460 4341 that
471 4291 512 4341 tlte
524 4292 642 4342 elementa
653 4309 681 4341 so
699 4292 855 4342 consecrated
866 4307 906 4341 are
923 4289 994 4359 truly
1011 4291 1053 4341 the
1070 4289 1186 4340 Sacrifica
1196 4291 1225 4340 of
1239 4289 1328 4339 eruar

140 4396 209 4446 upon
220 4381 263 4431 the
281 4378 365 4440 Crosa,
376 4380 402 4430 in
414 4397 441 4429 aa
453 4380 528 4430 much
540 4397 566 4430 aa
583 4380 624 4431 the
643 4381 714 4446 Body
727 4381 774 4430 and
793 4380 872 4430 Blood
883 4380 912 4430 ol
926 4378 1011 4429 Christ
1021 4394 1061 4428 are
1078 4378 1210 4429 contained
1227 4379 1254 4429 in
1269 4376 1328 4428 them·

140 4498 147 4514 .
165 4498 171 4512 .
190 4501 196 4514 .
214 4501 221 4515 .
238 4465 261 4516 lt
272 4466 294 4515 is
306 4464 425 4515 therefore
436 4464 543 4527 enough,
555 4466 608 4516 that
625 4466 666 4516 the
684 4466 849 4516 Eucharistis
866 4465 908 4516 the
925 4464 1040 4515 Sacrifico
1057 4464 1087 4515 of
1100 4462 1208 4515 Ouarsa
1219 4477 1284 4530 upon
1296 4455 1327 4508 ὼ
1381 4425 1387 4514 d

137 4549 221 4611 Crosa,
233 4568 260 4601 as
271 4553 313 4602 tho
324 4551 438 4602 Sacrifico
450 4551 479 4601 ol
493 4549 596 4601 Cunrsn
609 4568 677 4617 upon
689 4552 730 4603 the
749 4551 825 4603 Crosa
836 4553 858 4604 is
875 4551 1038 4619 represented,
1048 4551 1170 4613 renawed,
1181 4549 1276 4602 revised
1289 4536 1326 4596 ond

136 4637 242 4685 restored
251 4638 283 4701 by
295 4635 338 4687 it.'’
373 4638 504 4704 Epilogus,
516 4638 580 4687 hook
589 4638 624 4688 iii.
636 4638 675 4688 ch.
687 4655 709 4686 v.
720 4655 746 4704 p.
756 4640 798 4688 tt.
