2774 5056
152 318 208 375 llo
573 312 631 374 DE
652 310 910 373 ctlnlstnn'rn.

149 484 274 535 mentem
295 474 422 541 illustrat,
437 483 465 530 et
485 491 535 532 eor
554 471 650 531 divina
668 471 760 531 induit
779 473 892 540 virtute,
907 472 988 550 eujus
1010 472 1166 548 presentie
1180 472 1290 531 eximia
1311 473 1342 532 in

149 573 296 651 Apostolis
310 572 374 630 data
386 580 453 629 sunt
465 582 639 649 argumenta,
654 582 683 629 et
695 572 726 630 in
740 571 860 649 singulis
874 570 1016 639 fidelibus,
1031 571 1134 644 quibus
1154 571 1343 648 imponuntur

149 689 262 740 manue,
276 668 379 728 idonea
390 668 476 726 etiam
489 666 594 727 indicia
607 667 718 727 dantur.

627 862 860 903 Antunnvnttsro.

188 1009 238 1064 45.
260 1005 356 1072 Quum
378 1003 550 1078 questiones
570 1002 643 1061 inter
663 1001 830 1081 'l'heologoe
850 1003 968 1080 impune
991 1002 1130 1081 agitentur
1151 1001 1186 1061 de
1209 982 1301 1063 forma
1313 1018 1344 1064 et
1378 1042 1383 1047 -

67 1131 69 1137 ·
149 1104 265 1163 materia
291 1102 376 1179 hujus
398 1101 583 1168 sacramenti,
604 1101 700 1158 omnia
722 1119 785 1174 quae
808 1100 966 1177 prescribit
985 1099 1153 1159 Pontifioale
1175 1080 1369 1162 Romanum

149 1199 299 1278 diligenter
311 1198 471 1276 peragenda
484 1209 559 1266 sunt,
575 1201 730 1275 praesertim
746 1215 880 1255 manuum
895 1216 962 1277 erga
975 1195 1185 1255 confirmandos
1197 1201 1341 1268 extensio,

149 1317 215 1373 qnae
235 1309 264 1356 et
281 1297 427 1373 impositio
449 1295 560 1365 dicitur,
576 1305 605 1354 et
624 1293 870 1355 inunctiofrontis
891 1296 1053 1364 chrismate,
1075 1314 1141 1354 oum
1160 1297 1253 1354 verbis
1275 1317 1340 1371 quae

147 1397 259 1470 utrIque
280 1394 385 1453 actioni
404 1393 586 1470 respondent.
628 1393 750 1467 Siquid
775 1393 913 1452 omissum
935 1393 1028 1461 suerit,
1055 1401 1209 1452 “nonest
1232 1394 1340 1468 aliquid

115 1476 118 1483 ¹
147 1490 316 1558 iterandum,
332 1489 386 1549 ned
407 1499 487 1548 caute
510 1489 710 1567 supplendum,
732 1489 808 1564 qnod
829 1491 941 1548 incaute
962 1489 1052 1548 fuerat
1072 1491 1342 1566 pretermissum.'’⁴

147 1587 191 1647 Ita
210 1587 357 1666 respondit
376 1585 560 1646 innocentius
581 1586 636 1645 111.
651 1587 686 1645 de
702 1605 736 1646 eo
758 1587 808 1660 qui
828 1604 921 1645 errore
942 1605 998 1645 non
1020 1586 1183 1655 chrismate,
1205 1587 1340 1649 redoleo

148 1683 280 1744 delinitur
295 1683 393 1742 fuerat.

147 1859 286 1925 Apostolos,
294 1857 413 1924 impositio
424 1859 545 1919 manibus,
556 1873 704 1923 quemquem
714 1866 740 1909 et
750 1857 856 1909 adhibite
864 1857 1016 1909 invocatione
1027 1858 1082 1920 Dei,
1090 1859 1239 1910 eoenmtior'e
1250 1860 1277 1911 in
1288 1861 1342 1912 doo-

146 1946 212 1998 trina
221 1944 353 1995 christiane
363 1944 522 2005 institutione,
533 1942 635 2012 Spiritu
646 1943 737 1996 Sancto
753 1944 858 1995 imbutor
868 1944 951 2004 suine,
962 1944 989 1994 in
1000 1945 1141 1995 universum
1151 1945 1257 2009 intelligi
1274 1949 1343 2001 debet

146 2032 232 2083 effecte
242 2029 282 2080 hin
292 2031 406 2081 omnibus
417 2030 547 2094 singularis
557 2031 695 2082 animorum
703 2030 840 2091 eoneitetio,
850 2046 900 2096 qun
911 2037 1035 2096 tnmqnom
1042 2029 1120 2088 divini
1131 2030 1252 2084 Numinis
1259 2035 1343 2088 offlam

146 2133 174 2168 se
185 2123 314 2166 rennerunt
324 2114 449 2181 impulsos,
461 2123 489 2165 nt
499 2115 566 2165 illem
577 2115 712 2166 doctrinam
723 2115 773 2165 loeti
784 2129 813 2164 ne
823 2114 974 2179 imperterriti
984 2114 1159 2180 profiterentur.
1176 2116 1311 2183 Interdum,
1322 2123 1343 2174 ri

147 2203 202 2257 Dee
213 2200 249 2251 eie
260 2200 340 2251 visum
350 2200 430 2262 luerit,
440 2201 472 2251 ed
483 2201 550 2251 illem
562 2200 667 2266 Spiritus
678 2201 763 2251 Senoti
773 2199 960 2266 impertitionem
971 2200 1099 2251 accedebat
1109 2209 1135 2251 et
1144 2202 1183 2252 vis
1199 2202 1293 2268 linguis
1303 2225 1344 2274 po-

146 2286 249 2351 regrinie
267 2284 407 2351 loquendi.'’
439 2285 500 2336 Hier
520 2285 690 2336 Rorenmnller
699 2285 726 2334 in
743 2284 800 2334 Aet.
816 2283 866 2333 riii.
881 2285 919 2333 15.
936 2300 989 2348 qne
1007 2283 1106 2349 quidem
1117 2300 1169 2336 non
1186 2288 1344 2344 abhorrente

147 2370 267 2426 catholiea
276 2371 393 2433 doctrina,
404 2371 506 2434 gratim
517 2387 566 2436 que
576 2371 603 2421 in
614 2369 662 2421 lide
673 2370 798 2420 firmemur
806 2368 853 2419 hoc
864 2368 936 2419 tribui
948 2369 1110 2421 Snemmento.

185 2457 228 2528 (1)
246 2457 275 2508 ln
287 2458 375 2509 decret
384 2458 495 2521 Gregorii
502 2457 561 2509 inl
573 2457 589 2509 i.
601 2457 637 2509 tit
649 2456 698 2508 xri.
707 2456 737 2508 de
748 2456 912 2508 sacrementis
922 2472 973 2506 non
984 2456 1106 2507 iterandis.
1118 2455 1181 2524 an.
1193 2457 1344 2514 Paetorum.
