2774 5056
501 297 559 369 DE
580 295 885 363 conueniente.

578 876 721 938 CAPUT
743 877 799 938 111.

475 1111 531 1165 DE
556 1111 919 1168 deterrumum·

129 1336 179 1403 56,
202 1332 337 1405 Potestas
362 1332 525 1401 remittendi
549 1344 675 1413 peccata,
696 1354 783 1410 quum
804 1335 999 1399 sacerdotibus
1021 1337 1239 1410 vindicavimus,
1258 1341 1291 1402 in

90 1448 141 1503 eos
155 1429 318 1503 exercenda
337 1431 446 1505 estqui
459 1432 555 1493 animo
569 1433 718 1511 poenitenti
740 1442 829 1505 sunt;
849 1453 907 1495 non
928 1435 1005 1496 enim
1019 1446 1143 1515 possunt
1155 1437 1289 1498 homines

89 1545 154 1599 eam
165 1545 312 1596 exercere,
321 1527 377 1587 nisi
388 1526 445 1595 Dei
454 1529 566 1589 vicibus
580 1531 742 1608 fungentes,
757 1530 808 1605 qni
819 1533 1017 1609 peccatoribus
1030 1553 1090 1595 non
1103 1533 1158 1594 alia
1169 1534 1234 1614 lege
1244 1553 1291 1595 ve·
1345 1568 1347 1573 ·

90 1624 169 1697 niam
184 1624 328 1702 pollicitus
352 1636 406 1684 est.
449 1634 469 1663 ⁴⁶
482 1625 647 1687 Contritio”
674 1636 760 1704 prout
778 1647 797 1687 c
816 1628 994 1691 Tridentinis
1008 1631 1133 1709 patribus
1147 1630 1293 1704 definitur,

55 1776 64 1787 ,
91 1721 213 1783 “animi
227 1720 309 1781 dolor
331 1741 368 1781 ac
387 1720 537 1792 detestatio
556 1723 650 1783 eorde
663 1734 782 1802 peccato
795 1727 963 1797 commisso,
983 1746 1050 1800 curn
1065 1728 1213 1807 proposito
1232 1746 1292 1791 non

90 1816 230 1897 meandi
244 1816 280 1877 de
293 1818 442 1890 eetero,”²
481 1819 621 1885 consona
633 1830 678 1878 est
691 1820 755 1879 haee
769 1820 897 1883 definitio
911 1823 948 1882 iia
962 1842 1025 1898 ques
1037 1824 1120 1885 trudit
1133 1824 1292 1903 Gregorius

89 1913 241 1992 Magnus:
258 1922 279 1951 ‘⁶
291 1913 465 1986 Paenitentia
477 1923 522 1975 est
535 1914 610 1985 mala
623 1916 766 1992 preterita
788 1915 935 1995 plangere,
956 1927 986 1979 et
1006 1917 1167 1998 plangenda
1187 1916 1292 1983 iterum

90 2031 151 2086 pon
171 2011 399 2073 committerer*
439 2013 552 2079 Attritie
574 2011 680 2087 dicitur
698 2014 748 2077 ille
768 2015 878 2094 peceati
896 2015 1055 2086 detestatio,
1074 2035 1141 2092 qun
1165 2018 1241 2078 “vel
1254 2037 1293 2080 ex

91 2109 279 2190 turpitxdinis
304 2113 413 2190 peceati
441 2111 680 2183 consideratione,
706 2113 751 2175 v'el
780 2132 819 2175 ex
838 2114 977 2192 gehenon
997 2124 1027 2177 et
1045 2133 1193 2194 poenarum
1213 2127 1292 2177 metu

92 2208 284 2278 communiter
303 2209 488 2286 concipitur
528 2208 620 2274 Dolor
642 2209 816 2285 quicumque
837 2229 889 2273 seu
909 2211 1103 2290 imperfectus,
1128 2211 1223 2287 qualis
1245 2223 1291 2272 est

90 2304 219 2375 attritio,
233 2325 286 2371 ssu
300 2305 452 2384 perfectus,
474 2305 611 2367 contritio
625 2308 721 2370 stricte
735 2307 838 2378 dictus,
853 2306 936 2367 dehet
955 2308 1111 2386 aspiritus
1125 2309 1224 2369 Sancti
1245 2309 1292 2369 in·

91 2401 248 2480 opinatione
261 2400 414 2480 proficisci,
429 2402 536 2480 eteius
551 2402 604 2461 niti
617 2400 769 2480 adjutorio,
784 2411 816 2461 ut
835 2401 871 2461 nd
887 2402 1123 2481 justificationem
1143 2403 1292 2467 hominem

65 2532 71 2543 ·
91 2499 235 2577 inponat,
257 2499 341 2576 juxta
361 2498 598 2570 Tridentinorum
619 2494 731 2577 patrum
752 2498 920 2561 decretum:
942 2509 963 2538 ⁸⁸
977 2500 1089 2575 siquis
1111 2500 1215 2561 dixerit
1228 2502 1292 2565 sine

93 2598 287 2676 preveniente
308 2597 433 2674 Spiritus
458 2597 557 2664 sancti
578 2597 765 2676 inspiratione
789 2605 874 2673 atque
899 2599 962 2676 ejus
982 2598 1123 2677 adjutorio
1143 2599 1293 2661 hominem

92 2693 219 2765 credere,
230 2713 358 2772 sperare,
373 2694 491 2773 diligere
506 2705 554 2757 ant
567 2695 706 2772 poenitere
720 2714 818 2773 posse,
831 2697 909 2759 sient
932 2705 1055 2774 oportet,
1070 2706 1102 2757 ut
1114 2697 1142 2756 ei
1150 2696 1292 2775 justifice-

91 2792 178 2862 tiopis
191 2791 281 2870 grstia
293 2792 470 2861 conferatur:
486 2791 637 2867 nnathema
650 2792 736 2853 sit.”⁴
778 2791 1022 2873 Supcmotnrciis
1036 2793 1122 2870 igitur
1135 2805 1250 2872 oportet
1260 2805 1292 2855 ut

93 2890 141 2961 sit,
162 2888 257 2964 quoad
282 2889 455 2966 principium
469 2906 477 2959 ς
499 2889 630 2962 quamvis
645 2889 797 2964 aliquunde
811 2891 957 2968 contingat
970 2889 1152 2953 oecumenem
1165 2891 1233 2951 oriri
1254 2909 1293 2951 ex

92 3005 122 3046 re
137 2985 266 3058 umidi,
279 2985 377 3047 morbo
388 2984 508 3056 scilieet,
518 2985 645 3058 infamia,
657 2986 942 3060 mortisdis'orimine.
964 2986 1059 3049 Debet
1068 3004 1133 3047 esse
1143 3003 1291 3056 summus,

93 3094 233 3160 quatenns
248 3093 394 3161 peccatum
417 3082 482 3156 quis
501 3101 590 3160 super
612 3085 710 3153 omnia
733 3085 897 3154 detestetur,
912 3094 942 3143 et
966 3083 1023 3143 Dei
1043 3083 1138 3162 legem
1158 3084 1292 3144 omnihus

92 3192 263 3262 anteponat:
287 3200 345 3255 quo
359 3191 442 3258 pacto
456 3181 510 3252 erit
523 3193 552 3239 et
566 3180 756 3250 universalis,
771 3184 870 3254 omnia
889 3196 1004 3261 peccata
1025 3181 1122 3259 grevia
1135 3192 1290 3258 spectensr
1329 3268 1330 3271 Ἴ

94 3277 334 3338 “Convertimini
355 3276 389 3334 ad
411 3295 458 3335 me
479 3276 508 3334 in
529 3285 589 3335 toto
611 3274 696 3335 corde
719 3287 812 3336 vestro
825 3276 856 3346 ;”
878 3278 971 3350 inquit
991 3277 1072 3335 Deus
1086 3294 1138 3352 per
1150 3275 1291 3335 ,ioelem⁸

93 3376 158 3434 “Si
186 3387 280 3432 nutem
305 3355 411 3448 impius
439 3372 528 3448 egerit
550 3371 746 3448 poenitentinm
770 3372 805 3429 ab
830 3371 962 3431 omnihus
984 3371 1109 3448 peccatis
1132 3370 1204 3438 suis,
1226 3388 1290 3444 qnae

92 3485 226 3553 operatus
241 3482 294 3539 est,
310 3484 339 3528 et
362 3469 528 3528 custodierit
552 3470 649 3529 omnia
673 3480 816 3547 praecepta
836 3487 909 3538 mea,
931 3478 960 3527 et
979 3468 1079 3527 fecerit
1095 3466 1239 3546 judicium
1261 3479 1291 3528 ct

88 3572 251 3653 justitiamr
274 3570 330 3627 vita
346 3567 429 3635 vivet,
445 3580 473 3625 et
487 3586 544 3626 non
559 3564 740 3639 morietur.”⁶

133 3675 183 3730 57.
206 3665 377 3726 Tridentina
390 3662 520 3743 synodus
548 3663 664 3723 “docet
685 3671 831 3742 preterea,
854 3662 908 3722 etsi
930 3661 1139 3735 contritionem
1153 3660 1227 3722 hanc
1241 3663 1291 3722 nli·

92 3767 208 3845 quando
223 3764 356 3823 charitate
372 3763 526 3840 perfectam
540 3780 604 3821 cese
626 3762 782 3840 contingat,
797 3761 1003 3837 hominemque
1027 3760 1092 3820 Deo
1105 3762 1289 3831 reconciliare

91 3871 261 3947 prinsquam
273 3862 329 3921 hoe
343 3871 549 3919 sacramentnm
565 3874 628 3919 actu
642 3859 824 3937 suscipiatur,
838 3859 930 3938 ipsam
952 3859 1140 3919 nihilomiuus
1155 3860 1290 3920 reconcil-

92 3971 229 4028 iationem
245 3961 301 4038 ipsi
317 3957 479 4018 contritioni
493 3957 557 4016 sinc
570 3957 746 4016 Sacramenti
760 3968 838 4026 voto,
853 3956 930 4031 quod
949 3956 979 4030 ip
993 3955 1042 4030 illa
1054 3955 1216 4030 includitur,
1231 3974 1290 4030 non

494 4197 537 4263 (1)
557 4195 624 4246 Sese.
636 4194 686 4245 xiv.
696 4210 750 4260 cap.
762 4193 795 4244 iv.

494 4280 536 4348 (2)
557 4281 632 4331 Hom.
643 4280 728 4330 xxxiv.
740 4279 766 4330 in
778 4279 876 4342 dmg.

495 4368 538 4434 (³)
557 4365 622 4415 Sese.
634 4366 684 4416 xiv.
695 4380 748 4430 cap.
758 4365 792 4415 iv.

494 4455 536 4521 (4)
556 4455 620 4503 Sese.
632 4452 665 4500 vi.
676 4450 773 4501 eam-iii.
867 4452 870 4457 '

496 4540 538 4606 (h)
558 4540 572 4590 J
575 4539 613 4589 oet
624 4537 656 4597 II.

373 4622 374 4626 ’
494 4625 536 4692 (e)
554 4621 772 4675 noenumvr.
1218 4608 1334 4762 Γ
