2812 5062
433 296 610 360 elmon
630 296 905 359 memnonia.
1213 302 1270 360 rur
1371 250 1377 261 ’

76 457 220 536 sanguine
234 456 354 525 Christi,
365 456 444 531 quod
455 457 486 517 iu
499 457 638 534 mysterio
648 474 715 515 reru
726 456 765 514 sit
775 474 852 524 caro,
865 465 895 515 et
905 472 989 514 rerue
1003 456 1131 534 sanguis,
1144 455 1213 517 dum
1226 458 1270 518 sic

76 555 129 617 ille
141 554 243 622 voluit,
258 555 308 629 qui
321 555 444 615 crearit:
464 556 562 615 omnia
585 553 663 614 enim
683 571 871 628 quecumque
883 553 1028 613 Dominus
1043 555 1141 620 voluit,
1155 554 1222 614 lecit
1239 556 1271 614 in
1359 576 1378 613 -ι
1395 546 1400 559 '

78 651 155 713 culo
166 662 197 712 st
208 653 238 713 in
252 663 336 713 terra.
375 653 416 715 Et
429 653 497 727 quia
510 653 609 720 voluit,
624 651 692 710 licet
701 652 731 711 in
745 654 835 729 figure
849 653 930 728 panis
944 664 974 711 et
986 652 1055 719 vini,
1064 651 1126 710 haec
1139 653 1181 710 sic
1194 672 1270 722 esse,
1346 704 1352 711 .

75 752 200 811 omnino
215 751 287 810 nihil
301 751 388 820 aliud,
402 770 487 826 quern
499 770 564 811 caro
579 749 688 809 Christi
699 760 729 810 et
739 751 856 827 sanguis
878 762 944 828 post
956 751 1198 809 consecrationem
1212 768 1271 810 crs·
1371 826 1376 841 .

80 847 176 909 denda
194 849 293 908 sunt.”

126 948 191 1004 137.
205 944 246 1004 X.
257 944 396 1004 Sauone.
410 945 443 1003 S.
458 945 525 1004 Ouo
536 944 776 1004 Cenuuonusrs:
793 942 882 1001 “Sed
894 943 983 1002 multo
995 943 1059 1022 plus
1074 942 1226 1003 dolendum
1235 943 1272 1003 de
1339 996 1358 1021 Α

83 1042 152 1110 hoc,
165 1041 243 1115 quod
256 1041 324 1102 illud
338 1053 551 1102 sacrosanctum
562 1043 731 1119 mysterium
743 1040 889 1100 Dominici
903 1041 1036 1101 videlicet
1047 1042 1175 1119 corporis
1186 1051 1272 1101 tems-
1353 1088 1360 1105 ,

82 1157 147 1199 rere
160 1152 346 1217 presumunt.
367 1182 376 1199 .
399 1181 408 1199 .
430 1183 439 1201 .
460 1139 598 1199 “Contra
609 1159 659 1200 cos
673 1140 760 1209 euim,
772 1140 822 1212 qni
833 1141 1001 1199 exteriorem
1015 1139 1154 1217 Ecclesiae
1165 1141 1272 1199 cultum
1345 1146 1368 1175 ‘³¹

81 1238 242 1315 negligunt,
257 1238 400 1298 Dominus
421 1257 473 1315 per
493 1239 665 1298 Malachiam
680 1238 806 1312 queritur
826 1237 943 1296 dicens:
966 1238 1011 1297 ‘0
1026 1256 1077 1296 vos
1092 1237 1272 1308 Sacerdotes,

80 1337 135 1411 qui
157 1336 304 1413 despicitis
318 1355 424 1395 nomen
438 1356 547 1406 meum,
562 1337 669 1396 effertis
687 1355 773 1414 super
786 1336 872 1394 altare
886 1354 983 1395 meum
997 1354 1100 1413 panem
1120 1335 1272 1414 pollutum,
1343 1352 1346 1359 ·

83 1442 114 1492 et
128 1433 240 1493 dicitis:
263 1453 362 1493 mensa
382 1435 500 1494 ¹lomini
515 1435 622 1512 polluta
635 1433 699 1493 est.’
742 1434 878 1493 Polluunt
887 1435 1047 1493 sacerdotes
1058 1453 1172 1512 panem,
1186 1435 1274 1494 idest
1346 1410 1358 1439 δ’

81 1548 190 1607 corpus
204 1529 325 1598 Christi,
339 1542 370 1589 ut
384 1531 581 1608 Hieronymus
596 1530 724 1608 exponit,
739 1533 789 1605 qui
802 1530 918 1608 indigue
933 1529 1071 1590 accedunt
1090 1531 1125 1589 ad
1140 1531 1274 1591 altare.”¹
1352 1522 1401 1592 [N

17 1642 25 1655 '
127 1630 194 1685 tte.
216 1627 393 1686 Rsnnnnrns
407 1646 562 1686 nerscoeue
584 1628 787 1695 Vnnonnnsrs,
809 1637 829 1665 ⁸⁴
847 1627 952 1696 Crede,
968 1628 1060 1697 irater,
1075 1629 1141 1701 quia
1157 1629 1230 1687 sicut
1243 1630 1274 1689 in
1355 1614 1379 1649 ⁰

81 1724 166 1785 Cana
181 1725 306 1784 Galiloere
320 1726 416 1785 vinum
432 1727 488 1786 Dei
510 1726 631 1804 imperio
650 1736 789 1785 serumst
802 1746 858 1785 nou
874 1727 1063 1804 figurativum,
1079 1727 1131 1785 fuit
1151 1746 1187 1786 ex
1202 1747 1275 1802 aqna
1334 1684 1381 1761 Δ)

81 1824 209 1892 sectum3
231 1825 270 1882 ita
282 1823 368 1893 istud,
384 1824 440 1884 Dei
453 1825 661 1893 benedictione,
672 1826 780 1893 vinum,
797 1843 880 1882 verus
894 1835 923 1882 et
935 1843 992 1883 non
1008 1826 1172 1902 figurativus
1186 1826 1274 1885 effici·
1368 1792 1385 1848 ι

81 1919 276 1996 tursanguis3
298 1930 327 1978 et
339 1938 405 1978 caro
425 1921 517 1997 panis.
559 1918 643 1987 Quod
664 1920 689 1977 si
703 1938 788 1996 sapor
807 1919 883 1980 idem
904 1934 1007 1988 manet,
1022 1932 1050 1978 et
1072 1923 1159 1989 color,
1183 1922 1220 1979 ita
1240 1940 1273 1981 se
1340 1910 1401 1995 sl,

81 2015 183 2074 heberi
196 2015 358 2075 dissuadeat
371 2016 421 2075 tibi
442 2016 517 2074 aliud
520 2058 651 2075 .....
674 2017 810 2074 Manente
824 2016 918 2075 colore
941 2028 1025 2090 atque
1046 2036 1159 2093 sapore,
1174 2017 1271 2077 divina

83 2113 234 2191 Sapientia
242 2125 387 2189 operante,
399 2131 492 2173 reram
502 2131 615 2172 caruem
624 2124 653 2171 et
662 2113 840 2190 sanguinem,
850 2112 926 2187 quod
937 2113 1060 2191 percipis
1072 2132 1137 2172 esse
1149 2114 1275 2173 crede.’'⁹
1367 2098 1389 2187 ,l

126 2210 357 2269 Praetereundum
379 2230 437 2270 nou
457 2211 577 2268 estss.
594 2209 782 2289 Cyprianum,
798 2211 992 2280 Ambrosium,
1009 2210 1144 2289 Optatum
1160 2213 1272 2271 Mileri·
1365 2192 1385 2273 l

81 2314 196 2375 tanum,
222 2306 393 2384 Gregorium
411 2306 621 2374 Turonensem,
643 2306 770 2380 aliosque
791 2306 872 2383 plura
891 2306 993 2365 referre
1015 2307 1150 2365 miracula
1170 2306 1273 2380 quibus

80 2402 189 2460 veritas
203 2401 265 2460 hec
279 2400 430 2460 Catholica
442 2401 619 2478 apertissime
633 2401 823 2459 confirmatur.
858 2401 944 2460 Juvat
956 2412 1050 2460 autem
1066 2402 1181 2462 Petrum
1196 2404 1273 2461 testi·
1329 2378 1386 2539 β

83 2500 193 2559 moniis
209 2499 405 2559 Conciliorum
420 2499 614 2557 auctoritatem
628 2496 761 2575 adjicere.
1351 2510 1383 2575 ᾖ.

130 2595 194 2650 129.
218 2591 381 2651 Concilium
392 2592 543 2652 Nioaeuum
555 2590 696 2649 decrevit:
713 2600 733 2627 ‘⁶
748 2592 852 2665 Neque
864 2591 976 2660 Canon,
990 2611 1085 2668 neque
1097 2593 1273 2655 cousuetudo
1364 2598 1384 2663 5

83 2689 201 2749 tradidit
214 2702 244 2748 ut
258 2690 298 2758 hi,
314 2709 364 2764 qur
355 2688 516 2748 'offerendi
535 2698 703 2766 potestatem
723 2708 782 2748 non
801 2689 916 2758 habent,
938 2689 1084 2769 (Diacout'
1097 2690 1274 2770 scilicetne
1238 2693 1255 2705 ”

83 2805 138 2862 qur
129 2787 282 2855 offerunt,
295 2787 362 2845 dent
375 2804 478 2863 corpus
493 2784 649 2844 Christi.”8
1374 2818 1381 2849 ,-

132 2889 197 2943 130.
219 2884 382 2943 Concilium
397 2882 633 2952 Alexandrinum,
649 2884 681 2942 S.
697 2883 802 2961 Cyrilli
816 2852 943 2963 tempore
957 2833 1118 2955 babitum,
1109 2887 1276 2965 inepistola
1307 2871 1325 2937 '⁴-
1367 2854 1379 2893 ὁ

84 2979 124 3040 ad
147 2981 313 3039 Nestorium
329 2978 508 3038 eucharistiae
532 2978 635 3056 dogma
648 2989 744 3057 aperte
765 2981 864 3050 tradit;
887 2991 915 3040 et
928 2992 1025 3041 contra
1046 2983 1256 3043 Nestorium
1233 3003 1276 3042 erc
1346 2990 1387 3067 ‘p

84 3076 230 3135 decernit:
253 3075 419 3133 “Sanctum
435 3093 468 3132 ac
482 3075 647 3134 vivificum
641 3088 875 3151 momentumque
889 3078 919 3135 in
941 3078 1081 3137 Ecclesiis
1096 3080 1275 3139 Sacrificium
1340 3128 1343 3133 .

84 3175 268 3250 peragimus:
291 3170 406 3248 Corpus
423 3169 499 3244 quod
523 3173 698 3249 proponitur,
719 3174 850 3232 similiter
869 3189 898 3232 et
918 3177 1074 3252 pretiosum
1095 3177 1274 3252 sanguinem,
1351 3178 1361 3197 ⁴
1382 3190 1385 3195 '

84 3289 146 3331 non
159 3269 330 3335 communis,
345 3270 484 3343 nobisque
505 3269 607 3327 similis
628 3271 753 3329 hominis
774 3273 934 3349 cujuspiam
955 3292 1020 3331 esse
1042 3272 1200 3342 credentes,
1223 3273 1276 3332 sed
1371 3334 1377 3343 ,

84 3368 181 3446 potius
197 3379 339 3440 tamquam
354 3367 499 3444 proprium
514 3384 618 3443 corpus
632 3367 777 3437 effectum,
791 3369 961 3446 sanguinem
975 3371 1060 3428 etiam
1082 3369 1180 3440 Verbi,
1195 3370 1273 3443 quod

85 3467 185 3526 omnia
198 3465 331 3532 vivificat,
347 3464 565 3541 accipientes.”⁴

130 3568 196 3623 131.
218 3563 380 3624 Concilium
396 3562 578 3641 Ephesinum
593 3563 734 3622 Generale
743 3563 1007 3623 anathematismum
1019 3565 1095 3623 hunc
1109 3565 1181 3625 inter
1194 3579 1276 3626 cete·
1366 3566 1375 3579 ‘

85 3680 134 3722 ros
149 3662 286 3738 probarit,
301 3671 329 3718 et
342 3661 381 3718 ita
394 3659 598 3719 demonstravit
611 3661 683 3718 hanc
698 3660 786 3719 luisse
801 3663 886 3719 totius
901 3661 977 3719 orbis
991 3660 1087 3720 fidem.
1353 3730 1364 3739 Ι,

127 3764 195 3819 let.
217 3759 380 3818 Concilium
397 3758 546 3818 Nieoeuum
563 3758 600 3817 ΙΙ.
618 3759 759 3817 Generale
774 3759 935 3836 reprobavit
948 3759 1139 3819 lconoolastae
1160 3762 1275 3822 Eucha·
1335 3760 1342 3777 ²
1368 3752 1371 3757 ¹

83 3859 196 3919 ristiam
216 3857 369 3934 imaginem
391 3855 556 3924 vocitantes,
571 3856 701 3929 quamvis
726 3875 778 3914 uec
800 3856 831 3915 hi
854 3857 998 3916 veritatem
1020 3859 1148 3936 corporis
1162 3870 1191 3918 et
1213 3880 1276 3920 san·

83 3958 183 4036 guinis
210 3956 240 4013 iu
266 3956 449 4013 Sacrameuto
477 3966 622 4033 negarent.
672 3952 749 4012 Audi
776 3954 973 4032 Epiphanium
1000 3955 1149 4016 diaconum
1181 3977 1276 4019 coram
1355 3942 1365 3985 ‘⁵

83 4053 221 4114 Patribus
248 4050 434 4109 disserentem
462 4049 599 4110 “Nullus
622 4092 629 4110 .
652 4092 660 4109 .
684 4093 692 4109 .
714 4051 881 4110 Sanctorum
905 4093 913 4110 .
936 4093 945 4110 .
968 4093 976 4108 .
998 4054 1200 4130 Apostolorum
1229 4067 1277 4115 aut
1321 4064 1377 4137 (Ἃ

82 4150 240 4212 illustrium
264 4150 379 4208 Petrum
404 4158 566 4207 nostrorum
588 4149 766 4209 incruentum
788 4150 959 4209 sacrificium
986 4162 1124 4221 nostrum,
1149 4152 1225 4227 quod
1246 4155 1277 4213 in
1338 4132 1374 4251 ᾖ,

387 4344 429 4412 (1)
448 4343 503 4394 Lib.
519 4343 596 4394 collat
608 4358 633 4392 n.
647 4345 688 4392 28.
1361 4376 1364 4381 -

384 4429 428 4495 (2)
447 4430 495 4494 Ep.
504 4429 536 4479 vi.
544 4429 574 4478 ds
586 4436 716 4494 corporeet
727 4428 846 4492 sanguine
857 4427 966 4480 Domini.
1331 4410 1361 4493 ᾖ

389 4515 432 4581 (3)
453 4514 517 4565 Cen.
527 4513 596 4564 xviii.

388 4603 430 4669 (4)
449 4601 661 4654 Anothematismo
672 4600 705 4652 xi.

677 4689 732 4748 15*
