2774 5056
119 324 180 384 80⁰
511 318 570 380 Du
591 317 759 380 uirtutis
779 316 931 380 MlSSAE.
987 317 1000 334 ⁶

120 478 277 541 admodum
290 479 456 538 verosimile
479 487 534 547 est,
553 478 664 556 quippe
684 477 762 552 quod
787 496 949 537 consonum
972 478 1012 536 sit
1030 476 1169 552 loquendi
1188 477 1332 539 ratiouia

121 579 242 642 Christo
265 588 465 656 usurpassent
484 577 657 655 imaginibus
684 589 713 636 et
735 575 972 636 similitudinibus
992 594 1046 636 nos
1067 575 1214 646 edoceret,
1228 589 1261 635 et
1275 579 1329 637 toti

120 676 225 735 veteris
240 675 380 734 Ecclesia
394 672 561 754 systemati,
576 674 682 748 ubique
696 673 773 732 enim
794 673 893 731 ritibus
914 691 1010 731 sacras
1024 671 1151 731 adnexas
1172 673 1327 750 significa·

118 777 212 835 tiones
225 774 397 851 reperimus.
438 772 488 831 Ex
501 772 596 830 sorbis
610 789 675 846 qua
689 770 797 848 profert
814 770 970 848 episcopua
991 770 1061 830 dum
1075 779 1171 830 vestes
1186 771 1328 830 candida·

118 882 163 932 tos
182 870 284 938 induit,
299 880 328 928 et
340 887 379 928 ex
392 867 568 928 orationibus
590 886 654 942 qne
673 868 825 927 recitanda
839 877 916 936 sunt,
929 867 1001 927 dum
1021 867 1189 937 indnuntur,
1211 869 1332 946 signiti-

116 969 191 1029 catio
212 986 278 1041 quaa
298 967 333 1026 iis
355 966 514 1025 adnectitur
532 964 687 1043 colligitur.
739 964 870 1023 Amictus
897 963 985 1043 capiti
1011 964 1136 1042 primum
1164 964 1324 1036 obductus,

122 1065 229 1127 deindo
253 1067 328 1126 collo
349 1065 572 1142 circumligatus,
600 1063 689 1142 galeas
718 1062 829 1131 salutis,
849 1081 935 1138 qnam
956 1063 1039 1121 miles
1067 1060 1177 1122 Christi
1199 1063 1324 1125 inducre

116 1164 212 1230 debet,
227 1165 374 1224 notionem
388 1163 501 1240 ingerit.
542 1161 619 1221 Alba
631 1160 721 1219 vestis
733 1159 824 1219 animi
833 1159 1004 1219 munditiem
1018 1159 1141 1219 denotat.
1184 1160 1326 1241 Manipu·

118 1261 165 1321 lus
186 1261 293 1321 fructus
313 1261 454 1320 bonorum
475 1277 595 1337 operum
616 1277 689 1332 quos
709 1257 811 1316 afferre
825 1267 958 1336 oportet3
979 1268 1008 1316 et
1021 1258 1200 1335 ponitentiae
1227 1259 1329 1338 lacry-

117 1377 191 1426 mas,
206 1360 310 1433 quihus
324 1356 511 1435 abstergenda
524 1365 592 1415 sum
605 1367 730 1434 peccata,
745 1354 880 1414 denotat.¹
899 1354 980 1414 Stolo
989 1355 1093 1433 jugum
1105 1354 1229 1425 Christi,
1243 1356 1328 1432 quod

114 1457 188 1520 serre
209 1458 357 1528 debemus,
380 1466 493 1516 revocat
518 1456 548 1515 iu
569 1456 747 1524 memoriam,
768 1453 995 1528 obedientiaque
1021 1455 1156 1515 virtutem
1176 1455 1321 1516 insinuat.

114 1555 243 1624 Placete,
272 1573 325 1613 sau
358 1553 476 1622 Casula,
505 1552 682 1620 charitatem,
717 1551 805 1610 veluti
836 1562 945 1610 vestem
983 1549 1153 1629 nuptialem,
1182 1569 1241 1625 qua
1276 1560 1327 1613 οὶ·-

115 1654 178 1714 nari
206 1654 290 1713 debet
317 1651 461 1721 sacerdos,
491 1649 605 1710 indicat.
667 1648 779 1709 Christi
813 1648 947 1727 patieutis
976 1650 1122 1708 memorias
1150 1638 1324 1712 revocandae

114 1761 209 1811 vestes
236 1769 323 1809 sacrae
351 1757 473 1828 possunt
499 1747 647 1807 inservire.
702 1747 834 1806 Amictus
864 1745 960 1805 velum
988 1745 1066 1820 quod
1092 1745 1179 1804 faciei
1208 1745 1325 1808 Christi

113 1847 269 1911 obductum
283 1856 346 1917 est;
375 1847 447 1905 Atha
467 1855 577 1905 vestem
598 1863 655 1918 qua
672 1862 739 1903 eum
760 1843 854 1903 induit
875 1843 1029 1913 Herodes;
1052 1842 1217 1922 Cingulum
1239 1845 1326 1908 funes

113 1944 218 2021 quibus
233 1944 336 2022 ligatus
351 1952 405 2012 est,
420 1941 488 2001 dum
503 1941 539 2000 ad
552 1941 702 2001 tribunalia
716 1939 838 2018 Caiphae
860 1947 890 1998 et
909 1940 995 2000 Pilati
1015 1939 1213 2001 adduceretur.
1259 1942 1327 2002 Ma·

115 2040 232 2119 uipulus
246 2041 383 2118 ligamina
396 2022 501 2113 quibis
516 2057 616 2097 manus
632 2039 808 2106 tenebantur,
822 2037 891 2097 dnm
905 2034 1028 2115 flagellis
1039 2037 1215 2107 caederetur3
1236 2039 1322 2098 Stola

113 2158 230 2199 crucem
245 2139 372 2197 humeris
387 2139 564 2215 impositam,
579 2147 609 2197 et
619 2136 695 2197 collo
715 2135 874 2213 alligatam
896 2147 926 2195 et
937 2136 1045 2195 Casula
1059 2148 1171 2197 vestem
1185 2138 1323 2199 inconsu-

120 2235 200 2296 tilem
217 2235 327 2294 Christi
341 2234 466 2305 denotat.
831 2223 833 2227 ⁴

155 2337 223 2392 129.
246 2334 388 2412 Pracipui
405 2334 475 2392 ritus
488 2332 589 2392 Missae
603 2340 671 2391 sunt
683 2330 777 2391 crucis
790 2331 918 2408 siguum,
930 2331 1054 2408 pectoris
1062 2332 1170 2401 tunsio,
1187 2333 1324 2395 osculum

114 2433 206 2502 altari,
221 2433 305 2501 libro,
328 2442 437 2511 patenae
458 2430 566 2500 datum,
587 2430 689 2489 hostiae
709 2440 739 2488 ct
762 2429 860 2489 calicis
879 2429 1065 2498 elevationes,
1086 2431 1322 2509 genuflexiones,

112 2530 214 2608 capitis
230 2530 442 2596 inclinationes,
457 2549 558 2588 manus
574 2528 769 2595 extensiones,
784 2537 813 2584 et
826 2527 880 2585 alia
894 2526 1071 2603 hujusmodi,
1084 2527 1119 2585 de
1134 2530 1241 2602 quibus
1256 2550 1322 2608 rap·

114 2630 166 2687 tim
180 2629 275 2701 aliqua
290 2628 428 2685 dicemus.

157 2726 223 2780 130.
247 2723 350 2780 Crucis
379 2723 493 2799 siguum
508 2722 538 2779 iu
554 2722 646 2779 Missa
665 2741 742 2795 saepe
754 2722 795 2790 fit,
811 2720 845 2779 ad
868 2722 1037 2798 mysterium
1053 2720 1164 2781 Christi
1180 2724 1316 2783 crucifixi

114 2820 308 2879 recolendum.
354 2818 451 2877 Semel
463 2820 568 2876 sactum
594 2829 715 2877 mortem
731 2818 851 2888 Christi,
868 2838 953 2894 quam
968 2820 1059 2877 semel
1079 2821 1160 2886 obiit,
1177 2820 1321 2899 designat,

115 2926 144 2975 et
158 2915 225 2982 Dei,
240 2933 327 2988 quem
356 2915 478 2973 colimus
500 2916 658 2972 unitatem:
681 2923 725 2973 ter
739 2927 795 2973 tres
818 2935 955 2992 personas
971 2916 1000 2973 in
1024 2934 1083 2973 uno
1105 2916 1172 2974 Deo
1191 2917 1321 2987 denotat,

112 3027 210 3070 earum
232 3012 340 3088 quippe
364 3012 393 3069 in
414 3010 618 3087 redemptionis
640 3012 779 3086 mysterio
801 3013 984 3089 agnoscimus
1012 3012 1179 3071 bonitatem.
1226 3013 1323 3084 Quint·

112 3108 196 3188 quiea
225 3109 323 3187 plagas
338 3109 466 3184 quinque
483 3108 604 3177 Christi,
616 3110 748 3166 manibus
764 3110 942 3187 pedibusque
958 3110 1091 3178 confinia,
1106 3122 1135 3168 et
1148 3110 1239 3171 latere
1254 3133 1323 3172 con·

113 3207 193 3266 fosso
209 3207 336 3265 exhibet.
381 3205 519 3283 Seipsuvn
535 3207 628 3283 signat
641 3207 785 3277 sacerdos,
801 3227 881 3265 suam
897 3218 928 3265 ut
941 3208 1106 3284 profiteatur
1120 3209 1148 3266 in
1167 3210 1320 3270 Christum

111 3303 209 3373 fidem,
225 3302 408 3378 divinamque
430 3305 459 3361 in
480 3323 512 3361 se
533 3305 666 3381 imploret
686 3323 773 3382 opem
788 3317 816 3362 et
829 3305 1068 3363 benedictionem.
1111 3305 1215 3383 Signat
1236 3309 1321 3367 initio

112 3402 264 3480 Evangelii
282 3402 429 3483 frontem,
451 3419 494 3469 oc,
510 3411 661 3480 otpertus,
675 3415 705 3460 ut
720 3403 851 3460 fiduciam
875 3422 932 3476 qua
951 3422 982 3461 se
1005 3402 1115 3474 Christi
1142 3402 1321 3482 discipulum

110 3499 291 3574 professurus
301 3501 338 3557 sit
347 3499 462 3566 indicet,
474 3507 503 3556 et
516 3517 641 3556 amorem
654 3518 711 3572 quo
723 3499 854 3556 veritates
870 3499 933 3556 illas
943 3498 1036 3556 cordis
1050 3499 1152 3557 affectu
1168 3502 1321 3577 amplexu·

110 3614 168 3653 rus.
214 3596 342 3655 Librum
357 3598 450 3674 signat
464 3615 499 3654 eo
520 3596 597 3668 quod
618 3597 703 3654 verba
728 3595 840 3653 Christi
862 3597 995 3654 crucifixi
1018 3597 1172 3655 contineat.
1216 3599 1323 3677 Signat

110 3688 209 3750 oblatu
221 3702 252 3749 ut
264 3693 374 3752 Christi
386 3694 545 3752 benedictio
560 3695 589 3752 in
601 3713 635 3751 ea
649 3693 812 3762 descendat,
828 3706 855 3751 et
871 3695 941 3752 fiam
951 3713 1054 3770 corpus
1067 3695 1130 3771 ejus
1143 3705 1173 3752 et
1187 3697 1319 3774 sanguis.

110 3789 184 3848 Post
196 3793 438 3851 consecrationem
450 3795 544 3870 signat
557 3794 642 3850 etiam
649 3811 760 3870 panem
776 3801 913 3852 sanctum
926 3793 997 3852 aitae
1010 3801 1136 3885 sternte,
1152 3801 1181 3852 et
1196 3794 1321 3855 calicem

115 3883 223 3945 salutis
232 3894 391 3964 perpetum,
406 3889 525 3946 eandem
541 3890 683 3947 victimam
700 3889 800 3947 adesse
815 3909 974 3966 agnoscens
989 3909 1054 3963 quae
1074 3891 1103 3948 in
1120 3909 1206 3948 cruce
1221 3893 1319 3950 oblata

108 3995 162 4043 est.
207 3985 308 4062 Signat
315 3986 462 4064 populum
477 3989 529 4045 sub
544 3988 630 4045 finem
654 3989 765 4055 Missae,
789 3987 936 4046 Christum
953 3990 1078 4058 imitans,
1095 3991 1145 4062 qui
1160 3991 1191 4048 in
1206 3991 1314 4050 coelum

108 4102 294 4150 ascensurus,
310 4083 425 4142 elevatis
442 4086 583 4152 manibus,
599 4085 824 4143 benedictionem
842 4085 990 4163 discipulis
1006 4063 1140 4163 elargitus
1153 4096 1207 4144 est.

151 4185 217 4240 131.
242 4181 346 4239 Pectus
368 4188 411 4238 ter
432 4183 523 4240 tundit
543 4181 686 4248 sacerdos,
703 4181 770 4240 dum
793 4196 907 4260 peccata
928 4185 1089 4253 confitetur,
1105 4195 1261 4257 antequam
1277 4187 1316 4243 al·

109 4281 176 4339 taris
193 4280 326 4356 gradibus
346 4281 488 4348 ascendat,
505 4292 535 4337 ut
556 4281 721 4357 gravitatem
743 4282 890 4358 culparum
905 4301 1021 4340 suarum
1035 4295 1064 4339 ct
1077 4280 1207 4340 dolorem
1225 4284 1315 4341 animi

107 4376 267 4453 significem
291 4376 482 4452 publicanum,
504 4397 590 4450 quem
605 4378 729 4435 laudavit
750 4375 894 4446 Christus,
910 4380 1047 4436 imitatus.
1092 4376 1192 4436 Semel
1204 4393 1310 4456 pectus

106 4475 236 4549 percutit,
252 4472 348 4531 Nobis
363 4476 685 4550 quoqucpeccatoribus
700 4477 875 4533 consortium
891 4486 1053 4534 sanctorum
1068 4476 1229 4552 implorans
1247 4498 1254 4535 :
1272 4487 1317 4536 ter

106 4571 140 4629 ab
155 4572 239 4646 Agno
255 4573 309 4630 Dei
326 4574 373 4645 qui
390 4573 462 4630 tollit
477 4585 590 4648 peccata
607 4574 715 4640 mundi,
730 4574 953 4632 misericordiam
968 4584 997 4632 et
1008 4593 1120 4651 pacem,
1133 4586 1235 4651 pectus
1250 4596 1313 4653 per·

101 4665 246 4735 cutiendo,
262 4669 386 4746 supplex
400 4669 491 4748 petit:
515 4669 596 4726 trina
611 4671 733 4741 denique
749 4671 872 4745 pectoris
897 4671 1029 4728 tunsione
1055 4689 1087 4728 se
1102 4670 1179 4729 haud
1191 4671 1315 4748 dignum
