2812 5062
472 325 528 387 De
549 325 855 387 CONFESSIONE.
1207 333 1265 390 337

562 890 703 952 CAPUT
724 890 778 950 lv.

446 1129 500 1181 us
531 1128 881 1199 cousussroue

97 1349 148 1405 72.
170 1343 332 1403 Judiciariae
356 1362 442 1418 qnam
465 1344 659 1405 sacerdotibus
685 1343 891 1404 vindicavimus
912 1346 1061 1421 potestatis
1088 1344 1258 1404 exercitium

58 1462 153 1503 causoe
168 1444 292 1520 postulat
313 1444 517 1520 cognitionem,
533 1462 597 1518 quae
621 1444 717 1503 h'aberi
739 1441 839 1517 nequit
852 1442 909 1501 nisi
924 1461 973 1501 reo
986 1445 1151 1511 confitente,
1167 1443 1257 1520 plera·

59 1559 116 1615 que
131 1540 210 1598 enim
224 1538 327 1599 delicta
338 1539 435 1598 latent.
467 1538 619 1620 Confessio
634 1539 740 1598 idcirco
753 1550 798 1599 est
810 1540 856 1597 sui
873 1541 1016 1599 accusatio
1031 1540 1170 1599 sacerdoti
1185 1539 1259 1598 sacta

58 1645 205 1711 tamquam
230 1635 286 1694 Dei
314 1637 455 1707 ministro,
476 1656 494 1695 a
519 1648 678 1713 peccatore,
702 1637 814 1695 veniam
840 1649 994 1708 quaerente.
1035 1634 1264 1707 E’Eoporoyvfiena

60 1733 172 1793 Graecis
183 1732 258 1792 dicta
270 1744 324 1801 est,
339 1752 396 1807 qna
408 1744 501 1793 tamen
516 1753 587 1792 voce
602 1745 689 1793 totam
704 1734 877 1810 paenitentiae
891 1733 1085 1810 disciplinam,
1096 1738 1179 1812 cnjus
1192 1753 1258 1812 pars

58 1838 102 1887 est
115 1829 269 1905 precipua,
283 1848 498 1903 nonnumquam
514 1840 623 1887 veteres
647 1830 800 1904 scriptores
822 1829 1089 1906 complectebantur.
1132 1830 1263 1892 Publica

59 1923 203 2005 mry‘eesio
217 1925 369 2000 aliquando
389 1926 485 1995 fiebat,
501 1945 596 1985 coram
615 1925 742 1984 fidelium
765 1938 853 1993 cmm,
875 1938 907 1984 ut
928 1928 973 1984 sui
996 1946 1092 1986 coram
1123 1931 1257 1988 omnibns

58 2023 258 2091 humiliatione
272 2035 404 2103 peccator
425 2025 536 2085 tolleret
547 2024 623 2098 quod
637 2023 832 2102 delinquendo
846 2043 964 2101 pravum
981 2028 1138 2102 praebuerat
1159 2046 1258 2087 exem-

57 2119 149 2196 plum,
164 2128 194 2179 et
206 2120 264 2179 Dei
278 2121 348 2179 iram
362 2132 511 2181 averteret.
538 2119 655 2180 Secreto
668 2133 764 2179 numm
778 2120 933 2189 consessio,
948 2121 1130 2182 auricularis
1144 2123 1261 2196 dicitnr,
1361 2166 1365 2173 -

57 2217 127 2291 quia
140 2218 255 2277 auribus
269 2219 461 2277 insusurratur
474 2217 640 2277 sacerdotis.

93 2317 145 2375 73.
168 2313 368 2374 Confessionis
380 2315 579 2373 necessitatem
595 2314 704 2391 primns
720 2314 898 2391 impugnavit
913 2311 1062 2383 Wiokleff,
1077 2317 1161 2392 cujus
1176 2335 1256 2376 error

53 2413 208 2471 aconcilio
221 2413 436 2472 constantiensi
451 2413 600 2472 damnatus
619 2417 687 2470 est.¹
728 2412 830 2470 Petrus
851 2411 887 2469 de
905 2411 1006 2479 osma,
1022 2415 1128 2472 saeoulo
1143 2414 1258 2474 decimo

54 2509 166 2582 quinto,
188 2510 399 2569 consessionem
426 2519 607 2585 peccaterum
629 2507 785 2584 specialem
810 2507 845 2565 ad
871 2507 1010 2566 Ecclesiae
1033 2509 1138 2586 legem,
1161 2513 1257 2588 potius

58 2625 145 2681 quam
160 2607 196 2664 ad
215 2609 265 2685 jus
290 2608 417 2667 divinum
439 2608 583 2675 referens,
605 2608 639 2664 ab
661 2606 890 2682 Archiepiscopo
905 2606 1057 2675 Toletano,
1073 2619 1101 2665 et
1117 2609 1219 2667 deinde
1241 2631 1258 2668 a

55 2703 140 2775 Sixto
154 2703 206 2764 lv.
225 2705 374 2765 damnatus
390 2717 444 2764 est.
474 2705 617 2763 Lutherue
631 2702 784 2776 aliquando
801 2684 990 2762 consessionis
1005 2705 1168 2780 praedieavit
1183 2708 1257 2765 utili·

53 2810 144 2860 tatesr
167 2803 318 2861 “Occulta
332 2803 486 2871 confessio,
502 2821 559 2876 quo
581 2801 667 2860 modo
688 2801 855 2868 celebratur,
871 2801 944 2860 miro
959 2800 1045 2860 modo
1062 2803 1132 2860 milri
1148 2804 1253 2881 placet,

53 2909 82 2956 et
96 2898 185 2968 utilis,
199 2899 259 2959 imo
283 2900 443 2959 necessaria
467 2910 520 2967 est,
536 2918 589 2959 nec
610 2898 714 2957 vellem
735 2918 798 2957 eam
820 2918 879 2956 non
899 2917 975 2966 esse,
991 2919 1057 2958 cum
1080 2901 1117 2958 sit
1141 2900 1255 2961 afflictis

53 2999 236 3058 conscientie
258 2973 414 3059 remedium
426 2998 473 3057 :’'⁹
493 2998 544 3057 sed
566 3018 618 3076 pro
640 3017 719 3057 more
744 2997 864 3057 mutavit
888 2999 1069 3065 sententiam,
1091 3012 1120 3058 et
1141 3002 1252 3061 conses-

52 3097 165 3156 sionem
180 3097 315 3175 deinceps
335 3098 495 3176 designavit
507 3098 735 3156 cruentissimam
748 3096 967 3155 carnificinarn.³
1007 3098 1082 3174 Ejus
1094 3110 1247 3159 sectatores

53 3193 82 3253 iu
96 3191 292 3253 consessione
306 3191 472 3271 Angustana
487 3194 603 3270 private
617 3192 807 3250 consessionis
827 3192 976 3251 utilitatem
999 3200 1199 3269 agnoverunt,⁴
1220 3207 1249 3254 et

53 3310 116 3350 eam
132 3290 309 3349 retinendam
323 3300 465 3368 optarunt,
481 3309 565 3365 qnam
582 3288 732 3346 Walohins
748 3307 801 3346 suo
815 3297 943 3364 tempore
968 3287 1061 3346 adhue
1086 3290 1161 3366 apud
1176 3310 1246 3350 suos

56 3391 153 3468 vigere
167 3397 284 3449 testatus
298 3400 352 3448 est.

95 3494 146 3550 74.
163 3489 302 3548 Calvinus
313 3488 427 3567 negavit
436 3488 510 3567 juris
523 3504 587 3545 esse
602 3485 689 3544 divini
703 3484 924 3551 consessionem.
933 3503 994 3543 eam
1012 3503 1079 3544 vero
1093 3488 1254 3561 antiquissi-

54 3608 131 3647 mam
145 3606 209 3646 esse
225 3586 357 3664 agnovit:
380 3596 400 3623 ‘⁶
413 3587 494 3663 cujus
507 3585 640 3659 equidem
656 3582 880 3641 vetustissimum
895 3600 961 3640 esse
981 3601 1064 3641 usum
1087 3583 1253 3644 fatemur.”⁵

53 3683 209 3743 Consuluit
222 3697 315 3742 autem
330 3679 435 3741 afflicto
449 3691 468 3719 ‘¹
481 3700 539 3740 non
554 3681 697 3757 negligere
710 3677 786 3752 quod
804 3677 846 3735 illi
862 3676 1014 3736 aDomiuo
1029 3679 1147 3739 offertur
1161 3700 1251 3741 reme-

51 3782 148 3843 dium:
170 3800 274 3858 nempe
290 3792 320 3840 nt
333 3780 366 3838 ad
381 3800 412 3839 se
426 3778 631 3839 sublevandum
647 3778 754 3855 privata
767 3773 949 3835 confessione
963 3777 1038 3854 apud
1053 3798 1138 3838 snum
1154 3792 1249 3857 pesto-

50 3898 111 3939 rem
139 3876 275 3937 utatur.”⁰
315 3876 518 3936 carnificinam
546 3885 640 3935 tamen
661 3873 900 3952 appellavitque
927 3874 1003 3951 apud
1026 3874 1197 3938 catholicos
1217 3879 1251 3937 fit

52 3975 209 4053 specialem
224 3975 353 4034 omnium
368 3984 547 4051 peecatorum
559 3972 798 4033 confessionem.⁷

223 4134 266 4200 (l)
284 4134 349 4185 Sese.
360 4132 403 4183 vii.
414 4148 483 4199 prop.
493 4133 535 4183 vii.

223 4219 265 4287 (2)
284 4218 315 4269 L.
326 4218 357 4269 de
368 4219 456 4284 captiv.
470 4217 555 4284 Bauyt
565 4234 619 4284 esp.
629 4218 660 4268 de
671 4216 762 4269 Poeuit.

221 4306 261 4366 (3l
281 4304 359 4368 Setun:
370 4304 401 4354 de
412 4304 500 4355 Poenit.

220 4393 263 4457 (4)
282 4391 336 4443 Art.
348 4391 381 4441 xi.
394 4391 458 4455 apud
472 4389 614 4440 Welchinm
625 4388 715 4441 introd.
726 4389 742 4440 l.
756 4387 773 4438 i.
785 4404 807 4439 c.
817 4387 853 4439 iii.
865 4390 980 4449 §.xxxin
992 4407 1016 4458 p.
1027 4391 1083 4441 295.
1178 4453 1184 4459 .

222 4477 264 4544 (5)
284 4478 345 4527 lust.
355 4478 371 4527 l.
381 4477 415 4527 iii.
426 4493 448 4528 c.
460 4476 492 4526 iv.
503 4492 528 4527 u.
541 4480 565 4526 7.

224 4564 267 4630 (6)
286 4563 378 4613 Ibidem
390 4579 414 4612 n.
428 4565 467 4613 12.

222 4629 271 4715 (r)'
284 4648 376 4698 Ibidem
387 4663 412 4696 n.
426 4650 466 4696 iv.

91 4735 170 4795 Vor..
187 4733 323 4792 ill-29
