2812 5062
102 332 164 390 894
500 326 557 388 DE
579 325 742 387 Ltttotnt
760 325 895 387 etcttt

105 486 192 549 iidem
217 493 246 545 et
269 484 376 544 cultum
401 486 582 554 conveniant,
597 485 719 563 posteris
741 484 811 545 illud
831 485 948 544 unitatis
970 484 1126 563 pignoret
1139 478 1300 540 subsidium

105 581 255 643 relicturi.¹
295 581 384 659 Igitur
397 590 427 639 et
439 582 561 656 antiquae
575 581 643 640 fidei
663 592 860 658 argumentum
880 582 993 660 insigne
1007 580 1091 640 nobis
1105 576 1303 656 suppeditetur

104 679 161 739 hae
180 677 343 755 disciplina,
363 686 392 735 et
411 678 576 736 reverentie
596 679 799 755 mysteriorum
819 678 987 746 consulitur,
1013 687 1043 736 et
1060 675 1161 735 unitae
1183 672 1254 733 tidei
1274 681 1301 730 et

104 777 199 837 oultus
212 776 342 835 fovetur:
364 793 428 850 que
443 765 558 849 quidem
573 776 750 854 pavusimae
762 795 828 836 esee
842 796 934 836 muse
949 783 1145 835 conservetur
1159 782 1245 832 vetus
1257 769 1302 830 ille

86 872 266 952 disciplina,
281 872 398 933 cuilibet
410 891 428 931 e
440 872 535 933 studio
549 874 672 952 partium
685 875 807 936 imuuni
821 874 1003 934 ridebuntur.

499 1069 698 1111 emmennone
721 1069 906 1111 convomit.

76 1194 102 1227 '¹
147 1212 216 1270 lto.
235 1206 303 1289 otj.
315 1213 342 1268 l.
363 1210 521 1289 Apostolus
534 1210 667 1289 reprobat
679 1209 784 1289 lingue
798 1214 903 1288 ignote
916 1228 1021 1269 usum:
1043 1218 1064 1247 ‘⁸
1076 1210 1103 1269 si
1116 1198 1298 1267 benedixeris

103 1308 224 1386 spiritu:
247 1308 297 1383 qni
320 1309 438 1386 supplet
458 1308 553 1367 locum
576 1308 682 1377 idiotae,
707 1309 853 1383 quomodo
876 1309 962 1377 dicet,
983 1310 1090 1378 Amen,
1111 1325 1205 1385 snper
1223 1316 1297 1365 tuam

103 1404 354 1465 benedictionem!
374 1405 509 1478 quoniam
524 1405 594 1480 quid
607 1405 686 1464 dicae
700 1407 801 1466 nescit.
843 1406 921 1466 Nam
935 1416 966 1465 tu
975 1404 1093 1480 quidem
1107 1405 1185 1464 bene
1197 1403 1298 1482 gratias

104 1504 184 1583 agie:
205 1502 257 1563 sed
279 1504 349 1563 alter
362 1522 419 1564 non
434 1503 635 1563 aedificatur.’'⁸
674 1505 709 1564 lu
728 1505 791 1564 lieo
804 1506 903 1564 scribit
916 1503 1073 1564 euvinus:
1096 1514 1116 1542 “
1128 1502 1221 1563 Nunc
1234 1500 1300 1560 dicit

103 1602 231 1661 Paulus:
254 1601 286 1658 Si
302 1600 408 1659 idioma
422 1600 565 1660 exotioum
580 1602 611 1659 in
624 1600 759 1659 sollemni
778 1619 863 1679 prece
882 1619 1015 1679 usurpas,
1028 1599 1105 1674 qnod
1118 1617 1182 1658 non
1200 1596 1299 1658 intelli

103 1708 172 1775 gant
184 1696 279 1756 idiote
293 1706 322 1754 et
335 1695 450 1775 plebeii,
462 1698 536 1756 inter
549 1716 622 1771 quoe
636 1697 773 1772 loqueris,
788 1697 867 1756 nulla
878 1699 934 1756 erit
945 1697 1182 1757 communicatio.
1222 1690 1297 1762 Quid

101 1793 180 1853 enim
194 1793 318 1870 apertius
329 1792 375 1851 his
389 1792 472 1852 Pauli
486 1794 600 1852 verbis:
616 1813 674 1853 non
688 1813 774 1871 posse
789 1793 907 1853 idiotam
920 1806 1084 1853 consortem
1097 1812 1166 1852 esee
1178 1792 1297 1871 publice

101 1889 285 1968 precationis,
299 1891 370 1962 quin
384 1890 522 1968 pereipiat
543 1890 621 1965 quod
634 1890 760 1950 dicitur!
781 1891 852 1966 qnid
865 1892 923 1951 hoo
936 1890 1086 1951 interdicto
1101 1891 1218 1969 planius
1232 1911 1241 1948 ε
1263 1908 1298 1948 ne

100 1986 314 2046 benedictiones
326 1996 375 2046 aut
387 1989 529 2047 orationes
543 1988 573 2047 in
586 1989 701 2066 publico
714 1990 921 2067 concipiantur,
936 1990 993 2048 nisi
1006 1989 1117 2067 vulgari
1129 1986 1286 2067 linguai”⁸

140 2083 229 2162 Reep.
245 2085 313 2163 Agit
323 2086 489 2162 Apostolus,
499 2098 576 2145 utex
589 2096 648 2145 tota
658 2087 793 2146 orationis
807 2089 881 2145 serie
891 2086 1023 2165 patetde
1034 2087 1200 2165 linguarum
1211 2084 1297 2153 dono,

101 2182 178 2259 qnod
192 2186 222 2242 in
236 2182 400 2262 primordiis
414 2184 553 2243 Ecclesiu
568 2184 739 2258 quibusdam
753 2204 790 2244 ex
801 2184 934 2244 fidelibus
946 2197 991 2244 eet
1002 2204 1190 2253 conoessum,
1199 2196 1230 2243 et
1241 2200 1298 2261 quo

101 2280 232 2341 nonnulli
256 2281 329 2340 inter
352 2279 519 2341 Corinthios
540 2283 734 2351 abutebantur,
760 2282 830 2342 iliud
852 2294 1028 2342 ostentantes
1047 2282 1080 2341 in
1099 2282 1148 2341 aui
1167 2280 1297 2361 gloriam,

101 2399 190 2455 quum
205 2380 234 2438 in
249 2378 370 2438 aliorum
390 2379 538 2439 utilitatem
558 2392 636 2438 esset
655 2379 858 2441 exercendum.
900 2380 1056 2440 calvinum
1076 2380 1177 2458 ipeurn
1197 2378 1298 2439 damus

101 2479 304 2554 interpretem:
327 2477 408 2536 “Ne
422 2478 579 2556 objicerent
592 2478 747 2547 Corinthii,
765 2480 828 2538 Deo
843 2479 906 2538 fieri
929 2480 1074 2557 injuriam,
1093 2480 1123 2537 si
1135 2493 1299 2538 contemne·

101 2590 197 2633 rentur
211 2575 274 2650 ejus
288 2573 373 2639 dono,
387 2577 523 2652 anticipat
536 2577 693 2651 Apostolos
715 2590 900 2651 testaturque.
914 2577 970 2636 sibi
989 2596 1049 2636 non
1063 2596 1131 2635 sese
1145 2578 1176 2636 in
1190 2577 1297 2645 animo,

101 2670 167 2728 illos
182 2690 197 2726 a
212 2669 295 2727 donis
309 2672 394 2728 etiem
412 2673 515 2744 quibus
536 2674 618 2729 abusi
638 2673 748 2731 inerant
769 2673 909 2732 ebducere
930 2712 939 2729 .
961 2716 969 2733 .
992 2716 1001 2732 .
1023 2674 1112 2732 Nunc
1137 2693 1177 2732 ex
1191 2676 1300 2751 reipsa

102 2765 235 2829 ostendit,
261 2784 312 2822 cur
331 2766 484 2842 pretulerit
503 2767 567 2824 aliie
587 2768 671 2825 donis
696 2770 886 2845 prophetiam.
926 2772 1022 2845 Atque
1042 2791 1107 2830 eam
1134 2790 1203 2829 cunr
1225 2770 1300 2829 dono

101 2862 261 2938 linguarum
276 2875 439 2938 comparat:
461 2864 492 2921 in
505 2883 563 2936 quo
577 2865 739 2923 reroeimile
752 2879 797 2924 est
812 2869 905 2944 magis
919 2880 1075 2945 occupatos
1088 2869 1179 2927 suine
1195 2868 1299 2927 Coriu-

101 2961 187 3019 thim.
211 2960 278 3032 quia
292 2961 383 3036 magis
396 2959 432 3017 ed
446 2980 581 3038 pompam
595 2964 732 3021 serviret:
754 2983 820 3022 nam
844 2965 992 3025 hominem
1010 2958 1108 3027 audire
1128 2966 1297 3040 loquentem

101 3056 198 3133 lingua
214 3056 337 3123 exotica,
357 3056 443 3133 reigo
464 3055 678 3117 admirationem
698 3071 804 3118 moret
846 3061 927 3140 Ergo
947 3081 985 3121 ex
1006 3064 1158 3140 principiis
1175 3065 1243 3140 jem
1255 3083 1299 3121 as·

100 3154 224 3231 sumptis
237 3152 372 3213 ostendit.
385 3174 471 3227 quarn
486 3157 523 3213 sit
543 3155 613 3213 iilud
627 3176 803 3234 perversum,
816 3179 906 3233 quum
924 3161 997 3219 nihil
1019 3161 1186 3220 Ecclesiam
1211 3161 1298 3220 edifi-

100 3252 190 3314 ΜΝ
228 3252 333 3325 Liquet
347 3253 432 3329 igitur
450 3251 487 3310 de
507 3253 630 3332 liturgia,
651 3274 702 3312 seu
723 3256 845 3316 solemni
866 3278 963 3335 prece,
977 3278 1035 3317 uon
1054 3261 1113 3336 agi,
1126 3259 1180 3317 sed
1205 3259 1242 3318 de
1260 3260 1298 3317 iis

101 3372 166 3428 que
189 3350 307 3425 quilibet
327 3369 344 3408 e
368 3363 443 3408 cetu
467 3350 593 3409 fidelium
619 3353 788 3421 effunderet,
809 3355 918 3414 orando
939 3357 1038 3434 lingue
1060 3358 1168 3434 ignota.
1212 3355 1300 3424 Quod

100 3466 194 3508 autem
209 3449 308 3525 objicit
319 3446 457 3505 Calvinus
469 3447 504 3505 de
516 3448 610 3506 idiote
620 3450 793 3513 conditione,
809 3454 859 3525 qni
871 3455 949 3530 preci
963 3472 1113 3512 assensum
1127 3473 1216 3513 suum
1229 3454 1298 3513 dare

103 3568 162 3607 non
187 3564 306 3623 poteret.
328 3547 365 3604 de
385 3565 469 3623 prere
489 3566 527 3605 ex
548 3547 672 3624 Spiritus
693 3550 828 3608 instinctu
849 3553 968 3629 prolum.
986 3574 1004 3611 a
1023 3553 1152 3627 quolibet
1170 3553 1302 3631 linguam

102 3645 228 3720 ignor-rin
254 3660 417 3718 usurpante.
441 3644 656 3721 intelligendum
684 3647 834 3704 manifesto
854 3666 916 3706 est:
946 3670 999 3707 nee
1025 3652 1080 3707 nisi
1109 3668 1248 3709 contextu
1270 3665 1300 3709 et

101 3741 252 3798 occasione
267 3738 380 3797 dicendi
394 3740 540 3815 neglectis.
556 3758 648 3816 potes:
662 3742 696 3798 nl
716 3744 857 3818 publicam
880 3765 1004 3821 precem,
1020 3749 1049 3803 in
1070 3749 1206 3805 sacntieii
1221 3749 1299 3807 obh-

101 3846 178 3894 trone
205 3837 382 3895 eministm.
403 3855 440 3894 ex
462 3837 599 3894 Era-teste
621 3842 795 3899 auctorizare.
821 3843 959 3918 puriorem
987 3844 1150 3902 transterri:
1183 3847 1299 3905 diversa

103 3935 180 3994 eninr
201 3935 318 3992 omnino
342 3952 386 3992 est
405 3936 486 3993 rutio.
508 3935 627 4011 publice
656 3939 734 3996 enim
757 3959 867 4016 preces,
888 3942 1012 4017 probate
1035 3942 1098 4017 jun
1118 3960 1148 4000 et
1166 3948 1299 4014 sancire,

138 4108 179 4171 (l)
199 4118 215 4135 ⁸
224 4105 312 4166 Quane
323 4108 376 4157 ides
388 4110 491 4159 sublime
499 4127 546 4173 que
558 4112 617 4161 celle
626 4112 699 4162 i'une
710 4114 799 4175 langue
811 4115 953 4164 uniretselle
961 4116 1132 4180 peurtssgtzn
1142 4122 1298 4171 mite!

103 4194 136 4247 [Υ
148 4209 184 4244 un
193 4193 248 4259 pote
259 4210 274 4240 e
287 4194 380 4242 l'antre.
392 4195 414 4242 ie
431 4196 569 4260 retinuitque
580 4200 624 4261 qui
633 4212 700 4247 entr'e
718 4199 781 4249 dens
792 4217 841 4250 noe
857 4203 932 4264 enlin
943 4203 974 4252 de
990 4220 1037 4252 son
1046 4203 1087 4253 rit.
1102 4218 1141 4255 est
1151 4207 1213 4256 citez
1221 4209 1265 4269 itti,
1275 4222 1301 4258 et

102 4284 155 4333 rien
166 4278 229 4331 tt'eet
245 4290 357 4341 coauget
368 4278 384 4327 t
395 4296 434 4328 ees
444 4284 573 4344 yrun-ll
583 4300 642 4349 pent
652 4285 766 4335 s'eerier:

135 4365 213 4415 Romus
224 4378 263 4414 ert
275 4378 343 4415 toute
353 4380 386 4413 en
399 4378 455 4415 tetre
466 4368 541 4419 lieux.
552 4371 597 4420 elie
610 4386 647 4421 ese
658 4384 726 4421 roure
740 4376 804 4439 cuju
815 4374 891 4426 aniz*
903 4374 991 4426 Cumae
1002 4375 1038 4427 Iar
1050 4375 1169 4429 nascer
1180 4376 1301 4446 Dul'apt

101 4466 120 4503 t.
130 4454 145 4505 ἰ
157 4450 194 4503 rb.
208 4466 252 4501 xx.

137 4539 179 4605 (ἓ)
203 4543 215 4587 l
229 4538 289 4587 Cor.
299 4538 351 4587 xiv.
364 4538 402 4585 Iti·

135 4626 181 4691 (3)
200 4622 341 4675 comme.
351 4624 379 4675 in
386 4624 429 4674 ire.

127 4716 174 4781 (d)
192 4713 291 4768 Iisdem
299 4716 328 4769 'tm
339 4731 365 4765 t·
377 4718 404 4771 l.
414 4718 438 4765 2·
