2774 5056
570 271 867 335 OBJEGTIONES.

593 864 732 925 CAPUT
761 862 829 922 Vll.

147 1128 467 1201 ontncslouns
502 1135 685 1188 CONTRA
718 1132 904 1187 REALEM
938 1131 1267 1185 PRAESENTIAM.

150 1397 217 1454 133.
240 1397 390 1468 Quamuis,
405 1399 473 1459 dum
485 1399 521 1459 ds
535 1399 657 1477 singulis
671 1398 825 1476 Scriptura
839 1396 1011 1455 testimoniis
1025 1413 1186 1472 ageremus,
1204 1393 1301 1472 plures

109 1491 283 1554 solverimus
297 1496 478 1557 difficultates
492 1487 555 1572 que
570 1497 638 1556 huio
652 1496 791 1574 mysterio
805 1504 1015 1554 consueverunt
1028 1493 1125 1571 objici,
1141 1491 1178 1551 ad
1198 1493 1307 1570 plenio·

107 1607 171 1650 rem
193 1594 236 1650 rei
259 1593 485 1664 illustrationem,
500 1595 619 1672 speciali
643 1593 768 1672 capitulo
790 1593 967 1670 objectiones
987 1590 1137 1651 diluendas
1158 1589 1305 1671 duximus.

54 1758 63 1773 ι
105 1687 205 1746 Ab'iis
219 1708 284 1764 qus
298 1711 335 1750 ex
350 1693 495 1771 Scriptura
509 1691 686 1752 adducuntur
699 1691 812 1751 initium
826 1708 986 1749 sumemus.

150 1787 218 1843 134.
243 1784 309 1866 obj.
328 1788 511 1848 lachristus
533 1789 591 1847 ait:
614 1797 634 1824 “
644 1806 759 1865 semper
779 1804 919 1865 pauperes
945 1784 1054 1843 habetis
1075 1784 1236 1852 vobisoum,
1258 1801 1304 1842 me

106 1893 285 1942 autemnon
307 1904 422 1964 semper
444 1886 605 1947 habetis.’'⁸
644 1886 711 1945 Jam
724 1891 791 1944 verb
817 1885 843 1943 si
864 1901 991 1962 praesens
1012 1884 1050 1941 sit
1068 1883 1099 1941 in
1121 1882 1302 1950 eucharistia,
1332 1952 1334 1956 .

104 1979 246 2039 habemus
261 1999 327 2041 eum
341 2001 466 2061 semper,
481 1993 509 2042 et
523 1971 640 2056 qdidem
654 2001 689 2041 es
703 1983 811 2041 ratione
825 1999 882 2055 qua
902 1981 1048 2058 possimus
1069 1978 1218 2039 thesauros
1239 1987 1306 2036 nos·

104 2088 164 2137 tros
179 2079 210 2136 in
225 2080 288 2156 ejus
313 2081 451 2140 honorem
473 2080 630 2148 effundere,
656 2079 783 2140 ornando
803 2081 866 2158 ejus
889 2079 994 2147 altaria,
1009 2086 1039 2136 et
1058 2077 1150 2135 cultus
1172 2086 1289 2153 sumptu

103 2175 341 2252 suppeditando·
368 2178 477 2237 Rueret
489 2179 576 2256 igitur
588 2178 660 2237 ratio
674 2196 759 2252 qnam
774 2177 894 2254 prebuit
909 2174 1044 2234 Christus
1065 2194 1116 2233 our
1130 2174 1251 2233 soluerit
1271 2192 1305 2233 ea

103 2272 160 2330 sibi
174 2273 260 2331 tribui
274 2276 463 2335 venerationis
477 2274 614 2335 indicias
637 2275 685 2352 pia
698 2275 828 2343 muliere,
843 2272 920 2348 qnod
940 2272 1051 2332 scilieet
1063 2273 1143 2332 brevi
1157 2291 1216 2339 non
1236 2289 1302 2349 pos·

102 2378 168 2426 sent
181 2367 273 2437 reddi,
287 2370 352 2447 ipso
366 2390 383 2428 a
397 2372 477 2430 terris
489 2371 589 2449 procul
600 2369 760 2428 recedente.
1264 2436 1266 2438 v

143 2463 233 2544 Resp.
256 2466 405 2526 Christum
419 2487 478 2527 non
491 2467 641 2535 habemus,
656 2484 714 2541 quo
727 2464 815 2524 modo
828 2475 896 2524 tuno
909 2472 979 2534 erst,
990 2464 1110 2523 naturali
1125 2460 1299 2543 conditione,

102 2573 133 2618 et
145 2562 237 2620 oeulis
251 2573 351 2640 patens
365 2564 547 2632 intuentium,
562 2564 609 2622 oui
630 2562 749 2640 proinde
764 2580 823 2622 non
843 2579 998 2640 possumus
1013 2579 1047 2618 aa
1060 2561 1196 2620 exhibere
1217 2560 1302 2619 obse·

101 2659 248 2732 quiaque
263 2660 352 2719 voluit
375 2662 414 2720 ita
427 2660 567 2740 accipere.
609 2660 746 2720 Subsistit
766 2659 874 2719 ideireo
893 2660 965 2720 ratio
980 2678 1067 2733 quam
1088 2658 1230 2736 allegarit,
1246 2679 1300 2720 nee

99 2755 170 2814 lieet
182 2757 289 2831 aliquid
311 2758 377 2817 inde
392 2770 490 2818 eontra
511 2760 617 2818 realem
631 2761 695 2838 ejus
717 2760 898 2838 praesantiam
918 2759 949 2818 in
974 2760 1159 2818 Sacramento
1183 2760 1299 2819 inferre.

99 2851 263 2911 Possumus
277 2854 394 2927 quidem
407 2854 521 2913 divitias
542 2855 708 2934 impendere
723 2859 751 2915 in
772 2857 836 2935 ejus
856 2857 1015 2925 honorem;
1037 2852 1090 2914 sed
1105 2857 1168 2933 jam
1182 2869 1300 2916 nonest

99 2949 187 3026 eopia
200 2967 266 3008 eum
281 2951 312 3008 in
325 2952 408 3009 terris
422 2961 583 3010 versantem
598 2953 724 3012 humana
737 2954 825 3013 veluti
839 2953 1002 3012 conditione
1016 2952 1185 3013 honorandi.

144 3049 211 3104 1³5.
235 3045 301 3126 obj.
317 3053 347 3106 2.
363 3048 497 3108 Christus
521 3059 719 3128 “assumptus
744 3061 788 3110 est
812 3051 844 3110 in
868 3051 972 3110 omium
997 3061 1026 3110 et
1050 3051 1167 3110 sedete
1187 3050 1297 3111 dextris

98 3144 206 3204 Dei.”⁸
244 3146 323 3205 Eum
338 3155 358 3183 ‘⁴
368 3157 481 3224 oportet
494 3147 610 3221 quidem
624 3150 728 3208 ooelum
752 3150 899 3228 suscipere
912 3168 1004 3224 usque
1018 3149 1049 3209 in
1069 3161 1198 3227 tempora
1217 3153 1297 3211 resti·

98 3242 220 3303 tutionis
234 3243 412 3303 omnium.”⁴

136 3339 228 3418 serp.
251 3340 319 3399 Non
334 3340 364 3398 id
378 3341 461 3399 nobis
484 3342 629 3418 fingimus,
645 3340 795 3401 Christum
817 3342 978 3416 relinquere
992 3341 1096 3400 ooelum
1116 3351 1147 3400 ut
1166 3360 1293 3419 presens

94 3437 134 3496 sit
147 3440 178 3496 in
192 3437 395 3496 Sacramenta:
417 3437 559 3496 oredimus
574 3449 667 3497 autem
683 3439 820 3498 ineffabili
834 3440 961 3516 potentia
976 3457 1028 3497 sua
1039 3439 1203 3517 confingere
1217 3449 1249 3498 ut
1262 3441 1293 3500 in

93 3535 162 3594 coli
177 3534 252 3593 solio
273 3534 438 3604 considens,
460 3535 545 3594 simul
566 3536 640 3596 adsit
660 3537 690 3595 in
711 3537 899 3596 eucharistia:
921 3535 1052 3610 quamvis
1073 3536 1243 3612 mysterium
1264 3538 1294 3597 id

93 3633 244 3701 fateamur,
260 3632 337 3707 quod
350 3633 475 3694 humsna
488 3634 559 3693 ratio
573 3653 631 3694 non
645 3634 719 3693 salet
732 3635 889 3712 percipere.
930 3632 980 3693 Ex
993 3633 1074 3692 Actis
1088 3634 1292 3712 Apostolorum

91 3717 228 3791 nolimus
243 3729 391 3790 Christum
406 3732 437 3790 in
451 3731 497 3790 via
509 3732 604 3791 visum
618 3750 683 3791 esse
696 3731 788 3792 Paulo
802 3731 881 3790 eunti
898 3730 1092 3801 Damasoum;
1114 3751 1168 3792 neo
1181 3744 1225 3794 est
1239 3755 1290 3794 eur

91 3849 160 3888 eum
173 3828 326 3901 reliquisse
339 3828 444 3888 eoelum
454 3830 653 3907 suspieemor;
677 3829 722 3888 vel
734 3831 838 3890 insere
853 3849 943 3909 prope
957 3843 1061 3891 terram
1075 3849 1108 3890 se
1121 3832 1288 3893 exhibuisse

92 3925 282 4003 denegemus.
320 3911 470 3985 Ceterum
494 3945 568 3985 nova
592 3925 628 3984 ad
649 3926 774 4004 spatium
795 3928 895 3987 relatio
916 3947 975 3988 non
998 3939 1138 4007 repugnet
1158 3932 1288 4008 eorporis

91 4032 211 4090 nature,
227 4039 280 4080 nee
294 4029 474 4083 neeesse'est
485 4034 517 4082 nt
529 4042 633 4101 corpus
648 4024 851 4103 multipheetur
864 4025 1057 4104 multiplieatis
1070 4026 1134 4104 ejus
1148 4027 1288 4088 relationi·

88 4121 143 4182 bns
156 4118 195 4180 ad
208 4119 345 4198 spatium.

557 4378 600 4443 (2)
620 4377 691 4428 Matt.
703 4377 770 4436 xxvi.
782 4380 822 4428 ll.

555 4463 597 4528 (3)
617 4462 696 4513 Marci
706 4463 755 4512 xvi.
769 4464 808 4512 19.

554 4551 596 4617 (r)
615 4549 768 4602 Acsutsr.
