2774 5056
136 322 192 377 198
430 320 485 380 DE
506 316 1036 380 TRANSUBSTANTIATIONE.

134 474 274 546 derivare,
289 494 346 552 quo
360 479 491 556 probaret
504 488 570 557 post
589 480 787 538 ascensionem
808 495 912 555 corpus
933 495 992 537 non
1012 495 1077 536 asse
1097 473 1255 554 palpabile,
1271 468 1342 528 visi·

135 573 204 642 bile,
218 575 474 652 circumscriptum,
489 594 542 634 uec
562 576 632 634 alias
647 574 751 634 habere
772 575 970 652 proprietates.
1013 573 1093 632 Huic
1105 580 1139 631 ut
1149 566 1344 648 responderet

136 668 315 739 Catholious,
330 670 454 730 ostendit
466 690 618 749 superesse
633 672 663 731 iu
684 671 856 730 eucharistia
882 671 1002 749 figuram
1024 680 1053 728 et
1073 669 1196 730 sormam
1212 665 1297 744 panis
1311 675 1344 721 et

135 767 216 835 riui:
231 765 352 842 ideoque
366 770 612 844 argumentabatur
625 767 776 826 humanam
790 767 900 826 Christi
912 777 1040 826 naturam
1053 783 1120 823 suas
1135 764 1258 823 retinere
1274 776 1341 836 pro·

137 864 269 941 prietates
283 865 369 922 etiam
384 876 449 941 post
463 866 672 923 ascensionem.
715 864 810 922 Voces
825 874 931 922 naturae
946 873 974 920 et
987 863 1154 920 substantie
1169 857 1340 918 Catholicus

136 960 330 1019 eucharisticis
358 962 509 1038 speciebus
530 959 738 1030 accommodat,
757 960 808 1020 sed
835 979 873 1019 ex
893 979 948 1018 usu
970 959 1137 1018 Graecorum
1167 956 1342 1033 scriptorum

135 1066 235 1116 notum
249 1068 294 1114 est
306 1075 355 1115 eas
380 1057 463 1115 latius
478 1076 555 1135 saepe
570 1059 655 1126 sumi,
672 1076 723 1135 pro
737 1056 957 1135 proprietatibus
979 1045 1159 1124 scilicet'vel
1173 1072 1227 1130 pro
1240 1061 1343 1110 natura

136 1165 276 1229 quatenus
291 1155 450 1232 concipitur
464 1156 596 1232 plurimis
611 1156 784 1214 communis.
827 1155 934 1213 Mirum
950 1166 1044 1213 auteur
1066 1164 1184 1212 nonest
1198 1151 1268 1208 siin
1283 1148 1341 1206 dis·

135 1252 295 1328 ceptatione
304 1252 339 1311 de
349 1253 488 1311 altissimo
500 1254 648 1330 mysterio,
657 1253 775 1311 duarum
786 1254 816 1312 in
826 1252 945 1311 Christo
953 1262 1128 1319 naturarum,
1139 1258 1340 1326 argumentum

136 1348 288 1410 deductum
303 1369 340 1409 ex
354 1350 411 1410 alio
425 1352 564 1428 mysterio
585 1351 631 1409 vel
651 1353 747 1409 minus
769 1362 899 1409 accurate
920 1350 1090 1417 enuntietur,
1106 1347 1151 1406 vel
1174 1347 1261 1405 nimis
1275 1362 1340 1422 pro·

136 1445 203 1505 bere
219 1446 356 1506 rideatur.
398 1447 428 1505 N
430 1458 538 1506 ostrum
553 1465 611 1506 non
623 1457 668 1506 est
681 1447 751 1505 illud
766 1445 981 1524 argumentandi
993 1463 1084 1522 mnus
1099 1442 1266 1502 vindicare:
1287 1438 1337 1498 sed

135 1544 205 1602 satis
214 1547 326 1603 muneri
334 1556 431 1604 nostro
445 1545 576 1613 fecimus,
592 1543 768 1603 ostendendo
779 1563 816 1602 ex
828 1554 945 1618 utraque
959 1542 1077 1620 partein
1091 1541 1225 1600 confesso
1237 1538 1336 1604 fuisse,

137 1660 202 1715 quas
225 1643 356 1719 apposita
369 1654 436 1701 sunt
459 1643 638 1702 invocatione
660 1643 760 1701 mutari
775 1654 804 1700 et
817 1642 872 1701 alia
885 1642 958 1710 fieri,
973 1651 1003 1699 et
1016 1659 1081 1699 esse
1092 1658 1157 1714 que
1172 1639 1248 1698 facta
1269 1648 1336 1696 sunt

136 1737 261 1807 etcredi,
275 1750 305 1797 et
318 1739 439 1808 adorari,
454 1751 485 1798 ut
499 1759 562 1812 quae
572 1740 695 1798 illasunt
709 1758 772 1813 qua
786 1739 949 1807 creduntur,
962 1749 991 1796 et
1005 1738 1102 1797 vocari
1112 1755 1218 1814 corpus
1233 1746 1264 1794 et
1274 1754 1338 1794 san·

136 1836 252 1913 guinem
269 1835 389 1895 Christi.
425 1836 511 1904 Quod
524 1838 551 1895 si
564 1837 629 1910 quis
644 1837 842 1913 symbolorum
857 1854 959 1895 vocem
972 1835 1099 1912 dogmati
1111 1832 1265 1892 Catholico
1278 1832 1341 1891 offi-

135 1950 200 1992 cere
214 1945 303 2011 putet,
318 1935 433 2003 fallitur,
449 1955 513 2006 nam
528 1937 581 1994 rite
595 1935 739 1994 intellecta
765 1935 884 1993 innoxia
898 1946 964 2002 est:
988 1952 1077 2007 quum
1097 1933 1176 1992 euim
1190 1950 1295 2009 corpus
1311 1942 1339 1991 et

135 2032 251 2108 sanguis
267 2031 378 2089 Christi
391 2051 448 2091 non
472 2033 554 2090 nobis
568 2032 756 2090 exhibeantur
781 2031 926 2099 intuenda,
941 2049 1004 2104 quae
1019 2049 1054 2088 ea
1067 2031 1205 2107 obtegunt
1224 2029 1337 2106 species

134 2129 333 2205 symbolorum
354 2129 441 2188 instar
469 2140 545 2188 sunt.
588 2129 635 2188 De
662 2129 840 2188 Theodoreti
867 2130 1007 2187 sententia
1026 2127 1103 2186 nulla
1124 2136 1170 2186 est
1191 2125 1338 2186 dubitandi

135 2229 216 2297 ratio,
231 2229 328 2287 scribit
341 2229 437 2287 enim:
460 2239 480 2266 ‘⁶
491 2229 521 2287 N
524 2248 561 2287 on
573 2228 666 2287 solum
681 2227 815 2286 undecim
830 2227 989 2305 Apostolis,
1004 2224 1156 2285 sedetiam
1177 2226 1262 2286 Iudae
1274 2244 1338 2303 pro·

133 2323 217 2385 ditori
231 2343 399 2384 ranarosunr
412 2344 522 2384 coneus
536 2343 576 2385 uu
590 2343 764 2384 ssusurnunr
778 2323 958 2402 impertiit.”¹

178 2427 246 2482 180.
272 2421 339 2503 Obj.
354 2427 401 2481 18.
417 2424 449 2482 S.
463 2422 600 2497 Gelenius
612 2424 692 2501 Papa
706 2423 821 2482 scribit:
839 2432 859 2460 ‘⁶
872 2423 958 2481 Certe
970 2422 1155 2481 Sacramenta
1169 2440 1234 2497 quen
1251 2425 1338 2481 sumi·

136 2539 211 2588 mus,
231 2521 359 2600 corporis
377 2530 406 2579 et
419 2522 568 2598 sanguinis
590 2520 711 2590 Christi,
727 2520 824 2578 diviua
843 2539 890 2578 res
911 2530 972 2588 ast:
995 2531 1112 2596 propter
1138 2519 1217 2592 quod
1239 2529 1269 2578 et
1288 2539 1339 2596 per

136 2615 237 2673 eadem
258 2615 362 2673 divinae
377 2617 518 2674 efficimur
540 2626 686 2673 consortes
708 2626 824 2685 naturae,
840 2627 976 2674 ettamen
991 2634 1055 2673 esse
1070 2635 1128 2674 non
1151 2615 1259 2674 desinit
1273 2617 1337 2674 sub·

136 2714 248 2778 stantia,
261 2713 306 2770 vel
321 2725 419 2770 natura
433 2715 515 2790 panis
531 2724 559 2769 et
573 2712 679 2771 vini.’'⁹

174 2808 264 2885 Hesp.
286 2809 373 2866 Liber
387 2809 433 2866 ille
450 2809 600 2867 Gelasium
616 2810 799 2887 Cyzicenum
811 2822 955 2870 auctorem
967 2811 1072 2869 habere
1084 2821 1228 2870 censetur.
1264 2813 1337 2870 Sub·

136 2907 249 2974 stantia,
260 2905 304 2963 vel
316 2918 424 2975 natura,
437 2907 527 2963 latiori
540 2908 662 2964 sumitur
672 2926 758 2964 sensu
771 2927 822 2984 pro
834 2909 1064 2985 proprietatibus,
1075 2908 1163 2979 quod,
1174 2910 1215 2967 uti
1228 2910 1336 2986 pluries

135 3002 396 3068 animadvertimus,
413 3002 514 3059 Graece
529 3003 717 3060 scribentibus
729 3015 773 3060 est
786 3003 940 3062 admodum
954 3004 1103 3062 familiare.
1135 3005 1222 3070 Quod
1237 3007 1337 3063 simili·

136 3100 203 3159 tudo
219 3100 372 3158 adducatur
386 3099 460 3157 haud
476 3101 594 3158 omnino
608 3100 710 3158 idonea
723 3102 765 3158 rei
780 3102 814 3159 de
831 3121 886 3175 qua
900 3103 1033 3179 agebatur
1047 3102 1212 3179 probanda,
1228 3104 1338 3162 scilicet

135 3199 206 3258 duas
220 3217 284 3258 esse
307 3199 337 3256 in
354 3196 472 3255 Christo
495 3209 619 3265 naturas,
635 3198 760 3256 ostendit
783 3200 858 3257 haud
879 3219 979 3258 vacare
1003 3199 1130 3277 periculo
1153 3220 1169 3256 a
1189 3202 1337 3277 mysteriis

135 3294 285 3372 exquirere
298 3296 499 3355 similitudines
512 3296 557 3353 vel
570 3306 735 3373 argumenta
747 3296 780 3355 ad
791 3298 845 3355 alia
855 3296 1081 3356 commendanda
1096 3299 1247 3374 mysteria.
1269 3300 1339 3358 Non

135 3393 301 3473 hujusmodi
323 3393 557 3452 similitudinibus
580 3395 762 3470 probavimus
778 3393 892 3471 dogma,
909 3394 961 3452 sed
975 3394 1136 3471 perspicuis
1152 3397 1337 3466 testimoniis,

135 3512 199 3566 quae
217 3513 277 3551 rem
294 3493 376 3569 plane
392 3491 549 3558 adstruunt,
565 3491 695 3549 obscuris
711 3492 756 3549 vel
776 3493 917 3570 ambiguis
931 3492 1124 3551 locutionibus
1146 3495 1337 3566 quorumdam

136 3589 212 3648 haud
227 3588 405 3649 infirmanda.

179 3692 245 3745 181.
272 3685 337 3764 obj.
357 3689 402 3742 19.
425 3684 576 3743 Facundus
598 3684 818 3744 Harmianensis
839 3686 955 3744 scribit:
978 3686 1229 3747 “Sacramentum
1251 3690 1336 3767 adop·

137 3784 222 3840 tionis
248 3784 393 3857 suscipere
419 3782 550 3858 dignatus
576 3793 620 3839 est
640 3782 786 3852 Christus,
812 3795 840 3841 et
866 3781 980 3856 quando
1009 3783 1198 3843 circumcisus
1227 3798 1281 3855 est,
1310 3799 1336 3845 et

137 3880 251 3954 quando
266 3881 424 3956 baptizatus
440 3891 496 3947 est:
510 3891 538 3937 et
560 3890 653 3955 potest
667 3881 881 3939 Sacramentum
903 3881 1065 3958 adoptionis
1088 3881 1205 3960 adoptio
1230 3904 1335 3943 nuncu·
1367 3915 1378 3926 -

138 3980 209 4057 pari,
224 3980 298 4037 sieut
320 3979 533 4036 Sacramentum
548 3979 674 4054 corporis
690 3991 718 4037 et
737 3981 883 4057 sanguinis
909 3981 982 4056 ejus,
998 3979 1073 4053 quod
1096 3991 1141 4038 est
1161 3982 1190 4040 in
1213 4002 1287 4059 pane
1307 3998 1333 4041 et
1354 4000 1378 4039 Δ

138 4077 242 4155 poculo
256 4091 430 4143 consecrato,
445 4095 549 4152 corpus
564 4076 627 4151 ejus
642 4087 670 4134 et
690 4079 858 4154 sanguinem
880 4076 1022 4135 dicimus:
1045 4096 1102 4135 non
1121 4078 1200 4151 quod
1222 4082 1378 4157 proprie2=

137 4194 242 4252 corpus
257 4174 319 4251 ejus
334 4173 372 4230 sit
385 4175 477 4250 panis,
493 4186 521 4230 et
536 4174 670 4248 poculum
685 4176 812 4251 sanguis,
828 4175 878 4233 sed
893 4174 970 4249 quod
985 4175 1015 4233 in
1035 4193 1067 4233 se
1089 4177 1260 4252 mysterium
1274 4195 1378 4237 cor-⁴

171 4391 211 4456 (l)
232 4387 328 4438 Comm.
336 4386 363 4436 in
371 4402 409 4451 ep.
417 4385 435 4435 i.
447 4386 477 4435 ed
489 4385 600 4437 Corinth.
612 4405 633 4439 c.
642 4389 676 4438 xi.
687 4389 862 4441 Difficultatsm
874 4389 944 4440 diluit
954 4389 1065 4456 preclare
1074 4396 1159 4441 auctor
1170 4391 1264 4458 operis:
1275 4389 1313 4442 “L
1322 4389 1378 4438 μ’

138 4475 273 4545 perpetuitd
284 4475 314 4524 de
325 4475 349 4524 la
359 4472 416 4534 foi,”
429 4481 486 4524 tom.
496 4473 521 4522 ii.
533 4475 549 4523 1.
560 4492 582 4524 v.
595 4491 638 4540 per
648 4485 734 4528 totum.

173 4566 215 4631 (2)
235 4562 265 4612 L.
276 4561 306 4611 de
317 4563 412 4613 duabus
422 4560 450 4610 in
462 4559 561 4610 Christo
572 4564 672 4614 natans.
