2774 5056
143 286 204 343 342
548 283 605 345 DE
627 284 934 346 comsslorts.

145 460 213 501 com
225 440 301 501 lavet
320 452 453 520 peccator
472 442 502 501 iu
522 443 659 522 lacrymis
683 452 800 503 suatum
826 462 921 512 suum,
942 451 972 501 et
990 441 1064 501 fiunt
1083 440 1111 498 ei
1125 437 1264 515 lacrymae
1285 451 1343 493 sues

146 559 235 619 panes
249 540 296 599 die
310 561 344 600 uc
358 553 450 609 nocte,
465 551 574 601 etcum
596 560 659 601 nort
682 560 849 601 semesum
871 558 1035 601 sscsenoor
1053 532 1180 597 Ὀοιιηι
1200 549 1343 594 marosas

146 624 305 699 esocem
317 657 407 708 suus,
422 651 452 698 et
464 658 590 714 querere
606 640 789 709 medicinam,
803 639 961 699 secundum
982 656 1048 696 eum
1069 637 1121 712 qui
1142 635 1205 715 ait:
1227 631 1343 697 ‘Dixit

146 739 337 816 pronuntiabo
350 737 501 797 adversum
516 757 562 797 mo
586 738 755 816 injustitiam
776 756 869 797 meam
891 736 1029 804 Domino,
1043 745 1073 793 et
1086 745 1117 793 tu
1131 730 1271 792 remisisti
1292 730 1344 787 im·

146 837 280 916 pietatem
296 836 390 896 cordis
409 836 489 896 mei?
531 837 564 896 ln
579 854 637 911 quo
660 837 795 915 impletur
808 847 836 896 et
852 835 933 903 illud,
947 834 1025 910 quod
1044 832 1173 892 lacobus
1188 827 1344 906 Apostolus

147 932 236 992 dicit:
260 935 311 992 ‘Si
325 934 391 1008 quie
404 944 498 993 autem
512 934 679 1002 infirmatur,
695 944 777 993 vocet
790 935 972 1012 presbyteros
983 931 1136 999 Ecclesiae,
1149 940 1181 989 et
1194 928 1344 1004 imponant

147 1033 176 1091 ei
191 1050 302 1099 manos,
325 1045 464 1110 ungentes
477 1051 544 1091 eom
565 1032 631 1091 oleo
651 1034 680 1092 in
700 1034 817 1091 nomine
838 1032 967 1097 Domini,
989 1040 1018 1090 et
1036 1032 1127 1088 orado
1141 1027 1212 1086 fidei
1225 1024 1346 1083 salvabit

148 1130 306 1199 infirmum,
320 1139 350 1188 et
361 1131 387 1188 si
401 1131 430 1189 in
445 1132 569 1207 peccatis
584 1131 677 1197 luerit,
692 1132 870 1189 remittentur
887 1129 963 1188 ei.”¹
1002 1127 1161 1186 Confessio
1182 1125 1271 1201 igitur
1289 1138 1347 1195 qua

148 1230 215 1305 quis
228 1229 367 1288 sacerdoti
384 1229 501 1291 Domini
518 1230 623 1288 indicat
635 1241 782 1307 peccatum
793 1248 888 1295 suom,
900 1245 1030 1302 quarens
1042 1227 1145 1284 anima
1161 1222 1345 1286 medicinam,

149 1339 194 1385 est
206 1328 277 1385 ratio
291 1328 402 1386 reniam
424 1326 628 1401 consequendi.
669 1326 754 1394 Qtrod
776 1327 916 1404 Origenes
938 1343 1005 1384 eam
1027 1341 1093 1382 cum
1113 1321 1253 1380 unctione
1269 1317 1346 1377 infit·

150 1441 261 1482 morum
277 1424 468 1501 conjunxerit,
483 1423 604 1501 contigit
617 1424 685 1496 quia
706 1423 861 1500 Apostolus
886 1441 920 1481 ea
943 1421 1095 1481 occasione
1116 1417 1211 1476 dixit:
1235 1425 1256 1453 ‘⁶
1269 1413 1348 1473 Gon·

149 1520 271 1581 fitemini
286 1540 355 1597 ergo
368 1521 531 1579 alterutrum
543 1530 662 1596 'peccata
676 1519 815 1579 vestra.’'¹
1075 1516 1078 1529 '

189 1622 239 1676 85.
261 1617 368 1675 Omnia
381 1615 559 1693 publicium,
574 1617 736 1689 etiamque
759 1617 930 1693 cogitatione
951 1615 1012 1674 sola
1025 1612 1213 1687 deliquimus,
1228 1608 1299 1669 dicit
1318 1616 1348 1665 ut

149 1725 341 1774 accusatorem
356 1714 499 1773 diabolum
515 1715 740 1791 proveniamus:
757 1714 820 1772 “Si
833 1714 902 1786 quid
916 1715 947 1772 ia
960 1713 1073 1772 occulto
1088 1711 1229 1789 gerimus,
1241 1704 1347 1781 siquid

149 1812 180 1870 in
194 1827 326 1869 sermone
339 1810 413 1878 solo,
428 1810 473 1868 uel
492 1811 577 1869 etiam
593 1810 665 1869 intra
679 1810 882 1888 cogitationum
896 1820 1005 1869 secreta
1018 1808 1233 1875 commisimus,
1248 1814 1348 1863 cuncta

119 1896 123 1909 ¹
149 1924 268 1966 necesse
283 1919 328 1965 est
341 1908 489 1984 publicari,
501 1918 602 1967 cuneta
616 1908 745 1985 proferri.
770 1949 777 1966 .
801 1948 809 1966 .
832 1949 841 1965 .
862 1907 912 1966 'l'u
924 1925 1004 1985 ergo,
1019 1906 1124 1979 inquit,
1137 1904 1185 1963 dic
1199 1904 1288 1989 prior,
1310 1919 1346 1960 ne

149 2015 177 2064 te
191 2004 239 2064 ille
252 2005 424 2083 preveniat:
447 2006 553 2079 quiesi
568 2006 645 2082 prior
658 2005 777 2071 dixeris,
791 2017 820 2063 et
829 2005 1002 2064 sacrificium
1017 2004 1198 2081 poeoitentiae
1212 1999 1346 2061 obtuleris

151 2145 158 2162 .
183 2145 190 2161 .
214 2144 221 2161 .
243 2114 272 2162 et
285 2086 432 2160 tradideris
446 2120 560 2161 carnem
574 2113 652 2161 tuam
677 2103 706 2161 in
727 2102 882 2169 interitum,
897 2114 928 2160 ut
948 2102 1066 2179 spiritus
1079 2101 1180 2160 salvus
1193 2100 1246 2157 liat
1256 2098 1286 2157 in
1298 2096 1345 2155 die

149 2199 280 2267 Domini,
295 2199 403 2257 dicetur
417 2208 446 2256 et
459 2199 520 2265 tibi,
535 2200 604 2272 quia
618 2200 770 2277 percepisti
785 2209 814 2257 et
826 2209 856 2257 tu
878 2199 908 2258 in
929 2200 988 2257 vita
1007 2208 1056 2259 tua
1080 2198 1166 2265 mala,
1180 2215 1259 2256 nunc
1278 2212 1344 2253 tero

149 2299 197 2357 hic
210 2295 370 2372 requiesce.
411 2296 469 2354 Sed
483 2305 513 2354 et
526 2294 620 2355 David
639 2296 741 2355 eodem
756 2297 859 2373 spiritu
880 2296 1005 2370 loquitur
1018 2296 1048 2354 in
1063 2294 1203 2363 Psalmis,
1217 2302 1249 2353 et
1260 2291 1342 2351 dicit:

150 2396 351 2469 ‘Iniquitatem
367 2412 459 2453 meam
474 2407 570 2452 nomm
586 2393 653 2461 leci,
668 2405 696 2452 et
711 2407 864 2471 peccatum
878 2412 976 2453 meum
993 2412 1052 2453 non
1075 2392 1227 2469 cooperui.
1266 2388 1343 2456 Dixi,

150 2494 344 2571 pronunciabo
358 2491 508 2550 adversum
524 2510 569 2550 me
593 2492 760 2568 injustitiam
783 2510 886 2559 meam,
906 2504 935 2550 et
955 2502 986 2549 tu
1010 2491 1148 2550 remisisti
1171 2491 1341 2567 impietatem

149 2590 243 2648 cordis
259 2588 338 2649 rnei.’
382 2588 456 2644 Vide
471 2606 539 2663 ergo
554 2589 621 2659 quia
643 2589 830 2662 pronunciare
846 2597 1005 2663 peccatum,
1020 2586 1225 2645 remissionem
1241 2583 1340 2662 peccati

149 2686 320 2745 meretur.''³
360 2686 432 2742 Haec
448 2685 594 2742 adstruunt
609 2686 806 2742 necessitatem
823 2683 987 2750 confitendi,
1004 2703 1067 2756 quae
1083 2702 1172 2755 quum
1185 2682 1222 2740 de
1237 2682 1340 2759 publica

150 2802 244 2841 coram
257 2783 388 2840 omnibus
403 2781 582 2838 confessione
596 2800 651 2838 non
668 2792 760 2856 potest
775 2781 917 2848 affirmari,
933 2781 966 2838 ad
982 2780 1196 2838 confessionem
1212 2799 1268 2852 qua
1282 2796 1337 2854 peo-

150 2893 227 2938 cator
239 2898 300 2937 non
314 2878 456 2935 erubescit
470 2877 614 2935 secerdoti
629 2877 754 2936 Domini
768 2878 900 2937 indicare
916 2884 1073 2956 peccatum
1093 2895 1187 2935 auum
1203 2873 1336 2935 reserenda

150 2977 235 3054 plane
249 2986 302 3033 est.

190 3077 238 3131 86.
261 3073 443 3130 Peccatorem
458 3082 602 3146 comparat
616 3072 725 3129 homini
740 3072 813 3129 male
828 3092 859 3130 se
880 3072 1005 3139 habenti,
1021 3073 1071 3145 qui
1085 3072 1237 3131 stomacho
1251 3088 1332 3148 grava·

150 3184 245 3231 vatur:
270 3181 289 3209 ‘⁶
304 3170 377 3228 Vide
392 3190 460 3246 ergo
482 3170 549 3243 quid
564 3170 665 3229 edocet
678 3190 731 3228 nos
754 3172 900 3247 Scriptura
920 3170 1025 3238 divina,
1042 3171 1111 3242 quia
1124 3182 1237 3248 oportet
1250 3187 1331 3247 pecca·

151 3283 211 3330 tunt
228 3289 285 3329 non
300 3270 391 3327 celare
401 3270 570 3329 intrinsecus
574 3310 738 3326 ......
759 3268 972 3327 Tantummodo
984 3270 1174 3345 circumspice
1187 3267 1330 3345 diligentius
1380 3288 1383 3311 ι

150 3372 197 3430 eui
216 3369 319 3427 debeas
341 3368 469 3425 confiteri
492 3378 642 3444 peecatum
663 3379 762 3424 tuum:
787 3368 874 3446 proba
897 3368 975 3442 prius
996 3366 1151 3434 medicum,
1174 3368 1221 3424 cui
1244 3366 1328 3423 debeas

151 3488 264 3528 oausam
279 3467 424 3544 languoris
439 3484 593 3542 exponere,
610 3467 658 3538 qui
673 3466 744 3522 sciat
763 3465 899 3522 infirmari
915 3484 979 3523 cum
1002 3465 1178 3534 infirmante,
1193 3465 1259 3523 flere
1277 3478 1327 3520 cun

151 3567 248 3634 flente,
270 3566 319 3638 qui
333 3563 503 3622 condolendi
518 3572 546 3621 et
566 3563 758 3639 compatiendi
774 3564 883 3620 noverit
903 3563 1103 3638 disciplinamt
1126 3576 1160 3621 ut
1181 3565 1220 3621 ita
1232 3563 1327 3621 demum

152 3664 178 3719 si
193 3661 261 3735 quid
275 3663 321 3719 ille
336 3661 449 3728 dixerit,
464 3661 512 3733 qui
535 3678 566 3716 se
581 3660 658 3735 prius
674 3670 702 3716 et
716 3659 857 3716 eruditum
869 3659 1009 3716 medicum
1026 3658 1184 3717 ostenderit
1197 3671 1225 3717 et
1239 3654 1328 3717 miseri·

153 3759 279 3826 cordam,
294 3759 319 3814 ei
334 3757 402 3829 qnid
414 3757 525 3815 consilii
540 3756 657 3824 dederit,
673 3757 759 3814 facias
774 3767 801 3813 et
815 3757 954 3828 sequaris.
996 3757 1028 3812 Si
1043 3756 1218 3816 intellexerit
1236 3768 1263 3814 et
1276 3773 1329 3833 pre·

152 3856 255 3913 viderit
269 3856 352 3912 talem
368 3872 430 3911 esse
445 3855 609 3930 languorem
625 3866 714 3917 tuum,
731 3855 780 3925 qui
795 3854 974 3910 inconvento
987 3855 1073 3910 totius
1087 3848 1330 3929 Ecclesiaeexpooi

154 3955 255 4013 debeat
268 3963 296 4010 et
318 3955 418 4021 curari,
434 3972 471 4010 ex
493 3971 550 4025 quo
566 3952 694 4010 fortassis
715 3964 743 4008 et
763 3952 857 4009 caeteri
879 3951 1011 4009 aedilicari
1034 3963 1179 4029 poterunt,
1194 3963 1223 4011 et
1243 3953 1331 4028 tuipse

150 4053 235 4114 facile
250 4052 352 4119 sanari,
368 4053 520 4111 multahoc
534 4051 745 4118 deliberatione,
760 4063 788 4107 et
809 4052 876 4107 satis
893 4051 982 4126 perito
1002 4051 1109 4110 medici
1132 4052 1208 4111 illius
1229 4050 1333 4111 consilio
1381 4040 1383 4049 '

155 4151 361 4231 procurandum
383 4151 473 4208 est.”⁴
513 4150 735 4209 confessionem
757 4149 899 4224 publicam
921 4170 938 4206 a
959 4151 1067 4226 privata
1087 4151 1166 4210 olare
1191 4151 1335 4228 distinguit,

554 4328 597 4392 (1)
617 4327 691 4376 Hom.
706 4325 740 4377 ΙΙ.
751 4325 778 4375 in
787 4324 899 4377 Levitn.
911 4328 935 4374 4.

553 4414 595 4480 (2)
615 4414 667 4463 lac.
677 4429 700 4463 v.
712 4416 750 4462 16.

555 4501 596 4565 (3)
615 4500 690 4549 Hom.
702 4500 745 4548 lll.
758 4500 784 4549 in
793 4499 871 4550 Lavit.
883 4518 907 4549 n.
917 4502 941 4550 4.

556 4587 592 4649 (4)
610 4586 685 4637 Hom.
696 4587 727 4636 ll·
739 4587 766 4638 in
777 4588 818 4637 Ps.
825 4588 918 4638 xxxvii.
