2774 5056
151 339 205 395 112
402 337 458 396 Du
481 335 684 396 MINlSTllO
703 333 1083 397 CONFIRMATIONIS.

72 552 77 575 ,
148 496 277 574 episcopi
306 495 417 563 desunt,
447 506 478 554 ut
504 496 665 574 presbyteri
686 496 769 554 etiam
791 495 821 554 in
841 495 979 554 frontibus
1000 496 1158 573 baptizatos
1186 494 1344 554 chrismate

146 610 253 668 ungere
267 592 385 650 debeant
399 592 628 651 concedimus.'’1

186 691 234 746 te.
270 688 303 746 ld
331 690 416 766 igitur
444 708 480 747 ex
509 689 678 748 testimoniis
710 701 819 765 patrum
853 708 915 762 quae
947 691 1105 757 retulimus,
1133 699 1161 747 et
1188 707 1226 748 ex
1254 688 1342 746 variis

145 784 284 843 Ecclesiae
309 787 446 854 moribus,
467 805 519 863 pro
545 786 691 864 explorato
712 786 809 844 haberi
829 786 922 854 debet,
944 787 1111 864 episcopum
1133 806 1198 845 esse
1218 785 1341 844 ordina·

144 880 224 939 rium
237 882 460 940 confirmationis
475 883 646 950 ministrum,
659 882 819 941 sacerdotes
832 882 897 940 verb
913 882 941 940 id
956 885 1080 942 muneris
1093 901 1225 941 exercere
1241 900 1339 959 posse,

65 1048 71 1062 .
143 995 176 1034 ea
190 978 224 1034 ab
238 977 376 1036 Ecclesiae
392 978 558 1056 praesulibus
572 980 645 1038 facta
658 990 806 1056 potestate.
849 979 932 1037 Prius
947 979 1046 1038 docuit
1065 979 1215 1055 Eugenius
1236 978 1291 1036 lV.
1309 979 1339 1036 in

141 1075 244 1134 celebri
254 1077 436 1135 instructione
446 1096 497 1154 pro
506 1078 650 1145 firmanis,
660 1077 788 1136 definivit
798 1096 864 1135 vero
875 1078 1027 1136 concilium
1037 1078 1257 1136 Tridentinum:
1273 1087 1292 1114 ‘⁴
1304 1078 1338 1136 Si

141 1175 206 1246 quis
220 1172 334 1242 dixerit,
356 1186 459 1231 sanctae
481 1175 703 1232 confirmationis
717 1173 889 1233 ordinarium
905 1175 1064 1233 ministrum
1086 1193 1144 1233 nou
1160 1192 1225 1232 esse
1238 1173 1336 1232 solum

139 1272 317 1351 episcopum,
330 1272 379 1330 sed
394 1273 523 1346 quemvis
538 1273 699 1350 simplicem
716 1272 911 1340 sacerdotemr
933 1273 1083 1331 anathema
1096 1271 1181 1330 sit.”¹
1206 1271 1337 1331 Alterum

143 1388 182 1429 ex
202 1370 406 1429 cousuetudine
421 1370 495 1448 apud
511 1370 629 1429 Graecos
650 1371 763 1448 vigente
788 1382 874 1448 patet,
888 1389 943 1429 uec
956 1371 1031 1430 enim
1046 1372 1076 1430 in
1091 1371 1257 1429 Florentino
1271 1390 1339 1430 con·

142 1467 209 1525 cilio
230 1468 406 1526 confirmatio
418 1468 488 1525 ab'
470 1487 505 1525 rrs
521 1466 716 1527 administrata
729 1468 886 1546 improbata
897 1477 960 1537 esta
982 1467 1034 1526 sed
1049 1487 1102 1527 nec
1114 1469 1337 1530 aSummorum

140 1565 313 1625 Pontificum
335 1549 583 1677 consdt'ptionibus
606 1567 704 1643 petita,
730 1585 793 1639 quae
816 1567 893 1625 enim
914 1567 1080 1644 allegantur,
1104 1586 1154 1626 eos
1178 1567 1339 1644 respiciunt

140 1659 244 1734 quibus
259 1659 389 1738 adempta
404 1672 447 1719 est
460 1625 577 1719 lacitltas
592 1662 698 1739 praevio
713 1661 835 1729 decreto,
850 1662 896 1720 vel
910 1663 959 1738 qui
970 1663 1042 1721 intra
1052 1663 1125 1722 fines
1134 1663 1337 1740 patriarchatus
1375 1722 1377 1727 ,

141 1755 334 1815 Occidentalis
355 1758 561 1815 versabantur.⁸
614 1757 674 1835 lpsi
702 1758 857 1816 Pontifices
882 1759 987 1836 saepius
1015 1768 1180 1818 noscuntur
1190 1759 1339 1836 delegasse
1371 1742 1377 1763 ⁴

137 1853 331 1913 sacerdotibus
346 1854 531 1914 confirmandi
555 1874 669 1924 munus,
685 1855 761 1929 quod
783 1857 827 1914 vir
846 1856 994 1916 memoriae
1013 1857 1191 1925 venerande,
1206 1857 1336 1915 loannes

138 1951 261 2022 Carroll,
277 1955 404 2013 noscitur
418 1955 534 2022 obiisse,
550 1966 701 2028 autequam
716 1954 751 2012 ad
763 1952 1100 2032 episcopatumevectus,
1115 1955 1336 2014 Baltimorensis

73 2106 77 2123 ,
138 2050 249 2127 primus
258 2051 374 2109 antistes
384 2053 552 2110 constitutus
564 2052 657 2111 suerit.
699 2053 816 2126 Absque
826 2052 990 2130 hujusmodi
1003 2054 1149 2130 pontificia
1159 2053 1338 2130 delegatione

72 2130 76 2153 ⁵
142 2145 237 2204 irritus
251 2147 366 2206 foretin
381 2147 559 2207 Occidentali
583 2149 769 2225 patriarchatu
793 2159 871 2207 actus
892 2148 1083 2219 sacerdotalis,
1107 2151 1191 2208 etiam
1217 2169 1338 2210 consen·

52 2294 57 2305 ,
139 2242 225 2302 tiente
236 2245 384 2321 episcopo,
400 2263 488 2317 quum
504 2244 641 2303 Pontifex
652 2245 812 2305 facultatem
824 2244 974 2322 delegandi
988 2246 1044 2304 sibi
1057 2246 1254 2305 reservaverit.

141 2375 142 2378 =
174 2341 223 2397 49.
245 2338 375 2398 Necesse
398 2358 456 2398 non
477 2350 520 2398 est
538 2349 572 2398 ut
585 2339 690 2399 diutius
711 2341 741 2399 in
762 2340 807 2399 his
829 2341 1007 2419 explicandis
1033 2342 1229 2411 immoremur,
1246 2360 1335 2417 quum

135 2437 247 2494 sectarii
263 2436 485 2514 hujusregionis
500 2437 545 2496 rel
559 2438 744 2497 confirmandi
758 2439 843 2498 ritum
864 2440 977 2516 penitus
995 2440 1136 2517 rejiciant,
1148 2441 1194 2498 vel
1209 2459 1277 2499 eum
1300 2441 1335 2499 ab

136 2535 272 2611 episcopo
298 2536 394 2611 peragi
408 2536 504 2603 velint,
527 2555 626 2595 vanam
648 2537 772 2595 nominis
796 2539 924 2595 umbram
952 2537 1028 2614 apud
1064 2555 1096 2594 se
1132 2539 1333 2615 intelligentes.

137 2631 201 2688 Nec
215 2650 308 2706 operae
332 2632 452 2706 pretium
467 2631 596 2690 ducimus
612 2650 676 2705 quae
691 2632 784 2690 afferri
799 2634 892 2692 solent
906 2634 1030 2693 rationes
1046 2635 1175 2702 scrutari,
1190 2645 1223 2692 ut
1237 2645 1334 2711 potes·

136 2737 220 2784 tatem
236 2726 422 2783 confirmandi
437 2727 630 2785 ecclesiastico
642 2729 736 2804 potius
751 2748 835 2802 quam
848 2725 945 2789 divino
953 2731 1018 2807 jure
1031 2732 1177 2808 episcopis
1193 2744 1334 2792 servatam
1351 2779 1354 2783 .

135 2825 316 2883 ostendatur:
340 2824 372 2881 ad
388 2843 448 2882 rem
463 2826 539 2883 enim
555 2836 679 2884 nostram
695 2846 758 2899 quae
771 2826 974 2887 dubitationem
987 2830 1140 2906 patiuntur,
1156 2830 1200 2888 vel
1217 2832 1333 2907 impone
1360 2874 1363 2881 -

135 2924 274 3000 agitantur
288 2922 362 2998 apud
383 2923 506 2991 scholas,
533 2924 701 3000 plerumque
731 2927 778 2984 vix
803 2928 943 3003 pertinere
962 2927 1166 3006 judicavimus.
1210 2931 1269 2998 Qui
1285 2948 1332 2988 eas

136 3020 281 3078 ventilatas
296 3017 392 3075 videre
404 3019 498 3095 cupiat
512 3021 593 3078 adeat
608 3021 841 3081 'l'rombellium‘

333 3177 375 3243 (l)
394 3174 442 3224 L.'
436 3193 468 3226 ιι.
479 3177 547 3242 epist.
558 3178 625 3227 xxvi

333 3263 1027 3414 iavrdeQiBeneurccxrv.1.vii.dsSynou0D1oeeesc
1039 3351 1079 3402 vii.
1090 3351 1141 3402 viii
1152 3353 1186 3404 ix

334 3434 362 3499 (4
364 3435 375 3500 )
395 3433 460 3486 Diss.
473 3434 503 3485 de
515 3435 628 3486 Ministro
640 3436 748 3486 confirm.
760 3436 862 3486 sectioi
873 3453 914 3502 qu.
925 3437 950 3487 ii.
962 3437 1020 3500 §vi

1351 3276 1377 3357 ι’
