2774 5056
522 116 579 177 DE
599 115 822 177 LITURGIIS.
1208 119 1269 176 21⁹

64 269 155 341 htio,
168 291 225 333 nec
237 272 315 334 aliud
327 272 448 353 proinde
467 274 635 351 postulatur,
649 295 735 350 quam
757 286 789 335 ut
808 275 931 354 Spiritus
954 276 1053 337 Sancti
1071 277 1269 337 benedictione

55 362 147 429 fiant
162 371 299 448 symbola
318 382 349 431 et
368 372 452 449 signo
463 373 592 449 corporis
605 382 635 432 et
646 373 796 451 sanguinis
810 371 930 441 Christi,
943 391 1011 432 cum
1023 372 1134 435 celesti
1147 371 1269 447 quadarn

59 463 180 525 virtute
202 478 230 525 et
244 467 371 527 efficacia
385 469 546 546 conjuncta.

53 620 61 627 .
106 558 207 641 Rup.
230 562 316 624 Hanc
330 564 591 642 interpretationem
614 565 693 626 nullo
707 565 794 625 modo
814 565 956 643 patiuntur
976 565 1127 642 perspicua
1139 566 1189 623 illa
1208 584 1272 639 que

55 657 249 733 protulimus
264 661 436 721 testimonia.
479 660 618 729 Quamvis
633 673 726 721 autem
741 661 873 721 daremus
894 661 930 720 iis
944 661 993 735 qui
1014 660 1174 720 Orientales
1194 662 1272 721 litur·
1330 662 1333 669 '

54 752 133 831 giu
161 768 400 832 composuerunt,
422 768 451 816 et
475 758 524 830 qui
549 776 597 815 eas
620 757 764 827 adhibent,
790 776 958 836 persuasum
985 775 1049 817 esse
1075 757 1123 815 illa
1148 757 1273 834 Spiritus

53 848 175 913 Sancti
189 851 384 923 invocatione,
398 856 494 933 potius
508 874 595 929 quam
609 857 703 915 verbis
715 855 877 915 Dominicis
888 854 991 915 confici
1003 854 1215 921 eucharistiam,
1227 854 1272 911 vel

51 966 103 1013 ox
118 950 226 1009 verbis
252 950 372 1013 Domini
386 973 443 1013 una
456 971 523 1013 cum
545 954 724 1014 invocatione
748 955 886 1032 integram
910 954 1030 1013 sormam
1050 952 1274 1012 consecrationis
1314 972 1319 1003 ε

49 1056 221 1116 combure,
237 1067 295 1108 non
316 1050 384 1110 ideo
405 1050 503 1110 licebit
523 1050 559 1111 de
586 1052 737 1129 presentia
761 1051 828 1110 reali
852 1061 881 1109 et
904 1050 1091 1119 substantiali,
1116 1068 1178 1124 quae
1203 1047 1275 1107 adeo

50 1143 231 1207 manifeste
261 1146 293 1205 in
318 1146 441 1226 liturgiis
465 1147 632 1218 declaratur,
656 1148 794 1209 dubitare.
836 1147 980 1207 Ceterum
1004 1146 1108 1207 eruditi
1131 1145 1274 1213 homines,

54 1242 252 1303 Grrecorum
274 1253 304 1301 et
317 1244 506 1305 Orientalium
526 1247 698 1305 testimoniis
722 1246 826 1316 innixi,
843 1244 1008 1323 judicarunt
1029 1244 1274 1303 consecrationem

53 1338 172 1398 verbis
189 1338 302 1398 Christi
317 1341 427 1418 perfici,
439 1343 514 1401 sicut
526 1344 595 1402 clim
610 1343 706 1402 docuit
716 1342 955 1423 chrysostomus,
967 1341 1087 1417 liturgiae
1102 1341 1168 1399 licet
1180 1350 1277 1397 auctor

53 1435 224 1513 insignis:
248 1436 457 1497 invocationem
472 1448 566 1499 eutem
580 1440 704 1518 Spiritus
719 1439 818 1499 Sancti
838 1457 897 1498 rem
920 1437 1006 1497 veluti
1028 1437 1120 1496 adhuc
1142 1454 1277 1514 peragen-

54 1532 137 1593 dam
155 1544 303 1611 spectare,
318 1534 390 1595 adeo
404 1548 435 1596 ut
448 1537 581 1597 sacerdos
595 1538 724 1599 divinum
738 1558 812 1617 opus
833 1538 920 1597 veluti
941 1536 1095 1605 admirans,
1109 1545 1172 1594 orat
1184 1546 1215 1594 ut
1230 1534 1279 1592 fiat

54 1631 148 1690 mira
163 1628 217 1688 illa
230 1632 393 1691 substantie
409 1635 536 1705 nuntio,
551 1653 637 1710 quam
653 1637 716 1713 jam
731 1636 831 1694 laetam
846 1652 911 1692 esse
926 1633 1014 1692 novit.
1036 1633 1086 1691 Sic
1095 1634 1124 1691 in
1137 1632 1278 1691 oblatione

57 1726 162 1805 panis
185 1725 311 1788 hostiam
335 1730 544 1793 immaculatam
559 1751 591 1791 se
615 1733 679 1791 Deo
699 1732 802 1791 offerre
824 1731 902 1798 dicit,
918 1731 1018 1788 miram
1042 1729 1120 1789 illam
1144 1730 1227 1807 penis
1249 1729 1279 1787 in

1330 150 1372 413 l

56 1842 185 1903 corpus
202 1824 313 1886 Christi
327 1832 558 1901 conversionem,
573 1850 637 1905 quae
658 1831 751 1889 lutura
771 1840 824 1897 est,
840 1829 927 1888 veluti
948 1828 1050 1888 lactem
1071 1827 1277 1904 contemplans.
1332 1822 1344 1911 l

57 1920 114 1981 Ita
140 1931 214 1999 post
238 1923 408 2003 episcopum
431 1928 626 1987 Ostunensem
648 1928 819 1995 Νιιὶιοιιιιι,1
840 1926 886 1984 cui
911 1924 1065 1983 assentitur
1078 1923 1281 1990 Assemanus,¹
1343 1942 1348 1993 ξ

60 2019 239 2081 orientalis
254 2032 384 2098 uterque,
399 2035 429 2084 et
442 2027 663 2085 consuetudines
677 2036 706 2084 et
725 2025 880 2084 sententias
895 2041 1011 2081 suorum
1033 2023 1162 2099 apprime
1175 2020 1278 2079 edocti.
1347 2040 1351 2075 ·.

62 2116 178 2179 Greci
193 2119 252 2195 ipsi
266 2120 296 2179 in
310 2124 434 2183 concilio
456 2124 623 2184 Florentino
637 2123 672 2182 dc
694 2125 786 2181 verbis
807 2121 925 2181 Domini
948 2120 1110 2195 interrogati
1125 2117 1280 2195 responde·

60 2226 144 2277 runt
165 2234 200 2275 se
221 2216 301 2276 lateri
328 2239 379 2298 per
397 2222 459 2281 haec
474 2223 560 2280 verba
580 2221 740 2279 consecrari
763 2220 890 2278 divinum
916 2232 1018 2293 panem
1041 2227 1069 2273 et
1091 2215 1152 2272 fieri
1174 2232 1279 2291 corpus

62 2310 386 2386 Ghristimemeeec
398 2322 441 2376 rita
452 2319 520 2383 διῖον
530 2319 604 2388 dprou
614 2317 657 2373 sai
668 2315 779 2389 γίνεσθαι
790 2335 858 2386 cepa
868 2315 968 2388 Χρᾷ»)

114 2412 193 2469 283.
220 2409 331 2489 Ohj.'2.
355 2409 437 2467 “Ex
451 2407 524 2485 ipsis
538 2406 618 2465 hisce
632 2404 765 2482 liturgiis,
780 2405 805 2463 si
816 2405 1030 2467 consideramus
1040 2425 1104 2481 quas
1113 2420 1282 2484 sequuntur,

64 2516 161 2583 potet
173 2506 254 2582 quod
269 2508 347 2567 nulle
369 2506 498 2575 mutatio,
513 2515 560 2563 aut
580 2502 730 2563 conversio
747 2503 910 2563 substantie
931 2505 1103 2566 indicetur.”
1145 2506 1188 2565 lta
1202 2505 1281 2565 Wal-

66 2604 196 2665 chinus

117 2700 202 2781 Bcp.
226 2700 260 2762 ld
273 2700 362 2779 gratis
376 2699 520 2766 asseritur,
537 2706 566 2756 ct
587 2707 686 2756 contra
698 2696 740 2755 rei
760 2696 944 2767 evidentiam,
959 2717 1024 2758 nam
1039 2718 1105 2773 quae
1125 2707 1284 2774 sequuntur

69 2799 243 2863 ostendunt
256 2816 359 2875 corpus
373 2806 402 2855 et
415 2795 584 2872 sanguinem
599 2793 709 2852 Christi
724 2792 835 2864 adesse,
850 2804 880 2854 et
892 2795 1047 2855 sacerdotis
1068 2815 1154 2855 manu
1169 2796 1239 2863 dari,
1255 2808 1283 2853 et

69 2914 131 2959 ore
146 2894 279 2956 fidelium
301 2893 420 2970 suscipi,
435 2910 489 2950 neo
502 2890 578 2950 aliud
593 2890 769 2964 quidquam
792 2892 912 2969 proinde
927 2912 1022 2952 veram
1043 2895 1197 2972 contigisse
1219 2893 1284 2950 sub·

69 2996 198 3057 stantiae
213 2993 296 3071 panis
309 2991 412 3051 etvini
427 2974 623 3048 mutationem.

120 3096 196 3153 234.
222 3088 289 3169 obj.
306 3093 335 3149 3.
356 3088 392 3148 Ῑιι
406 3087 543 3166 Liturgiis
557 3086 686 3164 pluribus
698 3097 758 3145 orat
769 3085 902 3145 sacerdos
916 3096 949 3144 ut
962 3087 1086 3164 Spiritus
1099 3087 1220 3145 Sanctus
1235 3105 1286 3145 cx·

72 3186 663 3261 hibent-ontea-taesttm-corpus
678 3193 706 3240 et
726 3183 894 3260 sanguinem
911 3181 1032 3241 Christi.
1074 3181 1154 3259 Ergo
1174 3181 1279 3239 veritas

75 3285 218 3366 corporis
233 3301 292 3342 non
302 3281 344 3339 ibi
359 3280 533 3358 agnoscitur,
548 3299 601 3339 nec
617 3280 674 3338 ulla
689 3280 852 3338 substantie
867 3280 997 3338 mutatio.

125 3382 219 3461 Jeep.
242 3380 311 3439 Non
326 3388 387 3436 orat
401 3378 533 3436 sacerdos
548 3387 579 3436 nt
592 3377 674 3454 panis
689 3386 717 3435 et
730 3376 829 3434 vinum
847 3375 1000 3434 exhibeant
1013 3393 1117 3452 corpus
1131 3383 1160 3433 et
1170 3376 1286 3452 sangui·

78 3494 157 3540 nem
171 3476 296 3543 Christi,
311 3472 362 3531 sed
376 3484 407 3532 ut
427 3473 492 3551 ipse
507 3474 631 3551 Spiritus
653 3473 774 3531 Sanctus
790 3489 893 3549 panem
908 3480 937 3529 et
950 3471 1048 3530 vinum
1061 3471 1144 3531 iaciat
1157 3482 1186 3530 et
1205 3472 1287 3530 exhi·

83 3673 136 3732 uti
156 3672 272 3731 lsaacus
298 3668 517 3736 Causaubonus,
544 3667 655 3726 Graecis
679 3667 780 3726 litteris
802 3666 935 3744 insignis,
961 3676 990 3725 et
1011 3665 1231 3726 Protestantium
1257 3667 1287 3725 in

88 3771 191 3831 castris
212 3769 351 3834 militaus.
366 3763 666 3843 sgnumst-demeto
689 3766 797 3844 quippe
818 3765 921 3825 dicitur
942 3764 1152 3843 magistratibus
1175 3765 1287 3831 creetis,

295 3996 338 4062 (l)
358 3994 391 4045 Iu
401 3993 509 4060 Euoplie
516 4010 541 4060 p.
555 3996 612 4046 tte.

294 4082 337 4148 (2)
357 4079 509 4131 Bibliotheca
517 4080 649 4131 Orientalis
659 4096 684 4146 p.
696 4080 757 4132 200.

296 4167 339 4231 (3)
359 4165 422 4215 Acte
434 4163 512 4215 conc.
523 4164 590 4215 Flor.
601 4165 666 4215 Sese.
677 4181 737 4216 xxv.

298 4251 340 4317 (t)
359 4250 509 4302 Introductio
519 4250 550 4300 ad
561 4251 595 4301 lib
607 4252 686 4315 symb.
699 4251 715 4300 l.
725 4250 743 4301 i.
753 4266 775 4301 c.
786 4249 822 4300 iii.
834 4253 848 4310 ς
858 4248 947 4300 xxxiii.
955 4264 979 4314 p.
987 4250 1046 4303 294.

300 4336 343 4401 (bl
362 4335 471 4388 Exercit.
481 4335 508 4386 in
520 4335 641 4401 Baron.p.
652 4337 710 4386 520.
727 4334 777 4385 Ed.
787 4332 868 4385 Lond.

1330 2244 1339 2284 l

1328 3362 1346 3533 l

80 3573 155 3636 beat
166 3593 271 3653 corpus
285 3581 314 3630 et
327 3571 495 3647 sanguinem
509 3570 635 3639 Christi3
657 3588 759 3629 vocum
779 3570 857 3628 enim
873 3568 1037 3628 Graecarum
1052 3568 1153 3628 eadem
1167 3579 1211 3627 est
1231 3572 1286 3640 vis,
1337 3536 1361 3695 χ

1353 3698 1364 3803 l
