2774 5056
93 310 130 366 50
406 307 464 368 DE
483 306 682 370 BAPTISMI
702 305 974 370 hunnericus,

93 467 131 525 sit
144 475 247 527 nostrae
260 468 435 547 purgationis
450 487 483 526 ac
496 467 715 527 documentum:
731 467 777 526 rel
786 465 830 547 (ut
842 467 945 527 melius
956 467 1098 546 explicem
1110 466 1187 542 quod
1201 465 1281 548 volo)

93 565 183 626 insnr
206 568 309 644 signati
333 566 479 645 cujusdam
500 566 673 643 diplomatis,
697 585 753 640 qno
773 567 857 626 uobis
878 568 1035 636 confirmet,
1050 578 1166 644 peccata
1185 576 1283 626 nostra

94 664 192 723 omnia
203 664 245 722 sic
259 663 359 732 deleta,
374 662 497 731 inducta,
512 663 657 722 obliterata
670 681 745 732 esse,
759 681 796 722 ne
810 682 936 737 unquam
950 665 980 723 in
996 674 1181 741 conspectum
1197 680 1282 724 sunm

95 761 221 828 veniant,
235 779 272 819 ne
286 770 553 830 commemorentur,
568 779 604 819 ne
617 760 838 838 imputentur.”²
878 760 1064 838 Amplissima
1078 761 1139 819 haec
1153 762 1238 820 verba
1248 778 1285 821 eo

92 857 212 916 redeunt
224 867 256 916 ut
268 876 326 916 nou
340 857 514 934 imputentur
527 876 590 930 quae
610 875 676 915 vere
690 867 805 917 manent
824 868 959 936 peccata:
983 867 1002 895 “
1013 859 1114 916 Manet
1134 875 1200 916 vere
1216 875 1283 935 peo-

93 966 186 1016 cstum
197 956 226 1015 in
238 955 353 1025 nohis‚'’
367 956 469 1029 inquit,
482 964 501 993 “
511 973 604 1029 neque
613 974 664 1032 per
673 957 846 1033 baptismum
857 957 951 1015 stetim
963 975 1021 1015 nno
1031 956 1077 1014 die
1088 957 1279 1034 extinguitur:

93 1052 143 1112 sed
159 1053 224 1127 qnia
240 1052 349 1111 deletur
361 1063 465 1121 reatus,
480 1052 666 1128 imputatione
686 1052 795 1111 nullum
810 1052 897 1111 est.”⁸
936 1054 981 1112 Ab
995 1053 1076 1111 hisce
1092 1053 1206 1130 placitis
1221 1071 1280 1112 non

92 1160 271 1211 recesserunt
283 1150 494 1226 Presbyteriani
509 1149 638 1209 hodierni
648 1155 671 1207 :³
691 1150 793 1229 quibus
807 1169 859 1227 pro
874 1169 952 1210 more
963 1152 1118 1210 concinunt
1131 1150 1281 1227 Baptistn.

92 1248 242 1326 Zuinglius
256 1248 426 1324 baptismum
439 1245 512 1306 dixit
524 1264 634 1307 mamm
649 1265 712 1305 esse
726 1248 890 1324 symbolum
911 1257 1071 1316 externum,
1086 1248 1171 1325 cujus
1186 1247 1231 1305 ris
1245 1245 1280 1305 ad

91 1347 212 1405 salutem
226 1344 303 1404 nulla
316 1345 377 1404 sit*
415 1344 565 1422 Anglicani
579 1344 614 1403 ad
636 1343 813 1404 catholicam
835 1344 989 1405 doctrinam
1004 1345 1181 1419 aliquatenus
1203 1361 1282 1403 acce·

91 1443 170 1511 dunt,
185 1443 357 1520 baptismum
368 1442 481 1520 signum
496 1443 728 1520 regenerationis,
739 1451 767 1501 et
777 1443 996 1502 instrumentum
1008 1461 1065 1516 quo
1076 1442 1106 1501 iu
1118 1441 1282 1500 Ecclesiam

91 1550 258 1617 cooptantur
277 1539 421 1599 dicentes:
443 1537 495 1597 sed
507 1540 622 1598 nonnisi
645 1539 804 1617 benigniori
819 1538 1029 1599 Oxoniensium
1053 1539 1282 1618 interpretatione

90 1643 212 1714 possunt
222 1653 320 1695 eornm
330 1635 415 1693 verba
429 1635 464 1694 sd
479 1654 580 1694 sanum
594 1635 692 1694 reduci
704 1639 846 1696 sensum.⁵
872 1635 958 1713 Apud
973 1635 1118 1695 Unitarios
1132 1647 1161 1695 et
1175 1636 1285 1696 turbam

92 1732 275 1793 sectariorum
290 1733 352 1810 jam
367 1732 460 1792 omnis
475 1733 589 1792 evanuit
603 1732 638 1791 de
652 1733 754 1792 virtute
766 1733 902 1809 baptismi
915 1733 1004 1793 notio.

596 1945 779 1987 Pannonium.

65 2199 70 2205 ι
130 2120 170 2181 Irt
188 2120 335 2199 baptismo
348 2120 453 2198 gratia
464 2116 538 2178 Jesu
555 2118 667 2179 Christi
680 2118 807 2179 Domini
819 2118 916 2180 nnat-ri
936 2117 1098 2201 confertur,
1117 2135 1173 2196 per
1193 2136 1286 2197 quam

92 2216 207 2278 tollitur
220 2224 316 2276 totum
329 2215 362 2276 id
374 2215 453 2295 qued
465 2233 567 2276 oerum
581 2223 608 2276 ct
619 2215 771 2295 propriam
780 2215 896 2295 pcccati
909 2214 1054 2276 rationem
1067 2214 1163 2286 Ιιοὺοι,
1180 2223 1207 2274 ct
1220 2214 1285 2274 Deo

92 2315 286 2377 renascimur.

129 2415 282 2475 Probatur
295 2413 322 2474 I.
338 2431 374 2473 cc
391 2412 565 2493 Scripturis.

131 2520 180 2575 87.
203 2500 336 2573 Christus
350 2512 504 2582 Dominus,
516 2511 551 2571 dc
566 2512 708 2589 baptismo
722 2510 854 2585 loquens,
865 2509 957 2569 dixit:
980 2510 1077 2570 “Nisi
1091 2512 1156 2585 quis
1170 2521 1286 2571 renatus

92 2611 177 2670 fuerit
201 2629 238 2668 ex
262 2619 377 2682 aqnaet
401 2609 510 2686 Spiritu
535 2609 651 2677 Sancto,
673 2627 731 2666 non
751 2618 845 2685 potest
865 2608 979 2669 introire
993 2609 1023 2666 iu
1044 2627 1163 2686 regnum
1185 2609 1288 2668 Dci.”⁸

92 2709 180 2767 Nova
199 2725 267 2784 ergo
280 2705 424 2772 nativitas,
439 2723 495 2778 qua
515 2723 602 2782 regno
616 2704 724 2762 coelesti
746 2703 929 2781 adipiscendo
943 2704 1065 2778 quisque
1086 2706 1135 2763 fiat
1154 2706 1286 2774 idoneus,

93 2803 233 2880 contingit
245 2820 337 2874 aqua:
359 2800 467 2878 Spiritu
482 2801 587 2859 Sancto
601 2800 748 2859 hominem
763 2801 855 2859 tilium
869 2800 925 2859 Dei
939 2802 1139 2862 constituente.
1149 2803 1287 2863 Tollitur

92 2900 200 2960 idcirco
215 2908 373 2977 peccatum,
388 2897 551 2971 inquinatus
566 2898 643 2957 enim
657 2916 742 2956 nemo
757 2898 786 2956 in
800 2916 919 2975 regnum
933 2896 1003 2957 illud
1016 2899 1138 2958 intrabit.

133 3002 183 3057 88.
205 2997 307 3057 Petrus
322 2993 461 3054 aJudaeis
475 2995 672 3074 interrogatus,
688 2993 756 3068 qnid
776 2995 831 3054 sibi
845 2995 1007 3054 laciendum
1020 3008 1097 3054 esset
1118 3007 1149 3055 ut
1169 3000 1287 3059 veniam

95 3095 205 3156 Christi
229 3097 330 3153 mortis
354 3093 554 3170 impetrarent:
580 3093 813 3153 “Poenitentiam
835 3093 954 3173 (inquit)
975 3093 1058 3172 agite,
1080 3104 1109 3153 et
1128 3096 1289 3173 baptizetur

130 3335 173 3402 (1)
192 3333 253 3384 unet.
264 3332 281 3383 1.
292 3303 326 3382 rvi
336 3347 358 3382 e.
368 3346 409 3382 xv.
420 3345 446 3381 n.
456 3330 473 3381 ι.

132 3421 174 3488 (2)
194 3419 226 3470 ln
236 3418 347 3469 antidoto
359 3416 436 3468 (lonc.
447 3415 516 3466 Trid.
527 3414 557 3466 sd
568 3415 633 3467 Sess.
644 3432 668 3465 v.

132 3509 174 3574 (³)
194 3507 288 3557 Dicunt
298 3505 447 3570 baptismum
458 3519 511 3553 esse
527 3502 683 3568 suscipienti:
700 3509 739 3553 “a
749 3503 805 3566 sign
816 3502 864 3553 and
875 3497 925 3554 scal
941 3503 970 3554 oi
981 3503 1023 3554 the
1039 3513 1159 3554 coronent
1169 3505 1199 3555 os
1209 3521 1292 3569 grace,

96 3595 124 3644 of
135 3594 176 3644 his
185 3591 319 3655 ingrafting
329 3591 381 3641 into
390 3589 482 3650 Christ,
493 3590 521 3639 of
533 3589 707 3652 regeneration,
718 3591 747 3640 of
759 3590 801 3640 the
812 3588 939 3640 remissiora
950 3591 979 3640 os
985 3591 1043 3651 sins,
1055 3591 1103 3641 and
1115 3592 1143 3642 of
1155 3591 1194 3642 his
1202 3592 1292 3656 giving

97 3696 133 3746 np
142 3687 204 3730 nuto
215 3679 279 3738 ch,
290 3677 396 3739 through
411 3677 485 3727 lesus
497 3675 588 3738 Christ,
598 3684 624 3727 to
635 3677 700 3728 wnlk
710 3677 737 3728 in
747 3692 860 3728 ncwnoes
868 3677 896 3727 of
908 3675 971 3727 lise.”
1006 3677 1174 3744 Presbyterian
1186 3679 1293 3732 Confes-

98 3767 153 3818 sion
163 3766 192 3836 oi
204 3764 273 3822 faith,
284 3762 323 3813 ch.
333 3762 437 3812 xxxviii.
447 3763 500 3813 ni.

134 3853 176 3918 (4)
196 3849 251 3900 Lib.
260 3849 291 3898 ds
302 3864 358 3898 vere
368 3855 393 3897 st
403 3848 464 3897 falsa
474 3847 552 3910 Relig.

135 3938 177 4004 (5)
198 3935 342 3996 Queruntur
354 3933 508 3983 Oxonisnses
519 3932 549 3983 de
560 3932 627 3982 suis:
644 3941 659 3964 “
669 3932 720 3983 We
730 3933 792 3983 have
808 3934 894 3983 almost
910 3934 1036 3984 embraced
1051 3933 1093 3985 the
1109 3935 1224 3997 doctrine,
1236 3937 1293 3991 that

100 4023 156 4075 God
167 4038 274 4087 conveys
293 4036 363 4084 grace
374 4021 432 4085 only
443 4019 549 4082 through
566 4019 607 4070 the
625 4019 829 4085 instrumentality
840 4021 878 4086 pos
888 4020 929 4070 the
947 4023 1038 4072 mental
1055 4023 1172 4086 energies,
1189 4024 1243 4075 that
1261 4027 1293 4088 is,

99 4107 208 4170 through
217 4106 285 4166 seith,
297 4120 389 4171 prayer,
409 4106 488 4156 actual
508 4105 619 4171 spiritual
636 4103 844 4169 contemplatione,
856 4121 883 4154 or
893 4106 970 4167 (what
986 4106 1008 4157 is
1027 4108 1113 4170 called)
1130 4111 1293 4164 communion

98 4196 160 4249 with
171 4193 233 4253 God,
244 4193 271 4243 in
281 4191 454 4242 contradiction
465 4199 491 4242 ιο
502 4190 543 4241 the
554 4190 674 4256 primitive
685 4189 755 4249 view,
766 4189 894 4254 according
904 4199 930 4242 to
940 4192 1022 4244 which
1032 4195 1073 4245 the
1084 4195 1177 4246 chnrch
1188 4197 1238 4248 and
1246 4198 1295 4252 her

99 4284 253 4334 Sacraments
265 4293 305 4327 are
315 4276 358 4328 tha
368 4275 482 4327 ordsined
493 4276 541 4327 and
552 4275 629 4327 direct
638 4275 722 4325 visible
733 4290 817 4324 means
828 4276 856 4326 of
869 4279 1007 4345 conseylng
1017 4288 1043 4331 to
1059 4281 1101 4332 the
1112 4283 1167 4332 soni
1183 4282 1253 4335 what
1269 4287 1294 4337 is

99 4369 128 4420 in
136 4365 203 4418 itsslf
214 4363 380 4429 supernatnrsl
391 4359 439 4412 and
450 4377 551 4412 nnsoan.
568 4395 575 4412 .
591 4396 599 4411 .
616 4396 622 4410 .
639 4358 698 4410 And
709 4359 767 4410 does
777 4369 821 4412 not
831 4361 881 4412 this
890 4374 994 4416 account
1003 4366 1039 4416 for
1056 4365 1097 4416 the
1108 4368 1243 4433 presailing
1254 4371 1295 4423 in.

100 4448 243 4518 disposition
254 4453 280 4498 ιο
290 4446 366 4498 admit
375 4444 429 4498 that
439 4444 551 4512 Baptism
570 4459 676 4509 convays
692 4445 894 4509 regenarationl”
927 4450 1020 4502 Oxiord
1036 4458 1117 4504 tracte.
1150 4452 1293 4509 Advertiss-

100 4533 297 4591 mmtmrotii.
728 4532 731 4536 ’

136 4625 180 4690 (6)
198 4619 270 4671 Jcsn.
280 4618 314 4672 iii.
325 4621 350 4670 b.
