2774 5056
136 313 199 371 Μ
405 309 464 373 DE
483 309 706 372 sactttrtctt
725 311 1068 374 cumutamus,

139 467 609 548 Voebodicsnr,spudplerorque
628 471 867 541 sectarios,haud
887 471 1259 550 exceptisepiseopalisnis
1278 471 1336 550 pls·

137 566 247 640 rique,
271 566 368 644 ipsum
389 565 547 626 ssoerdntis
566 585 673 627 nornen
694 569 826 646 ignotm
846 587 924 637 osse,
946 569 991 628 rel
1015 569 1153 637 inrisum,
1167 579 1200 628 et
1218 588 1334 628 om

139 681 237 724 emm
249 663 402 723 sacerdotii
424 664 573 724 notionem
597 667 761 725 mannua.
802 667 919 726 Fatetur
938 677 1034 725 umen
1048 667 1151 726 white
1170 666 1337 735 swerdods,

134 773 169 823 et
180 761 286 829 altaris,
299 774 330 821 ct
340 762 473 822 sacrificii
486 782 573 822 socos
586 763 669 823 valde
682 765 799 838 antiqua
810 775 893 823 aetate
905 765 1092 823 obtinuisse.¹

176 862 229 920 96.
249 858 437 938 Dispensatie
443 860 624 920 eucharistia
633 862 780 939 episcopis
791 872 821 921 et
830 860 1024 921 sacerdotibus
1034 863 1101 938 jure
1111 862 1335 930 sooconvenit3

137 954 192 1016 sed
204 968 234 1015 et
246 955 375 1016 diaconis
388 957 460 1017 olim
472 958 629 1017 commissa
641 971 696 1026 est,
710 969 832 1017 testante
841 959 985 1018 lustina·
1009 959 1133 1026 Quoties
1148 960 1205 1017 sub
1218 972 1337 1032 utraque

135 1054 237 1133 specie
256 1053 384 1123 dabatur,
397 1054 511 1115 diaconi
530 1066 591 1114 erat
610 1055 731 1115 οιΙίωω
752 1057 906 1134 propinare
928 1056 965 1114 iis
986 1074 1059 1129 quos
1079 1055 1216 1114 sacerdos
1235 1055 1335 1116 divino

138 1152 433 1230 ressceratcorpers.⁸
471 1153 535 1213 lmo
555 1154 688 1232 permisit
705 1155 861 1214 comitium
883 1155 1112 1231 carthaginense
1133 1165 1280 1228 quartum,
1303 1165 1335 1214 ut

136 1251 308 1310 meusimte
322 1262 450 1329 urgente,
463 1268 502 1310 cx
513 1250 670 1311 swerdotis
684 1251 817 1311 mandato
835 1270 949 1311 sacrum
963 1270 1068 1328 corpus
1082 1250 1224 1310 diaconus
1244 1252 1334 1311 tideli-

135 1349 194 1409 bus
218 1349 391 1427 porrigente
413 1359 435 1387 ‘⁸
444 1349 602 1418 Diaconos,
623 1361 763 1428 praesente
784 1351 963 1428 presbytero,
984 1349 1187 1409 eucharisu'arn
1208 1352 1337 1428 corporis

138 1445 251 1507 Christi
264 1448 384 1525 popolo,
398 1447 424 1505 si
437 1448 596 1507 necessitas
608 1458 703 1526 cogat,
720 1450 822 1525 J'nssns
835 1448 982 1526 eroget.”⁴

178 1548 228 1607 et.
254 1543 331 1603 luter
344 1546 447 1622 probra
460 1563 523 1618 quae
537 1545 678 1604 Ecclesiae
692 1547 847 1605 intulemnt
858 1545 962 1605 decimi
974 1546 1050 1605 sexti
1060 1545 1159 1604 saculi
1173 1557 1336 1615 novatores,

137 1639 211 1700 illud
225 1650 285 1699 erat
298 1639 474 1717 precipuum
488 1639 565 1713 quod
578 1640 737 1700 Missurum
751 1641 940 1700 celebratione
953 1643 1099 1716 inquibus
1113 1642 1195 1701 solus
1208 1660 1337 1701 conrtnu·

139 1738 252 1798 nicabst
264 1735 408 1806 sacerdos,
422 1735 535 1797 Christi
545 1737 706 1797 institutum
719 1739 848 1807 violaret,
862 1749 892 1798 et
901 1739 1081 1800 frustraretur
1093 1740 1234 1808 consiliu
1249 1758 1338 1799 crena

138 1836 218 1897 snitu
232 1835 324 1914 magis
338 1854 426 1910 quarn
438 1836 574 1897 meriticii
592 1836 732 1897 mtionem
752 1837 785 1896 in
803 1837 976 1897 eucharistie
992 1841 1169 1916 spectabant.
1211 1838 1275 1898 Eas
1295 1857 1338 1898 rs·

140 1934 271 2013 probarit
290 1933 444 2003 lantherus,
459 1953 547 2009 quem
566 1953 625 1994 non
646 1933 749 2012 puduit
768 1933 911 1994 diabolum
933 1934 1087 2014 predicare
1108 1945 1268 2004 auctorem,
1293 1937 1340 1995 cui

138 2042 208 2112 post
220 2032 342 2111 plurima
355 2053 372 2092 a
384 2051 417 2092 se
429 2031 562 2102 adducta,
575 2043 607 2092 ut
619 2033 858 2094 consuetudinem
873 2035 996 2094 Missam
1008 2034 1047 2092 ita
1059 2034 1235 2102 celebrandi,
1253 2053 1337 2109 quam

137 2140 183 2191 tot
194 2149 285 2191 sonos
299 2129 408 2199 habuit,
421 2139 547 2190 tueretur
559 2131 684 2190 cessino
697 2149 730 2190 se
749 2131 845 2189 fassus
865 2141 920 2199 est,
935 2146 1168 2209 argumentomm
1183 2131 1337 2192 daemonis·

138 2245 240 2287 eorum
255 2227 282 2286 ri
295 2245 463 2305 oppressus.
504 2225 645 2287 Calvinus
658 2238 777 2301 questus
791 2239 846 2297 est,
861 2227 938 2301 quod
960 2229 1084 2287 “aditus
1099 2229 1206 2288 Missis
1219 2229 1337 2308 privatis

140 2323 297 2403 patefactus
311 2334 365 2391 est,
380 2342 444 2398 qurs
458 2325 784 2385 excommunicationem
807 2325 948 2399 quandam
969 2326 1061 2404 magis
1081 2325 1230 2392 referrent.
1252 2345 1338 2400 quarn

136 2422 372 2482 communitatem
381 2421 622 2481 illnmsllomino
633 2422 801 2490 institutam,
807 2441 897 2496 quum
905 2422 1092 2493 sacrificulus,
1101 2442 1183 2483 suam
1193 2425 1338 2485 victimam

139 2519 262 2578 seorsim
277 2529 435 2585 voraturus,
450 2536 483 2576 se
503 2527 593 2577 atoto
613 2518 741 2577 fidelium
764 2519 871 2596 populo
892 2519 1070 2596 segreget''⁵
1110 2520 1143 2579 In
1166 2539 1216 2579 eas
1239 2521 1337 2580 debac-

140 2615 259 2675 chantur
274 2617 381 2693 passim
395 2615 547 2692 Anglicani
561 2627 590 2674 et
603 2617 715 2675 sectarii
730 2635 847 2675 omnes:
869 2626 993 2675 attamen
1005 2617 1104 2693 lugent
1112 2619 1175 2694 jam
1190 2618 1337 2677 Oxonien·

141 2729 187 2770 ses
203 2712 397 2784 quotidianum
419 2713 590 2770 sacrificium
611 2732 645 2770 ea
665 2711 700 2770 de
721 2732 807 2771 cauea
827 2714 871 2772 eis
891 2713 1051 2771 sublatum:
1074 2714 1110 2771 de
1132 2716 1334 2774 mutationibus

139 2810 252 2868 scilicet
272 2828 335 2883 quae
360 2809 391 2867 in
414 2809 527 2887 liturgia
550 2811 709 2887 Anglicana
733 2811 886 2870 Cranmeri
906 2831 994 2888 opera
1014 2812 1093 2870 factm
1115 2822 1335 2892 contegentes,

140 2917 297 2984 queruntur
321 2909 417 2983 ipsum
440 2908 671 2968 communicandi
694 2911 779 2968 ritum
793 2910 847 2968 hac
869 2911 977 2969 ratione
998 2920 1040 2968 ter
1060 2921 1194 2983 quaterve
1209 2913 1240 2971 iu
1262 2930 1335 2971 anno

141 3018 251 3066 tanturn
266 3006 398 3064 servarit
438 3005 604 3065 Concilium
629 3008 830 3068 Tridentinum
855 3028 964 3067 morem
987 3008 1128 3068 Ecclesia
1147 3010 1290 3086 explicuit
1308 3020 1336 3069 ct

140 3102 314 3162 vindicavit:
339 3112 358 3139 ‘⁴
370 3102 489 3180 Optaret
504 3102 618 3176 quidem
634 3115 818 3162 sacrosancta
838 3104 979 3182 synodus,
994 3114 1026 3163 ut
1046 3105 1075 3163 in
1090 3105 1212 3182 singulis
1236 3107 1334 3166 Missis

139 3199 239 3260 fideles
254 3200 408 3269 adstantes,
423 3219 481 3259 non
496 3200 590 3260 solum
604 3201 746 3280 spirituali
767 3202 881 3270 affectu,
896 3201 948 3260 sed
969 3203 1166 3261 sacramentali
1180 3203 1268 3263 etiam
1288 3222 1334 3262 eu·

175 3439 218 3506 (1)
238 3446 253 3471 “
263 3439 285 3489 lt
302 3439 347 3490 has
359 3440 421 3490 been
433 3439 632 3503 scknowledged,
644 3438 697 3490 that
706 3439 747 3490 the
758 3439 816 3489 here
827 3439 950 3505 supposed
961 3455 1025 3489 error
1036 3439 1204 3502 concerning‘
1215 3440 1337 3501 sacritice‚’

140 3527 229 3586 ‘altam’
240 3527 288 3576 end
300 3526 401 3576 ‘Prieet'
413 3543 480 3576 arose
492 3536 517 3576 nt
528 3543 561 3576 nn
577 3526 645 3591 early
663 3526 786 3590 periodos
799 3525 840 3575 the
857 3526 951 3590 history
968 3527 996 3574 of
1009 3526 1051 3576 the
1064 3525 1192 3576 Christian
1209 3524 1337 3578 Ghurch·’'

140 3611 300 3662 Dissertatiou
313 3611 361 3661 viii.
373 3612 401 3661 of
412 3612 454 3661 the
466 3612 598 3663 Eucharist
607 3614 640 3678 by
653 3611 766 3661 Willinm
779 3611 873 3672 White,
884 3627 908 3676 p.
918 3613 978 3661 402.

178 3700 220 3764 (2)
241 3698 315 3762 Apol.
327 3698 342 3746 i.
355 3714 380 3747 n.
392 3701 436 3747 66.

177 3782 221 3847 (3)
240 3780 270 3831 L.
282 3782 312 3831 de
324 3782 406 3845 lapsis.

178 3868 221 3933 (t)
241 3865 271 3916 (l.
283 3868 367 3918 xxviii.

177 3954 220 4019 (b)
240 3952 269 4002 L.
282 3953 313 4002 iv.
325 3953 385 4004 lnst.
396 3970 417 4006 c.
429 3953 497 4004 xviii.
510 3958 533 4004 7.

177 4042 220 4108 (6)
239 4039 335 4104 “Dnily
348 4041 505 4092 communion
516 4057 568 4090 was
579 4041 713 4104 altogether
724 4039 847 4105 dropped,
864 4039 884 4088 it
895 4038 916 4088 is
933 4039 1032 4104 implied
1044 4039 1103 4104 only
1120 4039 1175 4090 that
1191 4039 1262 4091 there
1279 4050 1337 4109 may

141 4127 169 4181 be
180 4126 339 4180 communion
356 4144 389 4177 on
406 4128 464 4193 hely
476 4130 552 4194 days3
570 4128 617 4178 end
633 4128 687 4178 that
704 4128 731 4178 in
748 4127 879 4178 Cathedml
897 4126 945 4176 end
964 4126 1099 4189 collegiata
1116 4127 1255 4187 Churches‚
1272 4129 1338 4178 there

140 4215 229 4267 should
239 4215 269 4264 be
281 4211 376 4281 werhly
386 4215 559 4275 communium
575 4217 620 4265 but
631 4231 664 4264 on
675 4214 716 4263 the
733 4214 802 4263 other
818 4212 893 4269 hand,
904 4212 924 4261 it
940 4213 962 4262 ie
979 4212 1095 4277 provided
1112 4212 1166 4262 thet
1176 4213 1261 4263 ‘there
1278 4213 1339 4263 ebell

140 4303 171 4353 be
181 4318 216 4354 no
224 4299 369 4352 celebratiou
378 4299 407 4349 oi
413 4299 455 4349 the
462 4300 548 4351 Lord’s
557 4299 661 4366 supper,'
673 4308 718 4350 not
729 4316 755 4348 ns
768 4299 854 4355 before,
866 4298 964 4349 ‘unless
972 4297 1038 4348 there
1046 4299 1075 4346 he
1085 4296 1168 4357 semr,’
1181 4299 1227 4348 but
1238 4301 1339 4366 ‘compl

139 4387 207 4441 lbere
218 4386 245 4440 be
257 4404 274 4439 u
286 4387 353 4458 good
367 4385 475 4438 number
490 4395 516 4438 to
533 4387 711 4438 communicate
722 4387 783 4436 with
794 4388 836 4436 the
847 4384 944 4451 priest.”
962 4419 970 4435 .
986 4420 994 4436 .
1012 4420 1018 4435 .
1035 4419 1042 4433 .
1060 4390 1076 4416 ‘⁴
1090 4385 1130 4434 We
1147 4384 1211 4435 have
1229 4384 1340 4436 schowed

141 4475 273 4536 reformem,
285 4475 333 4524 end
343 4474 406 4525 heve
418 4473 523 4536 brought
533 4473 607 4523 down
618 4489 663 4523 our
680 4472 838 4522 celebratione
855 4473 884 4521 ol
897 4473 939 4522 the
956 4471 1116 4521 communion
1133 4469 1196 4521 from
1209 4472 1306 4536 weeltly
1316 4478 1340 4521 to

142 4559 262 4625 monthly,
273 4576 300 4610 or
312 4561 441 4625 quarterly,
452 4575 480 4609 or
487 4560 555 4611 three
566 4560 637 4610 times
648 4559 675 4609 in
685 4559 728 4609 the
738 4558 819 4624 year?
826 4602 829 4610 .
852 4557 963 4610 Relatioe
974 4557 1046 4608 solue
1062 4557 1095 4626 ef
1105 4556 1147 4610 tte
1168 4557 1339 4610 caramanico

90 4716 118 4762 ι
144 4643 224 4715 before
234 4643 288 4696 und
303 4643 369 4713 efter
380 4644 420 4697 tlte
437 4643 532 4714 clange
543 4642 575 4713 os
587 4642 627 4696 tlte
644 4642 769 4713 Litargy.
803 4645 886 4696 Tract.
898 4647 939 4704 81,
952 4660 977 4710 p.
989 4646 1028 4693 18.
