2774 5056
131 289 189 353 180
574 288 872 351 OBJECTIONES.

127 449 548 527 annunciantibuspredicatur.
587 448 753 508 Torcularis
763 467 877 524 quoque
888 448 1043 509 calcatiost
1054 466 1190 526 pressura
1200 458 1317 510 taxatur

127 551 194 626 quia
207 548 350 624 quomodo
364 547 399 606 ad
414 546 568 625 potandum
581 548 678 605 vinum
694 547 785 607 veniri
805 566 863 606 non
884 556 978 624 potest
1004 547 1059 605 nisi
1084 547 1181 606 botms
1196 548 1326 607 calcetur

126 659 190 708 autc
204 660 233 707 et
245 658 397 724 prematur,
411 645 453 702 sic
467 662 526 702 unc
540 661 595 701 nos
608 662 782 703 sauuuruerr
801 643 931 705 Cssrsrr
951 662 1098 704 rossanus
1120 663 1241 713 sinsus,
1263 646 1325 705 nisi

127 746 259 807 Christus
284 743 406 802 calcatus
422 742 499 818 prius
514 741 615 799 suisset
634 751 663 799 et
685 759 813 819 pressus,
828 752 858 800 st
877 742 997 801 calicem
1018 743 1096 820 prior
1109 743 1219 801 biberet
1232 760 1325 816 quem

126 844 303 904 credentibus
319 839 512 919 propinaret.”
553 839 658 913 Liquet
671 841 759 918 igitur
772 840 954 919 cyprianum
974 842 1126 919 agnovisse
1146 842 1323 919 sanguinem

127 943 234 1003 Christi
249 941 336 999 calice
347 939 496 1005 contineri,
506 948 536 996 et
548 958 565 996 a
578 938 710 997 fidelibus
724 939 835 1015 potari:
852 958 906 998 nec
918 940 986 1013 quid
999 939 1168 999 clarissimis
1180 939 1227 999 his
1238 939 1327 1001 dietis

126 1039 244 1107 detrahi,
259 1056 296 1096 ex
310 1056 345 1095 eo
359 1035 434 1109 quod
450 1036 600 1112 mysticam
615 1035 852 1113 significationem
875 1054 955 1109 aque
970 1055 1036 1095 cum
1051 1037 1118 1095 vino
1132 1036 1325 1097 admixtionis

124 1152 231 1218 urgeat.
273 1136 405 1197 Profecti
418 1137 549 1210 quamvis
563 1154 667 1209 aquam
679 1135 854 1194 miscendam
868 1135 980 1203 doceat,
995 1135 1059 1194 solo
1075 1137 1143 1193 rino
1154 1146 1327 1197 consecratu

124 1238 291 1315 sanguinem
306 1235 405 1294 adesse
420 1233 557 1294 affirmat:
580 1233 691 1291 “Nam
706 1234 731 1290 si
746 1233 842 1292 vinum
859 1245 966 1291 tantum
981 1233 1047 1306 quis
1066 1231 1177 1298 offerat,
1200 1235 1324 1312 sanguis

125 1337 235 1396 Christi
249 1334 349 1410 incipit
369 1351 433 1391 esse
452 1333 515 1390 siue
536 1330 651 1390 nobis.”
694 1331 803 1390 Eorum
824 1330 969 1388 fastidium
990 1330 1105 1390 damnat
1125 1331 1176 1405 qui
1197 1349 1326 1391 esacra-

124 1443 222 1495 mento
235 1429 418 1506 suscipiendo
432 1428 637 1495 abstinebantu,
651 1445 686 1485 ne
702 1446 752 1504 per
762 1445 894 1503 saporem
905 1427 963 1485 vini
974 1425 1134 1485 redolerent
1148 1428 1324 1504 sangninem

125 1531 245 1590 Christi.
266 1528 347 1586 “Sic
360 1525 461 1603 ergo,”
477 1525 577 1597 inquit,
593 1534 614 1561 “
624 1525 724 1600 incipit
734 1534 763 1581 et
776 1544 791 1581 a
806 1524 938 1600 passione
948 1523 1058 1581 Christi
1071 1525 1102 1582 in
1116 1524 1326 1600 persecutioni·

124 1628 178 1685 bus
193 1624 348 1682 fraternitas
373 1620 515 1687 retardari,
530 1620 598 1678 dum
624 1620 652 1677 in
674 1619 863 1677 oblationibus
885 1619 970 1677 discit
989 1618 1025 1677 de
1049 1620 1190 1696 sangnine
1212 1620 1278 1697 ejus
1293 1632 1325 1679 et

125 1741 225 1783 cruore
238 1719 374 1779 confundi
396 1761 403 1778 .
427 1760 435 1777 .
458 1759 466 1776 .
489 1761 496 1776 .
519 1717 672 1785 Quomodo
686 1727 781 1776 autem
795 1735 950 1794 possumus
965 1717 1241 1794 propterClrristum
1258 1737 1328 1778 san·

125 1820 240 1899 guinem
255 1815 383 1881 fundere,
399 1815 447 1889 qui
462 1815 630 1891 sanguinem
646 1812 755 1871 Christi
766 1813 961 1872 erubescimus
975 1813 1072 1871 bibere
1084 1812 1115 1871 !'’
1158 1814 1204 1872 De
1225 1825 1325 1873 mente

125 1915 266 1994 Cypriani
281 1913 375 1971 nullus
389 1923 434 1970 cst
446 1909 589 1968 dubitandi
605 1910 695 1969 locus.
737 1908 900 1968 Porrohaec
921 1928 1048 1968 consona
1069 1919 1136 1967 sunt
1158 1909 1324 1971 Catholicae

35 2080 39 2089 Ι
125 2012 202 2079 fidei,
218 2023 246 2069 et
260 2010 332 2068 mori
346 2027 462 2085 semper
476 2008 504 2065 in
528 2007 669 2065 sacriticio
689 2005 860 2064 celebrando
884 2016 1004 2064 servato.
1048 2005 1178 2064 Habetur
1198 2008 1328 2084 mystica

126 2109 296 2188 significatio
311 2106 491 2183 populicum
506 2103 625 2162 Christo
639 2103 862 2181 conjunctionis,
877 2122 957 2176 aquae
972 2121 1037 2161 cum
1053 2103 1119 2162 vino
1133 2102 1324 2172 admixtione,
1380 2182 1382 2187 Ι

125 2217 155 2266 st
167 2215 420 2283 temperamentum
435 2201 543 2268 calicis,
558 2201 659 2258 mixtio
672 2199 731 2267 illa,
743 2200 775 2258 fit
789 2200 899 2257 Christi
910 2199 1038 2276 sanguis,
1053 2210 1144 2258 totum
1158 2201 1238 2259 enim
1253 2220 1325 2261 cou-

125 2303 241 2362 vertitur
251 2301 334 2378 juxta
348 2299 438 2375 ipsius
453 2296 617 2373 exemplum
632 2306 662 2354 et
671 2296 767 2354 rerba.
1331 2350 1345 2371 ¹

167 2403 234 2459 143.
259 2394 324 2475 Obj.
343 2400 388 2454 1⁰.
411 2395 442 2454 S.
465 2393 717 2472 augustinusait:
740 2402 760 2429 ‘⁸
776 2392 857 2450 Sicut
879 2409 949 2468 ergo
975 2389 1133 2450 secundum
1161 2393 1322 2466 quemdam

125 2496 241 2555 modum
267 2503 475 2552 sacramentum
495 2491 623 2567 corporis
645 2490 757 2548 Christi
777 2508 881 2567 corpus
903 2488 1013 2547 Christi
1033 2499 1086 2555 est,
1103 2490 1323 2551 Sacramentum

125 2596 272 2672 sanguinis
289 2593 397 2649 Christi
413 2591 528 2666 sanguis
551 2589 660 2646 Christi
680 2600 733 2654 est,
751 2590 788 2645 ita
809 2588 1025 2644 Sacramentum
1045 2586 1112 2645 fidei
1137 2588 1210 2646 fides
1233 2591 1325 2648 est.''¹

126 2693 205 2752 Alias
228 2691 316 2748 dicit:
340 2699 358 2725 ‘¹
371 2687 443 2745 Haec
464 2687 540 2743 enim
563 2687 745 2742 Sacramenta
766 2695 841 2751 sunt,
856 2685 885 2742 in
901 2685 1014 2756 quibus,
1030 2703 1088 2743 non
1103 2685 1171 2758 quid
1187 2688 1255 2754 sint,
1271 2688 1325 2748 sed

126 2790 195 2864 quid
209 2787 358 2847 ostendant
380 2803 494 2859 semper
508 2782 677 2840 attenditur:
702 2784 837 2855 quoniam
852 2783 934 2859 signa
947 2795 1014 2840 sunt
1033 2801 1126 2841 rerum
1154 2784 1229 2843 aliud
1244 2789 1324 2845 exis·

127 2888 223 2954 tentia,
240 2896 269 2943 et
283 2883 358 2941 aliud
373 2879 610 2957 significantia.'’⁸

168 2983 253 3060 Hesp.
275 2982 307 3039 S.
323 2979 490 3038 Anselmus³
509 2987 538 3035 et
558 2977 756 3036 Lantfrancus⁴
777 2978 969 3035 testimonium
998 2978 1076 3053 prius
1099 2998 1115 3036 a
1141 2979 1318 3057 Berengario

126 3083 268 3159 objectum
294 3077 437 3153 explicant
457 3074 492 3132 de
514 3074 599 3133 modo
626 3074 793 3151 praesentiae,
809 3074 918 3132 scilicet
941 3074 1017 3146 quod
1039 3094 1143 3151 corpus
1158 3088 1188 3134 et
1201 3081 1322 3155 sanguis

39 3172 50 3193 ‘
125 3198 182 3238 non
192 3177 285 3235 adsint
299 3193 355 3247 quo
367 3171 452 3230 modo
464 3173 493 3229 in
502 3190 586 3229 cruce
596 3171 719 3229 aderant.
763 3173 889 3230 Possunt
903 3172 988 3230 etiam
1000 3173 1084 3230 verba
1095 3172 1143 3230 illa
1155 3173 1188 3231 ad
1206 3177 1324 3251 species

125 3272 342 3335 sacramentales
367 3268 474 3328 referri.
516 3267 660 3325 Caeterum
687 3279 797 3325 constat
824 3268 1015 3343 Augustinum
1045 3268 1196 3344 agnovisse
1224 3271 1324 3345 ipsum

125 3392 228 3450 corpus
243 3385 270 3428 et
283 3368 449 3444 sanguinem
466 3365 573 3422 Christi
590 3384 655 3421 vere
665 3365 775 3432 adesse,
792 3377 819 3421 et
831 3383 879 3422 ore
895 3364 1013 3439 percipi.
1055 3365 1105 3421 Sic
1120 3378 1202 3423 vocat
1216 3368 1324 3426 eucha-

124 3471 233 3529 ristiam
249 3467 497 3523 “Sacramentum
517 3461 591 3536 spei',
613 3479 670 3532 quo
692 3461 721 3518 in
742 3461 797 3518 hoc
819 3473 945 3536 tempore
973 3462 1151 3519 consociatur
1173 3463 1320 3533 Ecclesia,

126 3565 260 3640 quamdiu
276 3556 379 3621 unitur
390 3560 466 3633 quod
481 3558 515 3616 de
528 3557 636 3615 Christi
648 3558 733 3615 latere
747 3557 976 3615 manavit.''⁵-“
989 3558 1083 3615 Habet
1097 3559 1173 3616 enim
1185 3579 1323 3636 magnam

126 3682 225 3722 vocem
255 3660 363 3717 Christi
391 3658 507 3734 sanguis
531 3657 561 3714 in
586 3667 677 3724 terra;
699 3675 763 3714 cum
779 3674 814 3713 eo
836 3668 964 3733 accepto,
986 3657 1020 3713 ab
1035 3656 1168 3714 omnibus
1183 3661 1321 3734 gentibus

126 3756 322 3835 respondetur,
348 3755 450 3811 Amen.
493 3752 565 3809 Haec
591 3764 636 3809 est
658 3751 732 3809 clara
756 3770 812 3809 vox
834 3753 991 3828 sanguinis,
1007 3771 1092 3826 quam
1107 3755 1226 3830 sanguis
1257 3758 1323 3833 ipse

127 3855 262 3931 exprimit
275 3872 310 3909 ex
326 3870 374 3909 ore
388 3849 512 3907 fidelium
528 3847 629 3905 eodem
652 3851 789 3925 sanguiue
804 3849 1059 3924 redemptorum.”⁰
1099 3850 1227 3910 Alterum
1243 3854 1323 3925 quod

128 3952 226 4030 objicit
254 3950 378 4008 Cosinus
394 3946 598 4012 testimonium,
621 3965 678 4004 non
706 3947 822 4023 respicit
849 3947 1058 4016 eucharistiam,
1074 3947 1119 4005 vel
1144 3950 1200 4007 alia
1221 3950 1323 4010 Sacra·

425 4159 467 4224 (1)
486 4158 534 4222 Ep.
544 4155 625 4207 xcviii.
636 4155 696 4205 elias
706 4156 775 4206 xxiii.
787 4155 818 4205 ad
826 4156 987 4208 Bonisacium.

425 4244 464 4308 (2)
483 4244 577 4293 Contra
584 4241 714 4292 Maximiu.
725 4241 810 4291 anan.
821 4242 837 4292 l.
846 4242 871 4292 ii.
882 4259 903 4293 c.
915 4243 975 4294 xxii
984 4260 1010 4293 n.
1022 4247 1046 4292 3.

423 4331 463 4394 (3)
482 4328 513 4378 L.
523 4329 554 4378 de
565 4328 631 4378 Secr.
643 4327 723 4378 altaris
734 4344 755 4377 o.
766 4324 801 4379 xi.

425 4416 453 4480 (4
486 4415 516 4466 L.
526 4415 556 4465 dc
567 4431 665 4481 corpore
676 4423 701 4466 et
711 4416 830 4479 sanguine
841 4415 942 4468 Domini
953 4435 973 4468 c.
982 4417 1031 4468 xiv.

427 4417 468 4568 (5))
488 4502 517 4551 L.
528 4503 570 4552 xii.
582 4511 666 4552 contra
677 4502 796 4555 Faustum
808 4520 828 4554 c.
838 4521 880 4554 xx.

426 4590 465 4652 (6)
486 4586 579 4636 lbidem
590 4603 610 4636 c.
622 4602 646 4635 x.
