<?xml version="1.0" encoding="UTF-8"?>
<!DOCTYPE html PUBLIC "-//W3C//DTD XHTML 1.0 Transitional//EN"
    "http://www.w3.org/TR/xhtml1/DTD/xhtml1-transitional.dtd">
<html xmlns="http://www.w3.org/1999/xhtml" xml:lang="en" lang="en">
 <head>
  <title>
</title>
<meta http-equiv="Content-Type" content="text/html;charset=utf-8" />
  <meta name='ocr-system' content='tesseract 3.04.00' />
  <meta name='ocr-capabilities' content='ocr_page ocr_carea ocr_par ocr_line ocrx_word'/>
</head>
<body>
  <div class='ocr_page' id='page_1' title='image "./theologidogmati03kenrgoog_0126.png"; bbox 0 0 2774 5056; ppageno 0'>
   <div class='ocr_carea' id='block_1_1' title="bbox 433 314 1262 379">
    <p class='ocr_par' dir='ltr' id='par_1_1' title="bbox 433 314 1262 379">
     <span class='ocr_line' id='line_1_1' title="bbox 433 314 1262 379; baseline -0.01 -2"><span class='ocrx_word' id='word_1_1' title='bbox 433 317 490 377; x_wconf 86' lang='lat' dir='ltr'>DE</span> <span class='ocrx_word' id='word_1_2' title='bbox 512 316 567 377; x_wconf 84' lang='lat' dir='ltr'>RE</span> <span class='ocrx_word' id='word_1_3' title='bbox 590 317 900 379; x_wconf 80' lang='lat' dir='ltr'>EUCHARISTIAE.</span> <span class='ocrx_word' id='word_1_4' title='bbox 1204 314 1262 371; x_wconf 78' lang='lat' dir='ltr'>tto</span> 
     </span>
    </p>
   </div>
   <div class='ocr_carea' id='block_1_2' title="bbox 90 473 1299 4254">
    <p class='ocr_par' dir='ltr' id='par_1_2' title="bbox 92 473 1264 1045">
     <span class='ocr_line' id='line_1_2' title="bbox 92 473 1260 557; baseline 0.006 -29"><span class='ocrx_word' id='word_1_5' title='bbox 92 481 127 529; x_wconf 89' lang='lat' dir='ltr'>est</span> <span class='ocrx_word' id='word_1_6' title='bbox 146 473 175 531; x_wconf 92' lang='lat' dir='ltr'>de</span> <span class='ocrx_word' id='word_1_7' title='bbox 199 475 331 553; x_wconf 82' lang='lat' dir='ltr'>Virgine,</span> <span class='ocrx_word' id='word_1_8' title='bbox 353 485 381 534; x_wconf 92' lang='lat' dir='ltr'>et</span> <span class='ocrx_word' id='word_1_9' title='bbox 404 475 481 550; x_wconf 92' lang='lat' dir='ltr'>quod</span> <span class='ocrx_word' id='word_1_10' title='bbox 504 495 556 554; x_wconf 91' lang='lat' dir='ltr'>pro</span> <span class='ocrx_word' id='word_1_11' title='bbox 580 477 669 536; x_wconf 89' lang='lat' dir='ltr'>salute</span> <span class='ocrx_word' id='word_1_12' title='bbox 689 477 789 537; x_wconf 90' lang='lat' dir='ltr'>mundi</span> <span class='ocrx_word' id='word_1_13' title='bbox 811 478 936 538; x_wconf 89' lang='lat' dir='ltr'>oblatum</span> <span class='ocrx_word' id='word_1_14' title='bbox 955 479 987 538; x_wconf 93' lang='lat' dir='ltr'>in</span> <span class='ocrx_word' id='word_1_15' title='bbox 1006 497 1090 538; x_wconf 89' lang='lat' dir='ltr'>eruce</span> <span class='ocrx_word' id='word_1_16' title='bbox 1114 477 1260 557; x_wconf 76' lang='lat' dir='ltr'>pependit,</span> 
     </span>
     <span class='ocr_line' id='line_1_3' title="bbox 94 572 1262 653; baseline 0.005 -28"><span class='ocrx_word' id='word_1_17' title='bbox 94 572 191 643; x_wconf 90' lang='lat' dir='ltr'>etqucd</span> <span class='ocrx_word' id='word_1_18' title='bbox 210 572 293 632; x_wconf 89' lang='lat' dir='ltr'>sedet</span> <span class='ocrx_word' id='word_1_19' title='bbox 313 573 348 632; x_wconf 91' lang='lat' dir='ltr'>ad</span> <span class='ocrx_word' id='word_1_20' title='bbox 368 573 514 632; x_wconf 85' lang='lat' dir='ltr'>dexteram</span> <span class='ocrx_word' id='word_1_21' title='bbox 536 574 648 633; x_wconf 82' lang='lat' dir='ltr'>Patris:</span> <span class='ocrx_word' id='word_1_22' title='bbox 670 585 699 633; x_wconf 92' lang='lat' dir='ltr'>et</span> <span class='ocrx_word' id='word_1_23' title='bbox 711 594 811 635; x_wconf 90' lang='lat' dir='ltr'>verum</span> <span class='ocrx_word' id='word_1_24' title='bbox 833 575 1001 653; x_wconf 86' lang='lat' dir='ltr'>sanguinem</span> <span class='ocrx_word' id='word_1_25' title='bbox 1023 575 1141 644; x_wconf 88' lang='lat' dir='ltr'>Christi,</span> <span class='ocrx_word' id='word_1_26' title='bbox 1156 575 1207 649; x_wconf 92' lang='lat' dir='ltr'>qui</span> <span class='ocrx_word' id='word_1_27' title='bbox 1226 573 1262 631; x_wconf 92' lang='lat' dir='ltr'>de</span> 
     </span>
     <span class='ocr_line' id='line_1_4' title="bbox 93 666 1264 750; baseline 0.006 -28"><span class='ocrx_word' id='word_1_28' title='bbox 93 666 160 726; x_wconf 87' lang='lat' dir='ltr'>latere</span> <span class='ocrx_word' id='word_1_29' title='bbox 172 670 230 747; x_wconf 78' lang='lat' dir='ltr'>eJ&#39;us</span> <span class='ocrx_word' id='word_1_30' title='bbox 245 671 355 729; x_wconf 85' lang='lat' dir='ltr'>effusus</span> <span class='ocrx_word' id='word_1_31' title='bbox 369 680 423 739; x_wconf 90' lang='lat' dir='ltr'>est,</span> <span class='ocrx_word' id='word_1_32' title='bbox 438 689 497 730; x_wconf 90' lang='lat' dir='ltr'>non</span> <span class='ocrx_word' id='word_1_33' title='bbox 511 680 619 732; x_wconf 68' lang='lat' dir='ltr'>nutum</span> <span class='ocrx_word' id='word_1_34' title='bbox 634 691 686 749; x_wconf 91' lang='lat' dir='ltr'>per</span> <span class='ocrx_word' id='word_1_35' title='bbox 698 673 814 750; x_wconf 88' lang='lat' dir='ltr'>signum</span> <span class='ocrx_word' id='word_1_36' title='bbox 824 683 854 732; x_wconf 89' lang='lat' dir='ltr'>et</span> <span class='ocrx_word' id='word_1_37' title='bbox 866 674 997 732; x_wconf 88' lang='lat' dir='ltr'>virtutem</span> <span class='ocrx_word' id='word_1_38' title='bbox 1011 673 1196 740; x_wconf 75' lang='lat' dir='ltr'><strong>sacramenti,</strong></span> <span class='ocrx_word' id='word_1_39' title='bbox 1212 669 1264 730; x_wconf 85' lang='lat' dir='ltr'>sed</span> 
     </span>
     <span class='ocr_line' id='line_1_5' title="bbox 95 762 1264 843; baseline 0.002 -20"><span class='ocrx_word' id='word_1_40' title='bbox 95 762 119 818; x_wconf 87' lang='lat' dir='ltr'>iu</span> <span class='ocrx_word' id='word_1_41' title='bbox 129 767 285 843; x_wconf 81' lang='lat' dir='ltr'><strong>proprietate</strong></span> <span class='ocrx_word' id='word_1_42' title='bbox 300 770 417 836; x_wconf 78' lang='lat' dir='ltr'>nature,</span> <span class='ocrx_word' id='word_1_43' title='bbox 432 775 462 824; x_wconf 90' lang='lat' dir='ltr'>et</span> <span class='ocrx_word' id='word_1_44' title='bbox 475 769 592 827; x_wconf 85' lang='lat' dir='ltr'>veritate</span> <span class='ocrx_word' id='word_1_45' title='bbox 605 769 779 828; x_wconf 79' lang='lat' dir='ltr'>substantia.</span> <span class='ocrx_word' id='word_1_46' title='bbox 822 769 905 828; x_wconf 83' lang='lat' dir='ltr'>Sicut</span> <span class='ocrx_word' id='word_1_47' title='bbox 917 770 948 828; x_wconf 92' lang='lat' dir='ltr'>in</span> <span class='ocrx_word' id='word_1_48' title='bbox 968 769 1024 829; x_wconf 86' lang='lat' dir='ltr'>hoc</span> <span class='ocrx_word' id='word_1_49' title='bbox 1037 770 1123 829; x_wconf 82' lang='lat' dir='ltr'>Brevi</span> <span class='ocrx_word' id='word_1_50' title='bbox 1137 769 1264 828; x_wconf 89' lang='lat' dir='ltr'>contine·</span> 
     </span>
     <span class='ocr_line' id='line_1_6' title="bbox 96 866 1263 945; baseline 0.005 -28"><span class='ocrx_word' id='word_1_51' title='bbox 96 871 137 930; x_wconf 92' lang='lat' dir='ltr'>tur,</span> <span class='ocrx_word' id='word_1_52' title='bbox 152 874 177 923; x_wconf 93' lang='lat' dir='ltr'>et</span> <span class='ocrx_word' id='word_1_53' title='bbox 188 885 242 944; x_wconf 88' lang='lat' dir='ltr'>ego</span> <span class='ocrx_word' id='word_1_54' title='bbox 255 866 324 944; x_wconf 85' lang='lat' dir='ltr'>legi,</span> <span class='ocrx_word' id='word_1_55' title='bbox 339 878 368 926; x_wconf 89' lang='lat' dir='ltr'>et</span> <span class='ocrx_word' id='word_1_56' title='bbox 387 887 438 927; x_wconf 92' lang='lat' dir='ltr'>vos</span> <span class='ocrx_word' id='word_1_57' title='bbox 449 867 617 945; x_wconf 79' lang='lat' dir='ltr'>intelligitis,</span> <span class='ocrx_word' id='word_1_58' title='bbox 629 869 671 927; x_wconf 90' lang='lat' dir='ltr'>sic</span> <span class='ocrx_word' id='word_1_59' title='bbox 682 867 777 935; x_wconf 86' lang='lat' dir='ltr'>credo,</span> <span class='ocrx_word' id='word_1_60' title='bbox 792 886 846 927; x_wconf 88' lang='lat' dir='ltr'>nec</span> <span class='ocrx_word' id='word_1_61' title='bbox 857 876 955 928; x_wconf 87' lang='lat' dir='ltr'>contra</span> <span class='ocrx_word' id='word_1_62' title='bbox 965 867 1038 927; x_wconf 92' lang='lat' dir='ltr'>hanc</span> <span class='ocrx_word' id='word_1_63' title='bbox 1048 867 1135 927; x_wconf 89' lang='lat' dir='ltr'>fidem</span> <span class='ocrx_word' id='word_1_64' title='bbox 1146 866 1263 925; x_wconf 89' lang='lat' dir='ltr'>ulterius</span> 
     </span>
     <span class='ocr_line' id='line_1_7' title="bbox 95 958 1095 1045; baseline 0.009 -29"><span class='ocrx_word' id='word_1_65' title='bbox 95 958 189 1021; x_wconf 84' lang='lat' dir='ltr'>docebo.</span> <span class='ocrx_word' id='word_1_66' title='bbox 231 966 282 1023; x_wconf 85' lang='lat' dir='ltr'>Sic</span> <span class='ocrx_word' id='word_1_67' title='bbox 296 984 344 1023; x_wconf 89' lang='lat' dir='ltr'>me</span> <span class='ocrx_word' id='word_1_68' title='bbox 357 965 439 1024; x_wconf 90' lang='lat' dir='ltr'>Deus</span> <span class='ocrx_word' id='word_1_69' title='bbox 454 966 577 1045; x_wconf 89' lang='lat' dir='ltr'>adjuvet,</span> <span class='ocrx_word' id='word_1_70' title='bbox 592 976 621 1024; x_wconf 92' lang='lat' dir='ltr'>et</span> <span class='ocrx_word' id='word_1_71' title='bbox 634 965 696 1024; x_wconf 77' lang='lat' dir='ltr'>hec</span> <span class='ocrx_word' id='word_1_72' title='bbox 710 976 807 1024; x_wconf 86' lang='lat' dir='ltr'>sancta</span> <span class='ocrx_word' id='word_1_73' title='bbox 822 966 877 1024; x_wconf 86' lang='lat' dir='ltr'>Dei</span> <span class='ocrx_word' id='word_1_74' title='bbox 891 965 1095 1044; x_wconf 80' lang='lat' dir='ltr'>Evangelia.&#39;’¹</span> 
     </span>
    </p>

    <p class='ocr_par' dir='ltr' id='par_1_3' title="bbox 91 1061 1299 1719">
     <span class='ocr_line' id='line_1_8' title="bbox 127 1061 1265 1140; baseline 0.004 -26"><span class='ocrx_word' id='word_1_75' title='bbox 127 1061 163 1120; x_wconf 79' lang='lat'>15.</span> <span class='ocrx_word' id='word_1_76' title='bbox 182 1061 475 1122; x_wconf 73' lang='lat' dir='ltr'>Seculoduodecimo</span> <span class='ocrx_word' id='word_1_77' title='bbox 487 1064 589 1121; x_wconf 86' lang='lat' dir='ltr'>Petrus</span> <span class='ocrx_word' id='word_1_78' title='bbox 600 1062 637 1120; x_wconf 92' lang='lat' dir='ltr'>de</span> <span class='ocrx_word' id='word_1_79' title='bbox 647 1063 733 1122; x_wconf 91' lang='lat' dir='ltr'>Bruis</span> <span class='ocrx_word' id='word_1_80' title='bbox 744 1063 858 1140; x_wconf 84' lang='lat' dir='ltr'>negavit</span> <span class='ocrx_word' id='word_1_81' title='bbox 869 1081 1042 1136; x_wconf 83' lang='lat' dir='ltr'>quemquam</span> <span class='ocrx_word' id='word_1_82' title='bbox 1052 1063 1113 1140; x_wconf 88' lang='lat' dir='ltr'>jam</span> <span class='ocrx_word' id='word_1_83' title='bbox 1124 1079 1187 1120; x_wconf 92' lang='lat' dir='ltr'>eam</span> <span class='ocrx_word' id='word_1_84' title='bbox 1198 1079 1265 1120; x_wconf 86' lang='lat' dir='ltr'>con·</span> 
     </span>
     <span class='ocr_line' id='line_1_9' title="bbox 95 1157 1265 1238; baseline 0.003 -27"><span class='ocrx_word' id='word_1_85' title='bbox 95 1157 233 1217; x_wconf 73' lang='lat' dir='ltr'>versionem</span> <span class='ocrx_word' id='word_1_86' title='bbox 248 1159 331 1236; x_wconf 89' lang='lat' dir='ltr'>panis</span> <span class='ocrx_word' id='word_1_87' title='bbox 343 1161 439 1219; x_wconf 89' lang='lat' dir='ltr'>etvini</span> <span class='ocrx_word' id='word_1_88' title='bbox 448 1162 478 1219; x_wconf 93' lang='lat' dir='ltr'>in</span> <span class='ocrx_word' id='word_1_89' title='bbox 490 1178 593 1237; x_wconf 89' lang='lat' dir='ltr'>corpus</span> <span class='ocrx_word' id='word_1_90' title='bbox 605 1170 634 1218; x_wconf 91' lang='lat' dir='ltr'>et</span> <span class='ocrx_word' id='word_1_91' title='bbox 644 1160 811 1238; x_wconf 86' lang='lat' dir='ltr'>sauguinem</span> <span class='ocrx_word' id='word_1_92' title='bbox 825 1159 933 1218; x_wconf 82' lang='lat' dir='ltr'>Christi</span> <span class='ocrx_word' id='word_1_93' title='bbox 943 1159 1056 1218; x_wconf 86' lang='lat' dir='ltr'>efficere</span> <span class='ocrx_word' id='word_1_94' title='bbox 1068 1158 1169 1224; x_wconf 90' lang='lat' dir='ltr'>valere,</span> <span class='ocrx_word' id='word_1_95' title='bbox 1179 1176 1265 1231; x_wconf 89' lang='lat' dir='ltr'>quam</span> 
     </span>
     <span class='ocr_line' id='line_1_10' title="bbox 94 1253 1265 1336; baseline 0.005 -28"><span class='ocrx_word' id='word_1_96' title='bbox 94 1253 142 1328; x_wconf 90' lang='lat' dir='ltr'>ipse</span> <span class='ocrx_word' id='word_1_97' title='bbox 154 1255 284 1315; x_wconf 86' lang='lat' dir='ltr'>Christus</span> <span class='ocrx_word' id='word_1_98' title='bbox 298 1259 330 1316; x_wconf 95' lang='lat' dir='ltr'>in</span> <span class='ocrx_word' id='word_1_99' title='bbox 344 1277 425 1317; x_wconf 75' lang='lat' dir='ltr'>crena</span> <span class='ocrx_word' id='word_1_100' title='bbox 439 1258 559 1316; x_wconf 67' lang='lat' dir='ltr'>effecit.²</span> <span class='ocrx_word' id='word_1_101' title='bbox 579 1258 749 1336; x_wconf 84' lang='lat' dir='ltr'>Albigenses</span> <span class='ocrx_word' id='word_1_102' title='bbox 762 1259 892 1332; x_wconf 78' lang='lat' dir='ltr'>sequenti</span> <span class='ocrx_word' id='word_1_103' title='bbox 907 1258 1022 1325; x_wconf 81' lang='lat' dir='ltr'>saeculo,</span> <span class='ocrx_word' id='word_1_104' title='bbox 1039 1257 1265 1315; x_wconf 82' lang='lat' dir='ltr'>Manichaeorum</span> 
     </span>
     <span class='ocr_line' id='line_1_11' title="bbox 93 1353 1268 1434; baseline 0.003 -28"><span class='ocrx_word' id='word_1_105' title='bbox 93 1369 183 1411; x_wconf 87' lang='lat' dir='ltr'>errores</span> <span class='ocrx_word' id='word_1_106' title='bbox 202 1366 383 1424; x_wconf 88' lang='lat' dir='ltr'>renovantes,</span> <span class='ocrx_word' id='word_1_107' title='bbox 403 1357 618 1415; x_wconf 84' lang='lat' dir='ltr'>Sacramentum</span> <span class='ocrx_word' id='word_1_108' title='bbox 636 1356 826 1415; x_wconf 79' lang='lat' dir='ltr'>Eucharistiae</span> <span class='ocrx_word' id='word_1_109' title='bbox 845 1356 1028 1434; x_wconf 83' lang='lat' dir='ltr'>denegarunt.</span> <span class='ocrx_word' id='word_1_110' title='bbox 1059 1353 1201 1413; x_wconf 87' lang='lat' dir='ltr'>Wichleff</span> <span class='ocrx_word' id='word_1_111' title='bbox 1216 1372 1268 1411; x_wconf 82' lang='lat' dir='ltr'>sae·</span> 
     </span>
     <span class='ocr_line' id='line_1_12' title="bbox 92 1448 1299 1529; baseline 0.001 -23"><span class='ocrx_word' id='word_1_112' title='bbox 92 1448 143 1507; x_wconf 88' lang='lat' dir='ltr'>culo</span> <span class='ocrx_word' id='word_1_113' title='bbox 154 1449 264 1509; x_wconf 91' lang='lat' dir='ltr'>decimo</span> <span class='ocrx_word' id='word_1_114' title='bbox 280 1463 381 1525; x_wconf 90' lang='lat' dir='ltr'>quarto</span> <span class='ocrx_word' id='word_1_115' title='bbox 395 1470 499 1528; x_wconf 85' lang='lat' dir='ltr'>panem</span> <span class='ocrx_word' id='word_1_116' title='bbox 514 1466 544 1510; x_wconf 90' lang='lat' dir='ltr'>et</span> <span class='ocrx_word' id='word_1_117' title='bbox 563 1452 662 1511; x_wconf 81' lang='lat' dir='ltr'>vinum</span> <span class='ocrx_word' id='word_1_118' title='bbox 680 1451 709 1510; x_wconf 91' lang='lat' dir='ltr'>in</span> <span class='ocrx_word' id='word_1_119' title='bbox 725 1451 835 1510; x_wconf 89' lang='lat' dir='ltr'>Christi</span> <span class='ocrx_word' id='word_1_120' title='bbox 850 1470 954 1528; x_wconf 89' lang='lat' dir='ltr'>corpus</span> <span class='ocrx_word' id='word_1_121' title='bbox 968 1463 996 1509; x_wconf 91' lang='lat' dir='ltr'>et</span> <span class='ocrx_word' id='word_1_122' title='bbox 1018 1450 1186 1529; x_wconf 84' lang='lat' dir='ltr'>sanguinem</span> <span class='ocrx_word' id='word_1_123' title='bbox 1201 1468 1268 1507; x_wconf 92' lang='lat' dir='ltr'>con·</span> <span class='ocrx_word' id='word_1_124' title='bbox 1296 1456 1299 1463; x_wconf 82' lang='grc'><strong>’</strong></span> 
     </span>
     <span class='ocr_line' id='line_1_13' title="bbox 91 1543 1270 1620; baseline 0.001 -18"><span class='ocrx_word' id='word_1_125' title='bbox 91 1546 147 1603; x_wconf 87' lang='lat' dir='ltr'>verti</span> <span class='ocrx_word' id='word_1_126' title='bbox 164 1547 307 1605; x_wconf 85' lang='lat' dir='ltr'>inficiatus</span> <span class='ocrx_word' id='word_1_127' title='bbox 322 1557 383 1616; x_wconf 85' lang='lat' dir='ltr'>est;</span> <span class='ocrx_word' id='word_1_128' title='bbox 406 1565 492 1620; x_wconf 89' lang='lat' dir='ltr'>quem</span> <span class='ocrx_word' id='word_1_129' title='bbox 507 1557 602 1606; x_wconf 86' lang='lat' dir='ltr'>tamen</span> <span class='ocrx_word' id='word_1_130' title='bbox 624 1546 706 1606; x_wconf 89' lang='lat' dir='ltr'>lluss</span> <span class='ocrx_word' id='word_1_131' title='bbox 728 1567 786 1607; x_wconf 88' lang='lat' dir='ltr'>non</span> <span class='ocrx_word' id='word_1_132' title='bbox 799 1562 843 1607; x_wconf 89' lang='lat' dir='ltr'>est</span> <span class='ocrx_word' id='word_1_133' title='bbox 862 1548 916 1606; x_wconf 89' lang='lat' dir='ltr'>hac</span> <span class='ocrx_word' id='word_1_134' title='bbox 935 1549 1009 1607; x_wconf 91' lang='lat' dir='ltr'>inre</span> <span class='ocrx_word' id='word_1_135' title='bbox 1029 1548 1164 1613; x_wconf 87' lang='lat' dir='ltr'>imitatus,</span> <span class='ocrx_word' id='word_1_136' title='bbox 1179 1543 1270 1604; x_wconf 89' lang='lat' dir='ltr'>semel</span> 
     </span>
     <span class='ocr_line' id='line_1_14' title="bbox 91 1637 1287 1719; baseline 0.013 -23"><span class='ocrx_word' id='word_1_137' title='bbox 91 1637 186 1700; x_wconf 88' lang='lat' dir='ltr'>deserto</span> <span class='ocrx_word' id='word_1_138' title='bbox 200 1642 347 1719; x_wconf 86' lang='lat' dir='ltr'>magistro.</span> <span class='ocrx_word' id='word_1_139' title='bbox 1283 1714 1287 1719; x_wconf 74' lang='grc'><strong>,</strong></span> 
     </span>
    </p>

    <p class='ocr_par' dir='ltr' id='par_1_4' title="bbox 90 1739 1279 4137">
     <span class='ocr_line' id='line_1_15' title="bbox 122 1739 1269 1815; baseline 0 -18"><span class='ocrx_word' id='word_1_140' title='bbox 122 1742 163 1798; x_wconf 82' lang='lat' dir='ltr'>lb.</span> <span class='ocrx_word' id='word_1_141' title='bbox 184 1740 299 1798; x_wconf 81' lang='lat' dir='ltr'>Saeculo</span> <span class='ocrx_word' id='word_1_142' title='bbox 319 1739 433 1799; x_wconf 92' lang='lat' dir='ltr'>decimo</span> <span class='ocrx_word' id='word_1_143' title='bbox 453 1752 548 1815; x_wconf 84' lang='lat' dir='ltr'>sexto,</span> <span class='ocrx_word' id='word_1_144' title='bbox 561 1741 690 1800; x_wconf 77' lang='lat' dir='ltr'>Andreas</span> <span class='ocrx_word' id='word_1_145' title='bbox 711 1741 938 1810; x_wconf 87' lang='lat' dir='ltr'>Carolostadius‚</span> <span class='ocrx_word' id='word_1_146' title='bbox 954 1741 1179 1801; x_wconf 82' lang='lat' dir='ltr'>Archidiaconus</span> <span class='ocrx_word' id='word_1_147' title='bbox 1196 1739 1269 1798; x_wconf 89' lang='lat' dir='ltr'>Wit-</span> 
     </span>
     <span class='ocr_line' id='line_1_16' title="bbox 90 1835 1270 1917; baseline 0.003 -26"><span class='ocrx_word' id='word_1_148' title='bbox 90 1835 281 1914; x_wconf 84' lang='lat' dir='ltr'>tonbergensis,</span> <span class='ocrx_word' id='word_1_149' title='bbox 297 1837 416 1896; x_wconf 92' lang='lat' dir='ltr'>Lutheri</span> <span class='ocrx_word' id='word_1_150' title='bbox 437 1837 605 1916; x_wconf 87' lang='lat' dir='ltr'>discipulus,</span> <span class='ocrx_word' id='word_1_151' title='bbox 621 1840 756 1916; x_wconf 79' lang='lat' dir='ltr'>magistro</span> <span class='ocrx_word' id='word_1_152' title='bbox 770 1839 938 1917; x_wconf 82' lang='lat' dir='ltr'>repugnavit</span> <span class='ocrx_word' id='word_1_153' title='bbox 952 1838 987 1896; x_wconf 90' lang='lat' dir='ltr'>de</span> <span class='ocrx_word' id='word_1_154' title='bbox 1004 1840 1143 1915; x_wconf 87' lang='lat' dir='ltr'>mysterio</span> <span class='ocrx_word' id='word_1_155' title='bbox 1157 1838 1270 1896; x_wconf 92' lang='lat' dir='ltr'>Eucha-</span> 
     </span>
     <span class='ocr_line' id='line_1_17' title="bbox 90 1925 1269 2014; baseline 0.005 -27"><span class='ocrx_word' id='word_1_156' title='bbox 90 1931 171 2000; x_wconf 81' lang='lat' dir='ltr'>ristia,</span> <span class='ocrx_word' id='word_1_157' title='bbox 186 1935 273 1993; x_wconf 88' lang='lat' dir='ltr'>verba</span> <span class='ocrx_word' id='word_1_158' title='bbox 287 1933 397 1992; x_wconf 83' lang='lat' dir='ltr'>Christi</span> <span class='ocrx_word' id='word_1_159' title='bbox 411 1933 446 1993; x_wconf 90' lang='lat' dir='ltr'>de</span> <span class='ocrx_word' id='word_1_160' title='bbox 460 1954 580 2012; x_wconf 90' lang='lat' dir='ltr'>corpore</span> <span class='ocrx_word' id='word_1_161' title='bbox 602 1954 656 1995; x_wconf 91' lang='lat' dir='ltr'>suo</span> <span class='ocrx_word' id='word_1_162' title='bbox 671 1937 757 1994; x_wconf 91' lang='lat' dir='ltr'>veluti</span> <span class='ocrx_word' id='word_1_163' title='bbox 780 1936 871 2014; x_wconf 85' lang='lat' dir='ltr'>digito</span> <span class='ocrx_word' id='word_1_164' title='bbox 895 1945 1050 1997; x_wconf 89' lang='lat' dir='ltr'>monstrato</span> <span class='ocrx_word' id='word_1_165' title='bbox 1072 1925 1269 2012; x_wconf 85' lang='lat' dir='ltr'>interpretans.</span> 
     </span>
     <span class='ocr_line' id='line_1_18' title="bbox 91 2027 1272 2110; baseline 0.004 -25"><span class='ocrx_word' id='word_1_166' title='bbox 91 2027 190 2088; x_wconf 87' lang='lat' dir='ltr'>lllricus</span> <span class='ocrx_word' id='word_1_167' title='bbox 216 2031 378 2108; x_wconf 87' lang='lat' dir='ltr'>Zuinglius‚</span> <span class='ocrx_word' id='word_1_168' title='bbox 394 2031 552 2109; x_wconf 75' lang='lat' dir='ltr'>&#39;ligurinus</span> <span class='ocrx_word' id='word_1_169' title='bbox 577 2033 689 2101; x_wconf 90' lang='lat' dir='ltr'>Pastor,</span> <span class='ocrx_word' id='word_1_170' title='bbox 704 2052 807 2110; x_wconf 92' lang='lat' dir='ltr'>panem</span> <span class='ocrx_word' id='word_1_171' title='bbox 829 2033 969 2092; x_wconf 83' lang='lat' dir='ltr'>intellexit</span> <span class='ocrx_word' id='word_1_172' title='bbox 988 2052 1092 2110; x_wconf 89' lang='lat' dir='ltr'>corpus</span> <span class='ocrx_word' id='word_1_173' title='bbox 1114 2032 1180 2100; x_wconf 92' lang='lat' dir='ltr'>dici,</span> <span class='ocrx_word' id='word_1_174' title='bbox 1204 2045 1272 2090; x_wconf 91' lang='lat' dir='ltr'>tam·</span> 
     </span>
     <span class='ocr_line' id='line_1_19' title="bbox 90 2128 1272 2208; baseline 0.002 -24"><span class='ocrx_word' id='word_1_175' title='bbox 90 2143 160 2196; x_wconf 87' lang='lat' dir='ltr'>quam</span> <span class='ocrx_word' id='word_1_176' title='bbox 180 2128 257 2186; x_wconf 90' lang='lat' dir='ltr'>illius</span> <span class='ocrx_word' id='word_1_177' title='bbox 271 2129 386 2206; x_wconf 83' lang='lat' dir='ltr'>signum</span> <span class='ocrx_word' id='word_1_178' title='bbox 401 2149 408 2196; x_wconf 83' lang='lat'>3</span> <span class='ocrx_word' id='word_1_179' title='bbox 431 2141 460 2186; x_wconf 92' lang='lat' dir='ltr'>et</span> <span class='ocrx_word' id='word_1_180' title='bbox 472 2148 561 2202; x_wconf 93' lang='lat' dir='ltr'>quum</span> <span class='ocrx_word' id='word_1_181' title='bbox 584 2129 726 2188; x_wconf 88' lang='lat' dir='ltr'>Catholici</span> <span class='ocrx_word' id='word_1_182' title='bbox 741 2149 806 2188; x_wconf 90' lang='lat' dir='ltr'>eum</span> <span class='ocrx_word' id='word_1_183' title='bbox 823 2140 964 2208; x_wconf 83' lang='lat' dir='ltr'>urgerent,</span> <span class='ocrx_word' id='word_1_184' title='bbox 980 2132 1067 2188; x_wconf 89' lang='lat' dir='ltr'>moris</span> <span class='ocrx_word' id='word_1_185' title='bbox 1089 2148 1147 2188; x_wconf 88' lang='lat' dir='ltr'>non</span> <span class='ocrx_word' id='word_1_186' title='bbox 1162 2147 1227 2188; x_wconf 90' lang='lat' dir='ltr'>esse</span> <span class='ocrx_word' id='word_1_187' title='bbox 1241 2132 1272 2186; x_wconf 88' lang='lat' dir='ltr'>in</span> 
     </span>
     <span class='ocr_line' id='line_1_20' title="bbox 91 2223 1272 2302; baseline 0.004 -23"><span class='ocrx_word' id='word_1_188' title='bbox 91 2223 210 2282; x_wconf 87' lang='lat' dir='ltr'>institutis</span> <span class='ocrx_word' id='word_1_189' title='bbox 233 2226 318 2284; x_wconf 89' lang='lat' dir='ltr'>novis</span> <span class='ocrx_word' id='word_1_190' title='bbox 337 2244 398 2283; x_wconf 91' lang='lat' dir='ltr'>rem</span> <span class='ocrx_word' id='word_1_191' title='bbox 419 2245 485 2284; x_wconf 90' lang='lat' dir='ltr'>eum</span> <span class='ocrx_word' id='word_1_192' title='bbox 508 2226 591 2302; x_wconf 85' lang='lat' dir='ltr'>signo</span> <span class='ocrx_word' id='word_1_193' title='bbox 613 2242 788 2286; x_wconf 88' lang='lat' dir='ltr'>commutare</span> <span class='ocrx_word' id='word_1_194' title='bbox 808 2226 962 2301; x_wconf 91' lang='lat' dir='ltr'>loquendo,</span> <span class='ocrx_word' id='word_1_195' title='bbox 978 2225 1056 2284; x_wconf 93' lang='lat' dir='ltr'>nullo</span> <span class='ocrx_word' id='word_1_196' title='bbox 1076 2225 1182 2284; x_wconf 89' lang='lat' dir='ltr'>indicio</span> <span class='ocrx_word' id='word_1_197' title='bbox 1196 2224 1272 2293; x_wconf 88' lang='lat' dir='ltr'>dato,</span> 
     </span>
     <span class='ocr_line' id='line_1_21' title="bbox 92 2320 1273 2401; baseline 0.003 -24"><span class='ocrx_word' id='word_1_198' title='bbox 92 2320 201 2396; x_wconf 88' lang='lat' dir='ltr'>spiritus,</span> <span class='ocrx_word' id='word_1_199' title='bbox 216 2322 249 2401; x_wconf 78' lang='lat'>(¹⁶</span> <span class='ocrx_word' id='word_1_200' title='bbox 259 2333 320 2379; x_wconf 89' lang='lat' dir='ltr'>ater</span> <span class='ocrx_word' id='word_1_201' title='bbox 330 2341 365 2379; x_wconf 86' lang='lat' dir='ltr'>an</span> <span class='ocrx_word' id='word_1_202' title='bbox 377 2322 457 2380; x_wconf 89' lang='lat' dir='ltr'>albus</span> <span class='ocrx_word' id='word_1_203' title='bbox 470 2321 576 2380; x_wconf 87' lang='lat' dir='ltr'>fuerit”</span> <span class='ocrx_word' id='word_1_204' title='bbox 586 2342 617 2380; x_wconf 92' lang='lat' dir='ltr'>se</span> <span class='ocrx_word' id='word_1_205' title='bbox 629 2323 704 2381; x_wconf 88' lang='lat' dir='ltr'>haud</span> <span class='ocrx_word' id='word_1_206' title='bbox 717 2323 883 2383; x_wconf 79' lang='lat' dir='ltr'>meminisse</span> <span class='ocrx_word' id='word_1_207' title='bbox 894 2323 1015 2399; x_wconf 86' lang='lat' dir='ltr'>dicebat)</span> <span class='ocrx_word' id='word_1_208' title='bbox 1026 2324 1053 2379; x_wconf 92' lang='lat' dir='ltr'>ei</span> <span class='ocrx_word' id='word_1_209' title='bbox 1064 2324 1092 2380; x_wconf 89' lang='lat' dir='ltr'>in</span> <span class='ocrx_word' id='word_1_210' title='bbox 1106 2324 1273 2381; x_wconf 87' lang='lat' dir='ltr'>memoriam</span> 
     </span>
     <span class='ocr_line' id='line_1_22' title="bbox 92 2419 1270 2498; baseline 0.004 -25"><span class='ocrx_word' id='word_1_211' title='bbox 92 2421 217 2478; x_wconf 86' lang='lat' dir='ltr'>revocavit</span> <span class='ocrx_word' id='word_1_212' title='bbox 232 2432 314 2478; x_wconf 89' lang='lat' dir='ltr'>vetus</span> <span class='ocrx_word' id='word_1_213' title='bbox 333 2421 446 2484; x_wconf 78' lang='lat' dir='ltr'>Phaser</span> <span class='ocrx_word' id='word_1_214' title='bbox 467 2419 502 2479; x_wconf 91' lang='lat' dir='ltr'>de</span> <span class='ocrx_word' id='word_1_215' title='bbox 518 2422 632 2479; x_wconf 92' lang='lat' dir='ltr'>victima</span> <span class='ocrx_word' id='word_1_216' title='bbox 645 2422 752 2498; x_wconf 91' lang='lat' dir='ltr'>quippe</span> <span class='ocrx_word' id='word_1_217' title='bbox 767 2421 874 2479; x_wconf 88' lang='lat' dir='ltr'>dictum</span> <span class='ocrx_word' id='word_1_218' title='bbox 889 2430 950 2480; x_wconf 89' lang='lat' dir='ltr'>est:</span> <span class='ocrx_word' id='word_1_219' title='bbox 973 2430 992 2457; x_wconf 75' lang='lat'>⁴⁶</span> <span class='ocrx_word' id='word_1_220' title='bbox 1003 2420 1059 2479; x_wconf 87' lang='lat' dir='ltr'>Est</span> <span class='ocrx_word' id='word_1_221' title='bbox 1072 2423 1149 2478; x_wconf 89' lang='lat' dir='ltr'>enirn</span> <span class='ocrx_word' id='word_1_222' title='bbox 1164 2421 1270 2488; x_wconf 90' lang='lat' dir='ltr'>Phase,</span> 
     </span>
     <span class='ocr_line' id='line_1_23' title="bbox 95 2515 1270 2597; baseline 0.002 -24"><span class='ocrx_word' id='word_1_223' title='bbox 95 2515 169 2575; x_wconf 89' lang='lat' dir='ltr'>idest</span> <span class='ocrx_word' id='word_1_224' title='bbox 188 2521 323 2577; x_wconf 83' lang='lat' dir='ltr'>transitus</span> <span class='ocrx_word' id='word_1_225' title='bbox 346 2519 514 2578; x_wconf 81' lang='lat' dir='ltr'>Domini.&#39;’⁸</span> <span class='ocrx_word' id='word_1_226' title='bbox 554 2519 699 2578; x_wconf 75' lang='lat' dir='ltr'>Ceterum</span> <span class='ocrx_word' id='word_1_227' title='bbox 713 2519 833 2578; x_wconf 82' lang='lat' dir='ltr'>feliciter</span> <span class='ocrx_word' id='word_1_228' title='bbox 855 2520 882 2577; x_wconf 88' lang='lat' dir='ltr'>ei</span> <span class='ocrx_word' id='word_1_229' title='bbox 896 2519 1061 2597; x_wconf 84' lang='lat' dir='ltr'>exemplum</span> <span class='ocrx_word' id='word_1_230' title='bbox 1084 2517 1159 2577; x_wconf 93' lang='lat' dir='ltr'>haud</span> <span class='ocrx_word' id='word_1_231' title='bbox 1172 2518 1270 2586; x_wconf 87' lang='lat' dir='ltr'>cessit,</span> 
     </span>
     <span class='ocr_line' id='line_1_24' title="bbox 93 2615 1273 2692; baseline 0.004 -22"><span class='ocrx_word' id='word_1_232' title='bbox 93 2617 248 2676; x_wconf 87' lang='lat' dir='ltr'>vocabantur</span> <span class='ocrx_word' id='word_1_233' title='bbox 258 2619 336 2676; x_wconf 91' lang='lat' dir='ltr'>enim</span> <span class='ocrx_word' id='word_1_234' title='bbox 350 2618 470 2675; x_wconf 74' lang='lat' dir='ltr'>victime</span> <span class='ocrx_word' id='word_1_235' title='bbox 484 2618 600 2676; x_wconf 86' lang='lat' dir='ltr'>nornine</span> <span class='ocrx_word' id='word_1_236' title='bbox 611 2618 677 2676; x_wconf 88' lang='lat' dir='ltr'>finis</span> <span class='ocrx_word' id='word_1_237' title='bbox 692 2619 729 2677; x_wconf 94' lang='lat' dir='ltr'>ob</span> <span class='ocrx_word' id='word_1_238' title='bbox 740 2637 826 2692; x_wconf 87' lang='lat' dir='ltr'>quern</span> <span class='ocrx_word' id='word_1_239' title='bbox 838 2617 1066 2685; x_wconf 84' lang='lat' dir='ltr'>immolabantur,</span> <span class='ocrx_word' id='word_1_240' title='bbox 1078 2617 1149 2676; x_wconf 91' lang='lat' dir='ltr'>adeo</span> <span class='ocrx_word' id='word_1_241' title='bbox 1159 2626 1191 2675; x_wconf 93' lang='lat' dir='ltr'>ut</span> <span class='ocrx_word' id='word_1_242' title='bbox 1202 2615 1273 2675; x_wconf 83' lang='lat' dir='ltr'>Pec-</span> 
     </span>
     <span class='ocr_line' id='line_1_25' title="bbox 96 2714 1273 2794; baseline 0 -21"><span class='ocrx_word' id='word_1_243' title='bbox 96 2715 327 2774; x_wconf 65' lang='lat' dir='ltr'>mendicarent</span> <span class='ocrx_word' id='word_1_244' title='bbox 341 2715 435 2773; x_wconf 90' lang='lat' dir='ltr'>hostia</span> <span class='ocrx_word' id='word_1_245' title='bbox 447 2734 498 2792; x_wconf 92' lang='lat' dir='ltr'>pro</span> <span class='ocrx_word' id='word_1_246' title='bbox 513 2727 629 2792; x_wconf 88' lang='lat' dir='ltr'>peccato</span> <span class='ocrx_word' id='word_1_247' title='bbox 638 2716 781 2794; x_wconf 85' lang='lat' dir='ltr'>expiando</span> <span class='ocrx_word' id='word_1_248' title='bbox 790 2716 904 2784; x_wconf 86' lang='lat' dir='ltr'>oblata;</span> <span class='ocrx_word' id='word_1_249' title='bbox 926 2717 968 2775; x_wconf 90' lang='lat' dir='ltr'>sic</span> <span class='ocrx_word' id='word_1_250' title='bbox 979 2729 1008 2775; x_wconf 94' lang='lat' dir='ltr'>et</span> <span class='ocrx_word' id='word_1_251' title='bbox 1018 2714 1118 2775; x_wconf 84' lang='lat' dir='ltr'>Phoae</span> <span class='ocrx_word' id='word_1_252' title='bbox 1129 2715 1273 2774; x_wconf 85' lang='lat' dir='ltr'>dicebatur</span> 
     </span>
     <span class='ocr_line' id='line_1_26' title="bbox 96 2811 1274 2889; baseline 0.003 -22"><span class='ocrx_word' id='word_1_253' title='bbox 96 2811 193 2872; x_wconf 80' lang='lat' dir='ltr'>uctima</span> <span class='ocrx_word' id='word_1_254' title='bbox 207 2814 342 2872; x_wconf 89' lang='lat' dir='ltr'>transitus</span> <span class='ocrx_word' id='word_1_255' title='bbox 357 2814 509 2873; x_wconf 89' lang='lat' dir='ltr'>occasione</span> <span class='ocrx_word' id='word_1_256' title='bbox 530 2815 686 2874; x_wconf 87' lang='lat' dir='ltr'>immolata.</span> <span class='ocrx_word' id='word_1_257' title='bbox 728 2815 798 2874; x_wconf 86' lang='lat' dir='ltr'>lnde</span> <span class='ocrx_word' id='word_1_258' title='bbox 813 2826 908 2874; x_wconf 86' lang='lat' dir='ltr'>autern</span> <span class='ocrx_word' id='word_1_259' title='bbox 928 2815 1000 2874; x_wconf 92' lang='lat' dir='ltr'>nihil</span> <span class='ocrx_word' id='word_1_260' title='bbox 1021 2816 1201 2889; x_wconf 85' lang='lat' dir='ltr'>sequebatur,</span> <span class='ocrx_word' id='word_1_261' title='bbox 1216 2831 1274 2887; x_wconf 92' lang='lat' dir='ltr'>qno</span> 
     </span>
     <span class='ocr_line' id='line_1_27' title="bbox 96 2908 1275 2990; baseline 0.007 -30"><span class='ocrx_word' id='word_1_262' title='bbox 96 2908 129 2963; x_wconf 90' lang='lat' dir='ltr'>ris</span> <span class='ocrx_word' id='word_1_263' title='bbox 147 2909 224 2969; x_wconf 89' lang='lat' dir='ltr'>obvia</span> <span class='ocrx_word' id='word_1_264' title='bbox 250 2911 401 2969; x_wconf 75' lang='lat' dir='ltr'>sententie</span> <span class='ocrx_word' id='word_1_265' title='bbox 425 2910 585 2970; x_wconf 85' lang='lat' dir='ltr'>Dominicae</span> <span class='ocrx_word' id='word_1_266' title='bbox 608 2912 745 2971; x_wconf 88' lang='lat' dir='ltr'>infirmari</span> <span class='ocrx_word' id='word_1_267' title='bbox 765 2923 873 2990; x_wconf 84' lang='lat' dir='ltr'>posset,</span> <span class='ocrx_word' id='word_1_268' title='bbox 889 2932 941 2971; x_wconf 91' lang='lat' dir='ltr'>nec</span> <span class='ocrx_word' id='word_1_269' title='bbox 961 2913 1039 2971; x_wconf 92' lang='lat' dir='ltr'>enim</span> <span class='ocrx_word' id='word_1_270' title='bbox 1061 2913 1143 2989; x_wconf 89' lang='lat' dir='ltr'>panis</span> <span class='ocrx_word' id='word_1_271' title='bbox 1166 2911 1275 2970; x_wconf 81' lang='lat' dir='ltr'>Christi</span> 
     </span>
     <span class='ocr_line' id='line_1_28' title="bbox 96 3010 1273 3090; baseline 0.007 -30"><span class='ocrx_word' id='word_1_272' title='bbox 96 3010 205 3082; x_wconf 87' lang='lat' dir='ltr'>corporis</span> <span class='ocrx_word' id='word_1_273' title='bbox 219 3010 336 3069; x_wconf 88' lang='lat' dir='ltr'>victima</span> <span class='ocrx_word' id='word_1_274' title='bbox 351 3010 514 3068; x_wconf 88' lang='lat' dir='ltr'>habebatur.</span> <span class='ocrx_word' id='word_1_275' title='bbox 550 3011 693 3070; x_wconf 89' lang='lat' dir='ltr'>Lutherus</span> <span class='ocrx_word' id='word_1_276' title='bbox 708 3012 826 3071; x_wconf 86' lang='lat' dir='ltr'>viriliter</span> <span class='ocrx_word' id='word_1_277' title='bbox 840 3032 891 3090; x_wconf 91' lang='lat' dir='ltr'>pro</span> <span class='ocrx_word' id='word_1_278' title='bbox 906 3011 973 3070; x_wconf 90' lang='lat' dir='ltr'>reali</span> <span class='ocrx_word' id='word_1_279' title='bbox 986 3011 1095 3070; x_wconf 80' lang='lat' dir='ltr'>Christi</span> <span class='ocrx_word' id='word_1_280' title='bbox 1110 3011 1229 3070; x_wconf 88' lang='lat' dir='ltr'>Domini</span> <span class='ocrx_word' id='word_1_281' title='bbox 1243 3011 1273 3068; x_wconf 90' lang='lat' dir='ltr'>in</span> 
     </span>
     <span class='ocr_line' id='line_1_29' title="bbox 95 3100 1273 3182; baseline 0.003 -23"><span class='ocrx_word' id='word_1_282' title='bbox 95 3100 257 3163; x_wconf 87' lang='lat' dir='ltr'>Eucharistia</span> <span class='ocrx_word' id='word_1_283' title='bbox 269 3106 422 3182; x_wconf 74' lang='lat' dir='ltr'>praesentia</span> <span class='ocrx_word' id='word_1_284' title='bbox 436 3107 582 3182; x_wconf 84' lang='lat' dir='ltr'>pugnavit,</span> <span class='ocrx_word' id='word_1_285' title='bbox 595 3118 693 3165; x_wconf 87' lang='lat' dir='ltr'>contra</span> <span class='ocrx_word' id='word_1_286' title='bbox 704 3107 945 3177; x_wconf 88' lang='lat' dir='ltr'>Carolostadium,</span> <span class='ocrx_word' id='word_1_287' title='bbox 956 3108 1085 3182; x_wconf 86' lang='lat' dir='ltr'>aliosque</span> <span class='ocrx_word' id='word_1_288' title='bbox 1100 3106 1273 3166; x_wconf 83' lang='lat' dir='ltr'>Sacramen-</span> 
     </span>
     <span class='ocr_line' id='line_1_30' title="bbox 96 3199 1275 3281; baseline 0.004 -27"><span class='ocrx_word' id='word_1_289' title='bbox 96 3199 173 3258; x_wconf 84' lang='lat' dir='ltr'>torios</span> <span class='ocrx_word' id='word_1_290' title='bbox 187 3213 378 3278; x_wconf 89' lang='lat' dir='ltr'>nuncupatos,</span> <span class='ocrx_word' id='word_1_291' title='bbox 394 3203 462 3276; x_wconf 86' lang='lat' dir='ltr'>quia</span> <span class='ocrx_word' id='word_1_292' title='bbox 480 3201 550 3261; x_wconf 91' lang='lat' dir='ltr'>illud</span> <span class='ocrx_word' id='word_1_293' title='bbox 571 3203 677 3262; x_wconf 90' lang='lat' dir='ltr'>nudum</span> <span class='ocrx_word' id='word_1_294' title='bbox 701 3205 927 3271; x_wconf 86' lang='lat' dir='ltr'>Sacramentum,</span> <span class='ocrx_word' id='word_1_295' title='bbox 942 3223 993 3262; x_wconf 87' lang='lat' dir='ltr'>seu</span> <span class='ocrx_word' id='word_1_296' title='bbox 1013 3204 1127 3281; x_wconf 84' lang='lat' dir='ltr'>signum</span> <span class='ocrx_word' id='word_1_297' title='bbox 1149 3202 1275 3280; x_wconf 89' lang='lat' dir='ltr'>corporis</span> 
     </span>
     <span class='ocr_line' id='line_1_31' title="bbox 97 3295 1276 3380; baseline 0.002 -25"><span class='ocrx_word' id='word_1_298' title='bbox 97 3295 190 3357; x_wconf 82' lang='lat' dir='ltr'>Christi</span> <span class='ocrx_word' id='word_1_299' title='bbox 215 3300 367 3358; x_wconf 89' lang='lat' dir='ltr'>habebant.</span> <span class='ocrx_word' id='word_1_300' title='bbox 410 3300 561 3374; x_wconf 87' lang='lat' dir='ltr'>Quemque</span> <span class='ocrx_word' id='word_1_301' title='bbox 586 3301 620 3360; x_wconf 91' lang='lat' dir='ltr'>ad</span> <span class='ocrx_word' id='word_1_302' title='bbox 643 3301 728 3362; x_wconf 88' lang='lat' dir='ltr'>fidem</span> <span class='ocrx_word' id='word_1_303' title='bbox 753 3305 821 3361; x_wconf 91' lang='lat' dir='ltr'>tanti</span> <span class='ocrx_word' id='word_1_304' title='bbox 846 3303 975 3380; x_wconf 90' lang='lat' dir='ltr'>mysterii</span> <span class='ocrx_word' id='word_1_305' title='bbox 997 3303 1089 3360; x_wconf 88' lang='lat' dir='ltr'>verbis</span> <span class='ocrx_word' id='word_1_306' title='bbox 1111 3299 1276 3380; x_wconf 90' lang='lat' dir='ltr'>hujusmodi</span> 
     </span>
     <span class='ocr_line' id='line_1_32' title="bbox 96 3391 1274 3468; baseline 0.003 -18"><span class='ocrx_word' id='word_1_307' title='bbox 96 3391 207 3455; x_wconf 87' lang='lat' dir='ltr'>hortatus</span> <span class='ocrx_word' id='word_1_308' title='bbox 221 3407 282 3456; x_wconf 81' lang='lat' dir='ltr'>est:</span> <span class='ocrx_word' id='word_1_309' title='bbox 307 3405 327 3434; x_wconf 80' lang='lat'>⁶·</span> <span class='ocrx_word' id='word_1_310' title='bbox 338 3399 386 3456; x_wconf 89' lang='lat' dir='ltr'>Tu</span> <span class='ocrx_word' id='word_1_311' title='bbox 401 3397 465 3456; x_wconf 89' lang='lat' dir='ltr'>dic:</span> <span class='ocrx_word' id='word_1_312' title='bbox 489 3399 567 3457; x_wconf 90' lang='lat' dir='ltr'>Nolo</span> <span class='ocrx_word' id='word_1_313' title='bbox 582 3398 737 3458; x_wconf 87' lang='lat' dir='ltr'>deliberare</span> <span class='ocrx_word' id='word_1_314' title='bbox 752 3419 787 3458; x_wconf 90' lang='lat' dir='ltr'>an</span> <span class='ocrx_word' id='word_1_315' title='bbox 808 3400 846 3458; x_wconf 89' lang='lat' dir='ltr'>sit</span> <span class='ocrx_word' id='word_1_316' title='bbox 867 3419 975 3468; x_wconf 90' lang='lat' dir='ltr'>verum,</span> <span class='ocrx_word' id='word_1_317' title='bbox 991 3399 1036 3457; x_wconf 89' lang='lat' dir='ltr'>vel</span> <span class='ocrx_word' id='word_1_318' title='bbox 1056 3418 1124 3466; x_wconf 88' lang='lat' dir='ltr'>non,</span> <span class='ocrx_word' id='word_1_319' title='bbox 1140 3398 1191 3455; x_wconf 91' lang='lat' dir='ltr'>sed</span> <span class='ocrx_word' id='word_1_320' title='bbox 1206 3398 1274 3454; x_wconf 86' lang='lat' dir='ltr'>sirn-</span> 
     </span>
     <span class='ocr_line' id='line_1_33' title="bbox 97 3490 1274 3573; baseline 0 -24"><span class='ocrx_word' id='word_1_321' title='bbox 97 3490 193 3565; x_wconf 88' lang='lat' dir='ltr'>plieiter</span> <span class='ocrx_word' id='word_1_322' title='bbox 210 3495 324 3553; x_wconf 90' lang='lat' dir='ltr'>credam</span> <span class='ocrx_word' id='word_1_323' title='bbox 348 3496 422 3552; x_wconf 89' lang='lat' dir='ltr'>sicut</span> <span class='ocrx_word' id='word_1_324' title='bbox 442 3495 576 3554; x_wconf 88' lang='lat' dir='ltr'>Christus</span> <span class='ocrx_word' id='word_1_325' title='bbox 590 3495 675 3554; x_wconf 90' lang='lat' dir='ltr'>dicit:</span> <span class='ocrx_word' id='word_1_326' title='bbox 699 3495 784 3556; x_wconf 88' lang='lat' dir='ltr'>‘Hoc</span> <span class='ocrx_word' id='word_1_327' title='bbox 805 3507 850 3554; x_wconf 90' lang='lat' dir='ltr'>est</span> <span class='ocrx_word' id='word_1_328' title='bbox 870 3514 974 3573; x_wconf 91' lang='lat' dir='ltr'>corpus</span> <span class='ocrx_word' id='word_1_329' title='bbox 997 3494 1114 3552; x_wconf 68' lang='lat' dir='ltr'>meum.⁹</span> <span class='ocrx_word' id='word_1_330' title='bbox 1157 3493 1189 3550; x_wconf 87' lang='lat' dir='ltr'>Si</span> <span class='ocrx_word' id='word_1_331' title='bbox 1210 3510 1274 3550; x_wconf 91' lang='lat' dir='ltr'>sum</span> 
     </span>
     <span class='ocr_line' id='line_1_34' title="bbox 98 3586 1275 3671; baseline 0.002 -26"><span class='ocrx_word' id='word_1_332' title='bbox 98 3586 240 3660; x_wconf 79' lang='lat' dir='ltr'>idololatra,</span> <span class='ocrx_word' id='word_1_333' title='bbox 254 3592 287 3649; x_wconf 86' lang='lat' dir='ltr'>lit</span> <span class='ocrx_word' id='word_1_334' title='bbox 300 3592 385 3669; x_wconf 87' lang='lat' dir='ltr'>culpa</span> <span class='ocrx_word' id='word_1_335' title='bbox 398 3603 426 3650; x_wconf 86' lang='lat' dir='ltr'>et</span> <span class='ocrx_word' id='word_1_336' title='bbox 441 3592 568 3669; x_wconf 86' lang='lat' dir='ltr'>periculo</span> <span class='ocrx_word' id='word_1_337' title='bbox 583 3593 703 3661; x_wconf 88' lang='lat' dir='ltr'>Christi,</span> <span class='ocrx_word' id='word_1_338' title='bbox 718 3595 799 3671; x_wconf 92' lang='lat' dir='ltr'>cujus</span> <span class='ocrx_word' id='word_1_339' title='bbox 814 3594 899 3651; x_wconf 88' lang='lat' dir='ltr'>verba</span> <span class='ocrx_word' id='word_1_340' title='bbox 913 3593 954 3650; x_wconf 93' lang='lat' dir='ltr'>sic</span> <span class='ocrx_word' id='word_1_341' title='bbox 968 3600 1087 3650; x_wconf 87' lang='lat' dir='ltr'>sonant:</span> <span class='ocrx_word' id='word_1_342' title='bbox 1112 3591 1174 3669; x_wconf 90' lang='lat' dir='ltr'>ipse</span> <span class='ocrx_word' id='word_1_343' title='bbox 1188 3590 1275 3667; x_wconf 83' lang='lat' dir='ltr'>igitur</span> 
     </span>
     <span class='ocr_line' id='line_1_35' title="bbox 100 3687 1277 3766; baseline 0.002 -24"><span class='ocrx_word' id='word_1_344' title='bbox 100 3703 137 3743; x_wconf 90' lang='lat' dir='ltr'>nc</span> <span class='ocrx_word' id='word_1_345' title='bbox 149 3687 217 3747; x_wconf 90' lang='lat' dir='ltr'>bene</span> <span class='ocrx_word' id='word_1_346' title='bbox 231 3687 411 3746; x_wconf 86' lang='lat' dir='ltr'>defendet.’&#39;⁴</span> <span class='ocrx_word' id='word_1_347' title='bbox 443 3688 585 3748; x_wconf 73' lang='lat' dir='ltr'>Ceterum</span> <span class='ocrx_word' id='word_1_348' title='bbox 599 3699 627 3748; x_wconf 91' lang='lat' dir='ltr'>et</span> <span class='ocrx_word' id='word_1_349' title='bbox 641 3708 744 3766; x_wconf 86' lang='lat' dir='ltr'>panem</span> <span class='ocrx_word' id='word_1_350' title='bbox 756 3698 784 3747; x_wconf 91' lang='lat' dir='ltr'>et</span> <span class='ocrx_word' id='word_1_351' title='bbox 796 3689 892 3748; x_wconf 87' lang='lat' dir='ltr'>vinum</span> <span class='ocrx_word' id='word_1_352' title='bbox 904 3688 1004 3748; x_wconf 87' lang='lat' dir='ltr'>adesse</span> <span class='ocrx_word' id='word_1_353' title='bbox 1015 3708 1071 3747; x_wconf 89' lang='lat' dir='ltr'>una</span> <span class='ocrx_word' id='word_1_354' title='bbox 1082 3706 1146 3746; x_wconf 90' lang='lat' dir='ltr'>cum</span> <span class='ocrx_word' id='word_1_355' title='bbox 1159 3704 1277 3764; x_wconf 91' lang='lat' dir='ltr'>corpore</span> 
     </span>
     <span class='ocr_line' id='line_1_36' title="bbox 98 3782 1278 3864; baseline 0.001 -25"><span class='ocrx_word' id='word_1_356' title='bbox 98 3794 121 3838; x_wconf 90' lang='lat' dir='ltr'>et</span> <span class='ocrx_word' id='word_1_357' title='bbox 131 3786 263 3863; x_wconf 78' lang='lat' dir='ltr'>sanguine</span> <span class='ocrx_word' id='word_1_358' title='bbox 278 3784 390 3844; x_wconf 89' lang='lat' dir='ltr'>Christi</span> <span class='ocrx_word' id='word_1_359' title='bbox 404 3786 515 3845; x_wconf 89' lang='lat' dir='ltr'>censuit</span> <span class='ocrx_word' id='word_1_360' title='bbox 528 3786 682 3855; x_wconf 88' lang='lat' dir='ltr'>Lutherus,</span> <span class='ocrx_word' id='word_1_361' title='bbox 698 3784 886 3864; x_wconf 84' lang='lat' dir='ltr'>Zuinglianos</span> <span class='ocrx_word' id='word_1_362' title='bbox 907 3785 1034 3860; x_wconf 86' lang='lat' dir='ltr'>alioquin</span> <span class='ocrx_word' id='word_1_363' title='bbox 1055 3805 1166 3844; x_wconf 89' lang='lat' dir='ltr'>summe</span> <span class='ocrx_word' id='word_1_364' title='bbox 1187 3782 1278 3842; x_wconf 90' lang='lat' dir='ltr'>detes·</span> 
     </span>
     <span class='ocr_line' id='line_1_37' title="bbox 99 3882 1279 3960; baseline 0.003 -25"><span class='ocrx_word' id='word_1_365' title='bbox 99 3886 165 3939; x_wconf 84' lang='lat' dir='ltr'>tans:</span> <span class='ocrx_word' id='word_1_366' title='bbox 185 3882 380 3941; x_wconf 77' lang='lat' dir='ltr'>“Haereticos</span> <span class='ocrx_word' id='word_1_367' title='bbox 405 3901 557 3942; x_wconf 88' lang='lat' dir='ltr'>censemus</span> <span class='ocrx_word' id='word_1_368' title='bbox 579 3893 608 3942; x_wconf 90' lang='lat' dir='ltr'>et</span> <span class='ocrx_word' id='word_1_369' title='bbox 631 3884 738 3942; x_wconf 87' lang='lat' dir='ltr'>alienos</span> <span class='ocrx_word' id='word_1_370' title='bbox 760 3886 794 3942; x_wconf 88' lang='lat' dir='ltr'>ab</span> <span class='ocrx_word' id='word_1_371' title='bbox 815 3884 947 3943; x_wconf 85' lang='lat' dir='ltr'>Ecclesia</span> <span class='ocrx_word' id='word_1_372' title='bbox 968 3884 1022 3942; x_wconf 90' lang='lat' dir='ltr'>Dei</span> <span class='ocrx_word' id='word_1_373' title='bbox 1044 3883 1229 3960; x_wconf 87' lang='lat' dir='ltr'>Zuinglianos</span> <span class='ocrx_word' id='word_1_374' title='bbox 1250 3894 1279 3939; x_wconf 89' lang='lat' dir='ltr'>et</span> 
     </span>
     <span class='ocr_line' id='line_1_38' title="bbox 101 3977 1278 4060; baseline 0 -26"><span class='ocrx_word' id='word_1_375' title='bbox 101 3991 187 4037; x_wconf 84' lang='lat' dir='ltr'>omncs</span> <span class='ocrx_word' id='word_1_376' title='bbox 199 3980 442 4039; x_wconf 70' lang='lat' dir='ltr'>sacramentarios</span> <span class='ocrx_word' id='word_1_377' title='bbox 457 3980 506 4054; x_wconf 92' lang='lat' dir='ltr'>qui</span> <span class='ocrx_word' id='word_1_378' title='bbox 521 3990 626 4059; x_wconf 82' lang='lat' dir='ltr'>negant</span> <span class='ocrx_word' id='word_1_379' title='bbox 639 4000 742 4058; x_wconf 90' lang='lat' dir='ltr'>corpus</span> <span class='ocrx_word' id='word_1_380' title='bbox 757 3994 786 4040; x_wconf 90' lang='lat' dir='ltr'>et</span> <span class='ocrx_word' id='word_1_381' title='bbox 798 3983 966 4060; x_wconf 85' lang='lat' dir='ltr'>sanguinem</span> <span class='ocrx_word' id='word_1_382' title='bbox 981 3979 1091 4038; x_wconf 88' lang='lat' dir='ltr'>Christi</span> <span class='ocrx_word' id='word_1_383' title='bbox 1111 3999 1159 4039; x_wconf 89' lang='lat' dir='ltr'>ore</span> <span class='ocrx_word' id='word_1_384' title='bbox 1174 3977 1278 4039; x_wconf 88' lang='lat' dir='ltr'>carnali</span> 
     </span>
     <span class='ocr_line' id='line_1_39' title="bbox 103 4075 612 4137; baseline 0.018 -9"><span class='ocrx_word' id='word_1_385' title='bbox 103 4075 168 4132; x_wconf 87' lang='lat' dir='ltr'>sumi</span> <span class='ocrx_word' id='word_1_386' title='bbox 179 4077 206 4134; x_wconf 91' lang='lat' dir='ltr'>in</span> <span class='ocrx_word' id='word_1_387' title='bbox 219 4077 373 4136; x_wconf 85' lang='lat' dir='ltr'>venerabili</span> <span class='ocrx_word' id='word_1_388' title='bbox 394 4078 612 4137; x_wconf 79' lang='lat' dir='ltr'>eucharistia.’&#39;³</span> 
     </span>
    </p>

    <p class='ocr_par' dir='ltr' id='par_1_5' title="bbox 135 4174 1277 4254">
     <span class='ocr_line' id='line_1_40' title="bbox 135 4174 1277 4254; baseline 0 -22"><span class='ocrx_word' id='word_1_389' title='bbox 135 4176 177 4232; x_wconf 79' lang='lat'>17.</span> <span class='ocrx_word' id='word_1_390' title='bbox 197 4174 335 4235; x_wconf 88' lang='lat' dir='ltr'>Calvinus</span> <span class='ocrx_word' id='word_1_391' title='bbox 358 4175 506 4235; x_wconf 89' lang='lat' dir='ltr'>discordes</span> <span class='ocrx_word' id='word_1_392' title='bbox 528 4187 621 4254; x_wconf 89' lang='lat' dir='ltr'>partes</span> <span class='ocrx_word' id='word_1_393' title='bbox 643 4177 677 4235; x_wconf 87' lang='lat' dir='ltr'>ad</span> <span class='ocrx_word' id='word_1_394' title='bbox 697 4175 879 4237; x_wconf 86' lang='lat' dir='ltr'>concordiam</span> <span class='ocrx_word' id='word_1_395' title='bbox 892 4185 925 4234; x_wconf 93' lang='lat' dir='ltr'>ut</span> <span class='ocrx_word' id='word_1_396' title='bbox 938 4175 1069 4243; x_wconf 86' lang='lat' dir='ltr'>traheret,</span> <span class='ocrx_word' id='word_1_397' title='bbox 1086 4178 1131 4234; x_wconf 89' lang='lat' dir='ltr'>vel</span> <span class='ocrx_word' id='word_1_398' title='bbox 1146 4186 1277 4245; x_wconf 86' lang='lat' dir='ltr'>utrasque</span> 
     </span>
    </p>
   </div>
   <div class='ocr_carea' id='block_1_3' title="bbox 222 4332 1066 4740">
    <p class='ocr_par' dir='ltr' id='par_1_6' title="bbox 222 4332 1066 4486">
     <span class='ocr_line' id='line_1_41' title="bbox 223 4332 1066 4399; baseline 0.002 -18"><span class='ocrx_word' id='word_1_399' title='bbox 223 4333 264 4399; x_wconf 86' lang='lat' dir='ltr'>(l)</span> <span class='ocrx_word' id='word_1_400' title='bbox 284 4333 348 4383; x_wconf 84' lang='lat' dir='ltr'>Vide</span> <span class='ocrx_word' id='word_1_401' title='bbox 360 4333 426 4399; x_wconf 83' lang='lat' dir='ltr'>apud</span> <span class='ocrx_word' id='word_1_402' title='bbox 437 4333 573 4384; x_wconf 83' lang='lat' dir='ltr'>Beronium</span> <span class='ocrx_word' id='word_1_403' title='bbox 585 4333 676 4386; x_wconf 87' lang='lat' dir='ltr'>Annal.</span> <span class='ocrx_word' id='word_1_404' title='bbox 689 4336 759 4386; x_wconf 81' lang='lat' dir='ltr'>Eccl.</span> <span class='ocrx_word' id='word_1_405' title='bbox 769 4342 787 4384; x_wconf 85' lang='lat' dir='ltr'>t.</span> <span class='ocrx_word' id='word_1_406' title='bbox 798 4334 832 4385; x_wconf 83' lang='lat' dir='ltr'>xi.</span> <span class='ocrx_word' id='word_1_407' title='bbox 844 4332 876 4384; x_wconf 80' lang='lat' dir='ltr'>sd</span> <span class='ocrx_word' id='word_1_408' title='bbox 886 4348 981 4385; x_wconf 80' lang='lat' dir='ltr'>annum</span> <span class='ocrx_word' id='word_1_409' title='bbox 993 4335 1066 4384; x_wconf 76' lang='grc'>1079.</span> 
     </span>
     <span class='ocr_line' id='line_1_42' title="bbox 222 4419 954 4486; baseline 0.007 -18"><span class='ocrx_word' id='word_1_410' title='bbox 222 4420 262 4486; x_wconf 72' lang='lat'>(2)</span> <span class='ocrx_word' id='word_1_411' title='bbox 281 4420 346 4471; x_wconf 86' lang='lat' dir='ltr'>Vide</span> <span class='ocrx_word' id='word_1_412' title='bbox 357 4435 395 4485; x_wconf 89' lang='lat' dir='ltr'>ep.</span> <span class='ocrx_word' id='word_1_413' title='bbox 407 4421 424 4470; x_wconf 88' lang='lat' dir='ltr'>i.</span> <span class='ocrx_word' id='word_1_414' title='bbox 441 4420 506 4471; x_wconf 78' lang='lat' dir='ltr'>Van.</span> <span class='ocrx_word' id='word_1_415' title='bbox 517 4421 583 4473; x_wconf 85' lang='lat' dir='ltr'>Patri</span> <span class='ocrx_word' id='word_1_416' title='bbox 594 4420 707 4472; x_wconf 85' lang='lat' dir='ltr'>Cluniae.</span> <span class='ocrx_word' id='word_1_417' title='bbox 721 4420 775 4472; x_wconf 81' lang='lat' dir='ltr'>adr.</span> <span class='ocrx_word' id='word_1_418' title='bbox 786 4419 954 4473; x_wconf 75' lang='lat' dir='ltr'>Petrohusian.</span> 
     </span>
    </p>

    <p class='ocr_par' dir='ltr' id='par_1_7' title="bbox 223 4502 421 4568">
     <span class='ocr_line' id='line_1_43' title="bbox 223 4502 421 4568; baseline 0.005 -16"><span class='ocrx_word' id='word_1_419' title='bbox 223 4502 264 4568; x_wconf 80' lang='grc'>(3)</span> <span class='ocrx_word' id='word_1_420' title='bbox 284 4503 366 4554; x_wconf 80' lang='lat' dir='ltr'>hlxod.</span> <span class='ocrx_word' id='word_1_421' title='bbox 377 4504 421 4554; x_wconf 85' lang='lat' dir='ltr'>xii.</span> 
     </span>
    </p>

    <p class='ocr_par' dir='ltr' id='par_1_8' title="bbox 224 4587 967 4656">
     <span class='ocr_line' id='line_1_44' title="bbox 224 4587 967 4656; baseline 0.003 -18"><span class='ocrx_word' id='word_1_422' title='bbox 224 4587 264 4655; x_wconf 84' lang='lat'>(4)</span> <span class='ocrx_word' id='word_1_423' title='bbox 283 4589 372 4639; x_wconf 79' lang='lat' dir='ltr'>Enarr.</span> <span class='ocrx_word' id='word_1_424' title='bbox 384 4588 412 4639; x_wconf 89' lang='lat' dir='ltr'>in</span> <span class='ocrx_word' id='word_1_425' title='bbox 423 4589 464 4639; x_wconf 80' lang='lat' dir='ltr'>Pa.</span> <span class='ocrx_word' id='word_1_426' title='bbox 475 4590 526 4640; x_wconf 83' lang='lat' dir='ltr'>xlv.</span> <span class='ocrx_word' id='word_1_427' title='bbox 537 4589 579 4641; x_wconf 85' lang='lat' dir='ltr'>lul.</span> <span class='ocrx_word' id='word_1_428' title='bbox 589 4591 639 4639; x_wconf 79' lang='lat'>491</span> <span class='ocrx_word' id='word_1_429' title='bbox 652 4597 710 4640; x_wconf 85' lang='lat' dir='ltr'>tom.</span> <span class='ocrx_word' id='word_1_430' title='bbox 721 4592 746 4640; x_wconf 83' lang='grc'>3.</span> <span class='ocrx_word' id='word_1_431' title='bbox 763 4589 811 4656; x_wconf 89' lang='lat' dir='ltr'>Op.</span> <span class='ocrx_word' id='word_1_432' title='bbox 823 4589 880 4642; x_wconf 85' lang='lat' dir='ltr'>edit</span> <span class='ocrx_word' id='word_1_433' title='bbox 891 4591 967 4642; x_wconf 82' lang='lat' dir='ltr'>lene.</span> 
     </span>
    </p>

    <p class='ocr_par' dir='ltr' id='par_1_9' title="bbox 228 4671 632 4740">
     <span class='ocr_line' id='line_1_45' title="bbox 228 4671 632 4740; baseline 0.012 -20"><span class='ocrx_word' id='word_1_434' title='bbox 228 4671 267 4740; x_wconf 79' lang='lat' dir='ltr'>(b)</span> <span class='ocrx_word' id='word_1_435' title='bbox 285 4672 381 4738; x_wconf 87' lang='lat' dir='ltr'>Collnq.</span> <span class='ocrx_word' id='word_1_436' title='bbox 388 4672 430 4724; x_wconf 82' lang='lat' dir='ltr'>lah</span> <span class='ocrx_word' id='word_1_437' title='bbox 443 4673 473 4724; x_wconf 90' lang='lat' dir='ltr'>de</span> <span class='ocrx_word' id='word_1_438' title='bbox 484 4672 566 4724; x_wconf 83' lang='lat' dir='ltr'>Verbo</span> <span class='ocrx_word' id='word_1_439' title='bbox 577 4672 632 4725; x_wconf 85' lang='lat' dir='ltr'>Dei.</span> 
     </span>
    </p>
   </div>
   <div class='ocr_carea' id='block_1_4' title="bbox 0 0 1399 5056">
    <p class='ocr_par' dir='ltr' id='par_1_10' title="bbox 0 0 1399 5056">
     <span class='ocr_line' id='line_1_46' title="bbox 0 0 1399 5056; baseline 0 0"><span class='ocrx_word' id='word_1_440' title='bbox 0 0 1399 5056; x_wconf 95' lang='lat' dir='ltr'> </span> 
     </span>
    </p>
   </div>
  </div>
 </body>
</html>
