2774 5056
141 305 200 363 tuo
435 304 491 366 DE
512 303 651 367 SEXTO
670 304 848 369 tornius
869 307 1035 369 OAPITE.

142 463 276 525 translato
288 463 460 524 adhibetur!
487 463 643 539 Nunquam
655 484 707 543 pro
718 467 819 525 anime
829 467 1001 527 nutrimento
1009 467 1100 545 figura
1109 465 1171 527 hac
1185 461 1337 529 aludeis,

141 559 188 618 vel
199 558 391 623 Orientalibus
405 560 469 619 aliis
482 561 624 639 gentibus,
639 581 757 637 quarum
768 581 863 622 sermo
878 563 922 623 vel
932 582 1027 622 mores
1035 563 1160 640 judaicis
1174 561 1337 623 adsimilar-

142 666 197 728 tur,
208 669 341 737 usurpata
354 659 490 719 noscitur.
531 659 609 738 Ergo
623 669 720 719 contra
733 679 834 721 omnes
856 661 1085 721 Hermeneuticae
1099 661 1211 739 regulas
1233 675 1338 719 seusus

142 758 291 818 translatus
306 758 415 819 Christi
429 758 562 818 concioni
576 758 708 837 affigitur,
725 778 809 835 quem
825 760 887 838 ipse
900 778 959 820 non
971 759 1115 830 indicavit,
1127 779 1182 819 nec
1192 757 1337 819 auditores

146 871 183 913 ex
197 856 299 915 usitata
313 875 372 916 suae
386 856 479 935 gentis
493 856 629 930 loquendi
643 858 761 924 ratione,
776 868 905 935 poterant
915 857 1057 936 detegere.

180 956 229 1012 38.
254 951 321 1034 Obj.
335 960 365 1014 7.
387 954 421 1012 Si
440 954 526 1013 obvio
546 955 645 1013 sensui
665 955 865 1023 inhaereamus,
880 954 1032 1015 dicendum
1054 955 1108 1014 erit
1128 953 1339 1033 Caphmnaitas

140 1067 200 1110 non
218 1052 346 1130 potuisse
368 1052 454 1111 vitam
479 1052 605 1127 assequi,
618 1053 676 1111 nisi
696 1062 833 1131 percepto
853 1053 1030 1114 eucharistie
1052 1054 1245 1121 Sacramento,
1260 1049 1341 1126 quod

140 1148 234 1209 adbuc
247 1169 305 1209 non
320 1159 379 1208 erat
391 1149 564 1210 institutum.
605 1150 687 1211 Idem
701 1151 884 1211 sentiendum
898 1149 934 1211 de
944 1153 1077 1211 omnibus
1086 1151 1136 1226 qui
1150 1170 1186 1210 eo
1197 1149 1342 1209 caruerint

140 1246 292 1316 beneficio,
306 1247 406 1307 saltem
421 1265 473 1325 per
492 1248 589 1307 omnia
612 1247 679 1308 inde
700 1248 878 1308 decurrentia
897 1249 1022 1309 secula:
1044 1247 1121 1324 quod
1140 1258 1235 1307 temen
1248 1263 1341 1309 nemo

139 1360 227 1404 sanus
239 1345 351 1405 dixerit.

180 1439 270 1521 Resp.
307 1444 508 1524 Gapharnaitis
528 1444 633 1503 dictum
661 1452 724 1502 est:
759 1443 857 1501 “Nisi
885 1441 1122 1502 manducaveritis
1149 1459 1264 1500 carnem
1287 1439 1342 1499 lilii

141 1538 269 1609 bominis
281 1551 310 1613 et
322 1543 459 1603 biberitis
472 1544 535 1621 ejus
547 1541 727 1619 sauguinem,
741 1559 798 1601 non
814 1541 954 1600 habebitis
975 1541 1062 1599 vitam
1076 1541 1106 1599 in
1120 1537 1235 1599 vobis.’'
1280 1536 1342 1597 Sed

141 1635 380 1709 quemchristus
403 1639 585 1699 sedatorum
611 1655 724 1696 caruem
745 1655 827 1697 suam
850 1637 1039 1715 promisisset,
1053 1636 1138 1696 minae
1159 1635 1215 1694 illae
1240 1652 1342 1693 neces·

147 1731 223 1794 sarid
236 1736 424 1814 respiciebant
437 1748 550 1816 tempus
572 1755 629 1812 quo
649 1737 743 1812 reipsa
753 1736 866 1795 daretur
887 1734 1092 1796 manducanda.
1134 1734 1203 1793 Nisi
1217 1732 1338 1793 mandu-

143 1841 240 1891 carent
253 1851 340 1908 quum
355 1834 514 1895 institutum
523 1834 607 1894 fuerit
620 1835 845 1904 Sacramentum,
855 1834 948 1909 iisque
958 1831 1186 1893 manducandum
1201 1831 1341 1899 oblatum,

140 1928 219 1989 nulla
232 1929 289 1989 illis
302 1931 443 2010 speranda
456 1943 515 1992 erat
525 1933 614 1991 salus.
644 1931 725 1991 Idem
737 1930 889 1989 dicendum
901 1929 937 1989 de
945 1931 1079 1990 omnibus
1093 1929 1197 2004 quibus
1209 1927 1342 1988 divinum

142 2024 200 2086 boc
213 2024 321 2087 donum
336 2028 499 2099 innotuerit,
514 2029 635 2108 ejusque
655 2028 813 2107 recipiendi
827 2027 901 2087 sacta
914 2026 998 2087 suerit
1011 2027 1105 2106 copia.
1147 2025 1215 2085 Hoc
1228 2025 1344 2085 christi·

146 2125 209 2183 anis
224 2124 402 2187 documentis
417 2129 536 2188 omnino
550 2129 691 2206 congruit.

183 2227 231 2285 39.
257 2224 324 2306 obj.
339 2231 369 2286 8.
390 2224 534 2286 Omnibus
547 2225 699 2285 fatentibus
714 2225 913 2303 Gapharnaitoe
926 2222 1037 2282 Christi
1051 2231 1177 2282 mentem
1192 2240 1253 2281 non
1272 2230 1343 2281 sunt

140 2321 274 2391 macuti,
286 2330 420 2400 putarunt
433 2322 510 2381 enim
522 2340 588 2381 eum
600 2321 635 2380 de
650 2321 743 2381 carnis
757 2320 985 2389 manducatione,
998 2319 1118 2379 naturali
1131 2317 1229 2387 modo,
1244 2336 1343 2397 agere.

68 2454 71 2461 .
141 2418 234 2498 Igitur
246 2439 304 2479 nen
318 2420 386 2480 licet
399 2419 504 2479 inferre
522 2438 587 2478 eum
606 2418 643 2477 de
655 2418 727 2479 orali
739 2419 835 2498 aliqua
859 2418 1077 2479 manducatione
1098 2417 1238 2487 locutum,
1253 2435 1294 2476 ex
1306 2434 1343 2477 ec

140 2515 218 2590 quod
232 2515 450 2593 capharnaitas,
465 2515 701 2592 itaintelligentes
713 2516 775 2591 ejus
791 2515 886 2584 verba,
899 2515 974 2573 haud
985 2515 1147 2574 correxerit

182 2613 272 2692 neap.
302 2615 335 2673 Si
362 2613 397 2673 de
425 2615 543 2691 figurata
563 2622 673 2672 tanturn
695 2613 913 2671 manducatione
940 2614 1047 2691 egisset
1074 2612 1221 2681 Christus,
1244 2611 1344 2671 debuit

145 2711 264 2770 omnino
280 2710 488 2787 Capharuaitas
503 2711 655 2788 corrigere,
670 2729 758 2784 quum
773 2729 823 2769 eos
836 2711 1000 2787 pernicioso
1016 2729 1109 2770 errore
1123 2710 1252 2769 laborare
1266 2709 1345 2768 vide·

142 2817 195 2874 ret,
210 2807 257 2865 cui
271 2808 452 2866 occasionem
466 2815 495 2865 et
508 2826 623 2866 causam
638 2807 699 2884 ipse
714 2806 839 2866 dederat.
883 2807 1026 2867 Caeterum
1041 2808 1077 2866 de
1091 2826 1157 2866 vera
1171 2818 1201 2865 et
1210 2809 1344 2866 snbstan-

143 2903 203 2962 tiali
223 2903 442 2963 manducatione
467 2923 565 2980 agenn
587 2923 712 2964 errorem
734 2904 768 2963 de
790 2904 877 2963 modo
898 2923 956 2979 quo
977 2905 1058 2964 fieret
1078 2924 1151 2983 opus
1165 2924 1225 2964 non
1239 2916 1301 2964 erat
1315 2914 1346 2964 nt

93 3071 95 3076 ,
143 3001 317 3073 emendaret,
333 3022 420 3077 quum
445 3003 507 3081 ejus
532 3022 590 3062 non
610 3014 687 3062 esset
700 3013 807 3072 auctor,
824 3003 1024 3081 Gaphamaite
1038 3004 1117 3063 enim
1146 3004 1202 3062 sibi
1217 3005 1346 3064 tribuere

142 3097 309 3167 debuerunt,
325 3098 402 3174 quod
416 3117 500 3158 suum
515 3117 633 3158 sensum
647 3103 736 3159 secuti
752 3098 787 3158 de
801 3098 888 3158 modo
903 3099 1059 3177 cogitantes
1074 3100 1241 3169 erraverint,
1253 3119 1344 3174 quum

144 3196 302 3274 oportuerit
329 3196 552 3273 promissionem
567 3197 653 3274 plena
671 3195 729 3255 fide
754 3196 899 3274 excipere,
914 3206 943 3255 et
961 3195 1041 3256 modi
1062 3215 1120 3271 quo
1140 3196 1346 3275 adimpleretur

143 3293 345 3353 revelationem
361 3304 522 3371 expectare.

183 3396 233 3451 40.
258 3390 325 3472 Obj.
343 3395 372 3451 9.
395 3391 528 3450 Christus
543 3391 649 3468 sapius
672 3391 799 3469 neglexit
819 3391 960 3469 corrigere
980 3409 1090 3451 errores
1105 3409 1204 3450 eorum
1220 3391 1272 3466 qui
1294 3411 1347 3451 sua

145 3489 231 3549 verba
244 3507 393 3567 perperam
407 3487 616 3547 intellexeruut.
658 3487 708 3546 Sic
722 3489 883 3565 petentibus
897 3488 1051 3547 Pharisaeis
1066 3488 1181 3565 signnm
1196 3488 1264 3566 ejus
1281 3508 1347 3548 auc·

145 3586 274 3652 coriatis,
290 3585 378 3645 dixit:
401 3585 542 3644 “Solvite
563 3583 704 3663 templum
717 3584 781 3653 boc,
796 3597 825 3644 et
845 3587 875 3644 in
888 3587 976 3645 tribus
991 3585 1091 3645 diebus
1112 3568 1246 3646 excitabo
1260 3587 1346 3647 illud.

146 3681 290 3741 Dixerunt
302 3701 370 3760 ergo
385 3681 496 3741 Judael:
519 3681 712 3760 Quadraginta
726 3692 755 3742 et
775 3684 923 3742 sexennis
946 3681 1115 3742 edificatum
1138 3692 1183 3742 est
1202 3684 1348 3762 templum

148 3778 216 3846 hoc,
231 3788 260 3837 et
272 3787 302 3839 tu
316 3778 346 3836 in
372 3776 472 3836 diebus
487 3779 575 3837 tribus
589 3780 727 3839 excitabis
747 3779 828 3839 illud.
870 3781 923 3839 ille
944 3792 1038 3839 autem
1053 3779 1164 3840 dicebat
1178 3779 1215 3839 de
1236 3781 1351 3860 templo

149 3877 276 3953 corporis
291 3875 382 3935 sui.''¹¹
402 3876 451 3935 Sic
464 3877 550 3935 etiarn
564 3895 652 3951 quum
666 3877 803 3939 dixisset:
827 3880 919 3937 “Non
933 3878 1010 3953 quod
1024 3879 1108 3937 intrat
1117 3879 1146 3938 in
1159 3897 1203 3948 os,
1216 3880 1352 3955 coinqui-

147 3982 195 4030 nat
209 3971 355 4031 hominem
365 3976 387 4041 3⁸
401 3982 430 4031 et
442 3973 580 4032 Pharisaei
593 3973 669 4032 dicto
682 3975 732 4032 illo
746 3975 819 4034 male
831 3975 974 4034 intellecto
986 3975 1151 4034 scandalum
1166 3985 1347 4054 paterentur,

147 4067 254 4126 nullam
269 4068 405 4126 rationem
419 4087 516 4129 eorum
532 4070 635 4127 erroris
650 4070 747 4130 haberi
760 4071 860 4139 voluit,
875 4071 927 4129 sed
941 4069 1091 4151 discipulis
1106 4073 1293 4151 cupientibus
1314 4086 1366 4133 ut-

148 4163 317 4224 offensionis
329 4164 472 4224 tolleretur
482 4169 606 4235 occasio,
617 4168 782 4245 respondit:
805 4168 927 4227 “Sinite
939 4168 1022 4228 illos:
1045 4170 1112 4229 caeci
1124 4180 1202 4239 sunt,
1215 4181 1246 4231 et
1256 4170 1349 4232 duces

183 4378 226 4444 (1)
239 4375 303 4427 Vide
313 4374 430 4427 Lectores
441 4392 474 4427 on
485 4377 527 4427 the
537 4377 676 4438 Eucharist,
683 4375 787 4430 Lecture
798 4379 823 4430 ii.
831 4379 880 4430 and
890 4380 925 4430 111.
935 4336 966 4445 bp
974 4380 1112 4433 Nicbolaus
1120 4381 1262 4449 Wiseman,
1270 4384 1305 4439 l).
1313 4384 1348 4437 D·

147 4463 235 4514 Rector
245 4463 275 4513 oi
280 4462 322 4513 the
332 4462 439 4525 English
451 4462 551 4526 Collega
562 4472 587 4515 at
597 4463 684 4515 Rome.

185 4552 228 4617 (2)
246 4551 318 4601 loen.
328 4549 354 4600 11.
366 4552 408 4600 20.

183 4638 226 4706 (3)
245 4636 306 4688 Met.
316 4652 358 4688 xv.
370 4635 408 4685 11.
