2774 5056
90 4710 96 4743 l

141 341 179 395 oo
272 296 290 399 s
320 334 377 395 ue
398 333 509 402 sous
524 332 579 393 stt
600 331 848 393 sarmentum
871 333 1141 395 necessarus.

142 454 241 560 Deus,
258 498 311 551 rt'ec
335 494 411 552 esim
431 493 584 571 Apostolus
609 509 641 549 se
666 493 786 550 tribuere
806 493 944 569 Spiritum
965 493 1066 561 innuit,
1082 493 1133 552 sed
1154 493 1219 552 Deo
1239 510 1324 551 suum

143 598 237 649 servat
248 589 396 648 honorem.
419 589 505 649 Petro
519 587 688 667 predicante
700 589 824 665 Spiritus
836 591 956 648 Sanctus
968 609 1000 648 se
1009 591 1141 649 cordibus
1150 590 1326 649 audientium

52 764 55 769 ,
143 689 276 767 illapsum
289 707 354 747 esse
367 688 566 755 manifestavit,
582 688 632 761 qui
647 687 755 764 Spiritu
776 689 881 746 Sancto
901 690 1034 766 baptisati
1048 690 1153 748 idcirco
1174 688 1325 748 dicuntur:

141 786 193 846 ssd
206 786 280 846 absit
299 797 330 845 ut
353 787 455 846 Petrus
469 785 577 844 dicatur
597 803 648 843 eos
668 784 766 844 divino
780 786 829 844 illo
849 786 957 863 Spiritu
978 789 1148 864 baptizasse,
1163 807 1230 846 nam
1250 787 1325 845 dona

142 885 190 944 illa
204 885 309 954 tribuit,
331 893 360 942 et
382 885 469 943 miros
492 884 556 942 illos
576 883 695 941 effectus
717 892 736 920 ‘⁶
749 896 880 960 operatur
899 903 973 943 unus
995 896 1079 959 atque
1092 885 1168 943 idem
1190 886 1327 962 Spiritus,

143 981 273 1041 dividens
287 982 408 1058 singulis
422 989 506 1058 prout
521 980 624 1038 vult.”²
645 980 714 1038 Non
728 979 781 1037 suit
794 1000 881 1056 penes
894 981 1009 1039 Petrum
1019 982 1110 1039 lacere
1124 982 1263 1040 concione
1274 1000 1327 1039 sua

30 1096 32 1105 ’
141 1090 174 1139 ut
186 1080 310 1157 Spiritus
323 1078 493 1146 illaberetur,
505 1077 582 1152 quod
596 1077 630 1134 ad
645 1077 769 1135 divinam
779 1078 949 1136 voluntatem
962 1095 1076 1154 prorsus
1085 1077 1264 1136 referendum
1273 1089 1326 1136 est.

141 1177 225 1243 Quod
236 1187 330 1235 autem
341 1175 522 1245 Samaritani,
532 1193 566 1234 eo
581 1183 609 1232 et
622 1174 732 1233 Joanne
744 1193 845 1231 manus
856 1175 1077 1251 imponentibus,
1088 1175 1226 1252 Spiritum
1237 1175 1327 1232 Sanc·

140 1283 198 1332 tum
235 1271 405 1349 acceperint,
432 1290 491 1330 nott
523 1280 616 1348 potest
642 1270 803 1347 baptizandi
831 1290 948 1329 munere
982 1271 1129 1348 Apostolis
1156 1271 1326 1330 demandato

139 1368 269 1446 intelligi,
286 1369 348 1445 jam
364 1368 449 1429 'enim
473 1368 489 1426 a
514 1368 650 1445 Philippo
673 1368 807 1444 baptizati
828 1367 946 1425 inerant.
988 1368 1078 1443 lgitur
1099 1387 1152 1426 nec
1174 1368 1325 1434 ordinaria,

140 1484 194 1524 nec
208 1463 427 1523 extraordinaria
441 1464 602 1540 baptizandi
617 1464 723 1540 Spiritu
739 1465 844 1521 Sancto
858 1465 929 1521 ratio
947 1463 1122 1536 exquirenda
1134 1476 1189 1530 est,
1203 1476 1235 1521 ut
1249 1482 1325 1522 matt-

140 1562 235 1621 da'tnm
248 1562 414 1640 explicetur,
429 1561 479 1620 sed
493 1562 617 1638 simplici
629 1562 706 1620 vocis
718 1562 903 1638 acceptationi
914 1560 1119 1618 inherendum.
1141 1562 1327 1637 Comparatio

141 1660 313 1720 amiraculis
327 1660 448 1718 deducta
461 1678 519 1717 nott
541 1659 623 1725 valet,
641 1660 771 1736 Apostoli
794 1659 869 1717 enim
891 1678 924 1716 ea
944 1672 1020 1716 recte
1040 1658 1170 1716 dicuntur
1188 1672 1344 1742 patrasse,

140 1758 207 1831 quia
219 1776 318 1817 eorum
333 1761 422 1835 operit
434 1757 507 1816 sacta
521 1767 605 1816 sunt:
626 1757 678 1815 sed
692 1757 848 1833 baptismus
861 1757 969 1832 Spiritu
978 1756 1083 1814 Sancto
1094 1757 1199 1814 directe
1210 1757 1328 1833 respicit

138 1857 239 1914 snimae
252 1854 513 1914 sanctificationem.

177 1957 227 2021 48,
252 1951 382 2032 0bj.11.
405 1951 522 2010 Nullam
546 1952 696 2010 verborum
718 1950 867 2009 formulam
892 1950 1037 2027 praescribi
1062 1948 1171 2007 Christi
1193 1949 1328 2008 mandato

145 2050 234 2123 liquet
246 2068 284 2108 ex
306 2050 433 2108 libertate
448 2067 532 2122 quarn
554 2048 608 2106 sibi
629 2061 812 2124 sumpserunt
831 2048 972 2125 Apostoli,
988 2045 1149 2123 baptizandi
1169 2047 1328 2123 scilicetin

138 2148 254 2206 nomine
267 2147 364 2214 Jcsu,2
376 2147 445 2219 quin
459 2163 583 2218 unquam
598 2145 758 2220 baptizasse
774 2144 902 2202 dicantur
915 2146 943 2201 in
959 2145 1074 2201 nomine
1086 2144 1190 2213 Patris,
1204 2156 1234 2202 et
1246 2145 1325 2212 Filii,

138 2256 166 2301 et
180 2243 304 2320 Spiritus
319 2241 441 2300 Sancti.⁸
480 2240 560 2318 Ergo
580 2241 608 2298 in
624 2240 694 2298 Jesu
708 2240 864 2316 discipulos
886 2239 985 2297 adsciti
1001 2248 1068 2296 sunt
1080 2238 1237 2306 credentes,
1252 2259 1327 2312 aqua

138 2337 253 2412 quidem
267 2355 481 2411 nonnumquam
496 2354 532 2395 ex
546 2335 676 2413 prudenti
691 2338 850 2394 oeconomia
860 2337 956 2403 abluti,
969 2335 1021 2394 sed
1035 2337 1203 2412 plerumque
1215 2336 1326 2395 Christi

137 2446 244 2495 tantum
257 2436 408 2512 baptismo,
424 2433 532 2512 Spiritu
546 2434 651 2492 Sancto
664 2434 773 2492 scilicet
786 2433 938 2491 emundati.

175 2532 264 2611 Resp.
286 2534 451 2610 Baptismus
465 2533 493 2590 in
508 2534 623 2590 nomine
637 2532 707 2589 Jesu
728 2532 933 2608 intelligebatur
953 2532 1000 2589 ille
1018 2551 1104 2604 quem
1125 2531 1259 2590 Christus
1281 2535 1323 2590 in·

137 2631 235 2698 stituit,
251 2632 358 2704 quique
373 2630 480 2706 Spiritu
496 2629 610 2696 Sancto,
625 2647 681 2686 una
694 2648 759 2686 cum
774 2630 857 2687 Patre
871 2643 899 2687 et
920 2629 1004 2696 Filio,
1019 2632 1150 2689 invocato
1163 2632 1328 2689 contereba-

138 2740 191 2796 tur,
214 2729 283 2786 adeo
304 2737 336 2785 ut
355 2745 443 2800 quum
466 2724 579 2798 quidam
605 2727 762 2802 baptizatos
783 2745 814 2783 se
838 2727 1003 2802 profitentes
1027 2727 1165 2804 Spiritum
1187 2729 1324 2788 Sanctum

141 2826 317 2901 ignorarent,
341 2831 478 2895 quereret
505 2821 689 2879 mirabundus
714 2821 821 2880 Paulus
846 2841 902 2895 qua
930 2824 1036 2881 ratione
1058 2825 1190 2900 baptizati
1211 2825 1328 2883 suerint.

139 2922 252 2980 Certior
265 2921 354 2978 lactus
368 2937 419 2977 eos
438 2918 558 2977 ioannis
579 2918 751 2994 baptismum
772 2929 879 2976 tantum
900 2921 1057 2996 accepisse,
1080 2918 1115 2978 de
1137 2920 1220 2988 Josu,
1241 2922 1324 2998 cujus

138 3019 269 3077 adventui
278 3017 295 3075 J
298 3035 404 3075 oannes
419 3015 556 3093 pupulum
567 3015 619 3073 ritu
630 3015 678 3073 illo
694 3027 905 3092 preparaverat,
914 3035 964 3074 eos
975 3016 1098 3083 edocuit,
1111 3028 1139 3074 et
1150 3019 1324 3094 baptismum

141 3135 227 3189 quem
241 3114 328 3174 Jesus
343 3114 466 3171 instituit
480 3113 515 3169 iis
542 3111 792 3170 administrandum
818 3114 940 3171 curavit:
964 3124 984 3149 “
997 3114 1042 3171 his
1063 3113 1175 3181 auditis,
1190 3116 1328 3192 baptizati

143 3211 252 3270 suntin
267 3210 383 3268 nomine
397 3207 516 3267 Jesu.'’⁴
555 3209 637 3275 Quod
653 3227 734 3266 sacer
746 3219 842 3267 auctor
853 3227 909 3267 non
923 3210 1049 3268 retulerit
1058 3211 1207 3268 verborum
1222 3211 1329 3270 formu·

139 3311 196 3368 lam
210 3309 245 3365 ah
268 3305 414 3383 Apostolis
440 3304 594 3364 adhibitam
619 3305 746 3382 contigit,
771 3307 905 3377 quiores
930 3317 1023 3382 gestas
1047 3306 1169 3364 breviter
1191 3308 1324 3375 narrarit,

139 3409 238 3467 ritibus
254 3405 343 3464 sacris
358 3403 432 3462 haud
447 3404 596 3480 descriptis
612 3403 794 3479 enucleatius.
836 3403 894 3463 Sed
914 3404 949 3462 ds
970 3405 1063 3463 verbis
1085 3407 1227 3482 usurpatis
1247 3407 1327 3465 nulla

139 3516 233 3583 potest
255 3523 318 3562 esse
333 3502 479 3568 dubitatio,
494 3503 519 3560 si
533 3501 695 3560 mandatum
720 3501 899 3577 respiciatur,
909 3512 938 3560 st
956 3510 1089 3560 constans
1109 3501 1249 3561 Ecclesiae
1274 3522 1330 3581 per

139 3604 234 3662 omnia
248 3601 351 3659 saecula
364 3599 549 3657 consuetudo.
563 3600 566 3617 ⁵

179 3703 228 3757 tt.
253 3696 319 3774 Obj.
336 3701 380 3753 12.
396 3697 428 3753 Si
444 3695 552 3753 Christi
563 3696 597 3753 ad
611 3696 802 3755 Nicodemum
813 3715 906 3755 sermo
918 3695 952 3753 de
962 3696 1103 3755 ablutione
1115 3696 1326 3769 aquaiacientla

140 3794 350 3870 intelligeretur,
367 3806 531 3863 sequeretur
555 3794 699 3850 nerninem
724 3812 809 3869 posse
834 3810 951 3869 regnum
972 3792 1107 3851 celorum
1129 3793 1251 3870 ingredi,-
1274 3798 1325 3869 qui

139 3912 212 3966 aqua
226 3891 384 3967 baptizatus
398 3908 455 3946 non
470 3889 570 3946 fuerit:
593 3889 622 3947 id
633 3902 726 3947 autem
738 3888 888 3963 nequidem
901 3910 917 3947 s
929 3889 1085 3947 Catholicis
1099 3889 1262 3960 affirmatur,
1274 3895 1326 3966 qui

143 3989 264 4046 fatentur
279 3997 427 4062 martyres,
443 4004 515 4058 aqua
528 4004 586 4042 non
606 3985 726 4052 ablutos,
741 4004 794 4043 suo
815 3986 952 4063 sanguine
972 3986 1119 4062 baptizari,
1134 3998 1162 4044 et
1182 3988 1253 4046 alios
1275 3991 1328 4063 qui

143 4087 260 4162 eupiunt
274 4101 345 4156 aqua
359 4082 433 4141 ablui
448 4082 618 4159 baptismali,
640 4082 781 4143 celestem
796 4100 880 4159 posse
902 4081 1019 4159 adipisci
1042 4082 1209 4159 gloriamsi
1233 4087 1329 4163 poeni·

176 4300 218 4364 (1)
238 4298 258 4347 I.
269 4294 326 4348 Cor.
336 4295 379 4345 xii.
391 4297 427 4346 11.

136 4395 140 4429 t
174 4385 216 4450 (2)
236 4384 290 4432 Act.
301 4397 326 4431 x.
336 4383 378 4430 48.

175 4471 216 4536 (³)
237 4468 345 4530 Bmltlt
357 4463 479 4530 AP⁰¹⁰352
491 4461 563 4525 P10P·
574 4459 617 4508 ¹55·
630 4463 643 4520 i
657 4462 707 4512 viii·
741 4462 850 4529 Objectio
860 4461 912 4517 hec
923 4470 1006 4514 contm
1016 4465 1143 4516 verborum
1154 4464 1286 4519 formulam
1296 4485 1332 4521 eo

138 4556 253 4618 dirigitur,
263 4561 364 4618 utaque
375 4548 481 4602 adhibite
490 4547 628 4609 denegetur.

174 4641 215 4706 (4)
235 4640 289 4689 Act.
299 4637 351 4688 xix.
362 4639 386 4686 5.
