2774 5056
98 308 138 370 U
445 308 501 370 DE
521 298 699 370 tostinus
719 310 941 373 emisero,

97 468 220 529 unibus
233 468 472 529 administrandus
484 479 538 537 est,
552 469 664 544 quoties
677 469 788 529 scilieet
809 469 846 531 de
872 470 910 530 iis
937 468 987 544 qni
1009 470 1125 547 propria
1147 467 1258 527 volunta

96 568 374 645 peccantntagitur.
415 567 569 646 Estigitur
592 566 746 627 ducti-ao
767 567 960 636 manifestum,
973 576 1005 626 ut
1030 564 1067 625 de
1089 564 1247 642 adoptione

96 664 172 724 tilios
186 664 242 724 Dei
261 665 515 742 inpresentiarum
534 665 681 734 adeamus,
695 665 771 724 sicut
783 675 813 724 et
825 665 865 724 de
885 665 970 725 trium
997 681 1184 743 personarum
1212 663 1258 722 inu

96 770 216 916 calx
231 856 298 938 oej.
310 862 340 916 2.
361 855 468 918 lterum
481 858 616 936 baptizati
629 876 690 918 non·
709 868 776 918 sunt
788 858 831 917 illi
855 858 1008 933 dequibus
1028 857 1154 932 loquitur
1173 857 1258 917 Luca

97 963 119 994 ‘⁶
131 956 229 1035 Ego,”
244 957 337 1031 inquit
350 955 494 1025 Calvinus,
510 965 532 993 ‘⁴
542 957 669 1016 macedo
682 955 770 1015 luisse
784 956 854 1015 illud
874 974 974 1016 verum
986 955 1108 1017 Joaunis
1130 956 1257 1033 baptism

96 1064 125 1113 et
136 1073 226 1113 unum
239 1054 374 1129 idemque
386 1075 452 1116 oum
467 1054 577 1113 Christi
590 1055 778 1133 baptismate:
800 1054 852 1114 sed
875 1054 1066 1132 rebaptizatos
1085 1073 1169 1132 nego.
1215 1055 1258 1123 Qu

94 1151 182 1231 igitur
190 1151 246 1211 sibi
263 1152 362 1211 volunt
374 1153 479 1212 verba:
502 1151 655 1228 ‘baptizati
669 1161 736 1210 sunt
748 1136 777 1211 in
794 1153 909 1211 nomine
922 1152 995 1211 lesu
1004 1151 1028 1210 ι’
1069 1151 1258 1220 Quidam-inte

94 1259 249 1326 pretentur,
263 1257 371 1308 tanturn
386 1249 497 1309 sincera
517 1249 645 1308 doctrina
658 1247 783 1308 eruditos
798 1269 815 1308 a
829 1248 920 1309 Paulo
933 1250 1041 1308 fuisse:
1063 1249 1114 1308 sed
1128 1249 1258 1326 simplici·

94 1343 252 1423 intelligere
278 1345 387 1416 malim,
400 1346 574 1424 baptismum
595 1345 719 1422 Spiritus
748 1345 856 1415 Sancti,
877 1346 933 1405 hoc
955 1355 1009 1414 est,
1033 1346 1137 1424 gratias
1165 1346 1258 1424 Spirit

92 1440 220 1500 visibiles
234 1459 287 1520 per
299 1461 433 1503 manuum
447 1443 661 1521 impositionem
686 1442 785 1502 datas:
808 1461 879 1518 quas
892 1444 1026 1521 baptismi
1041 1443 1158 1503 nomine
1179 1443 1257 1521 sigui

94 1539 152 1598 cari
166 1557 224 1598 non
238 1559 343 1600 novum
358 1540 448 1600 est.''¹

133 1633 223 1715 Rerp.
245 1636 422 1697 Clarissima
436 1638 509 1697 sacri
529 1638 675 1717 scriptoris
695 1638 827 1698 relationi
846 1639 906 1698 vim
926 1638 1012 1698 infert
1032 1638 1223 1711 manifestam,
1240 1658 1258 1715 q

92 1744 178 1812 negat
197 1734 306 1794 Christi
320 1736 492 1814 baptismum
518 1737 651 1796 collatum
665 1738 702 1796 iis
715 1738 765 1812 qui
776 1739 837 1816 jam
851 1757 868 1796 a
880 1737 993 1798 Joanne
1007 1738 1142 1816 baptizati
1165 1739 1258 1800 suerat

93 1832 217 1909 proutip
230 1832 294 1892 loco
309 1832 416 1909 dequo
433 1834 524 1913 agitur
537 1843 673 1893 narratur.
714 1833 860 1907 Equidem
873 1846 972 1895 eontra
982 1836 1098 1895 obvium
1113 1834 1258 1914 baptizae

92 1945 220 2001 sensum,
230 1932 280 2005 qui
294 1941 338 1991 est
350 1951 423 2019 aqua
431 1933 554 2000 abluere,
570 1951 622 2010 pro
635 1931 796 1992 eruditione
807 1942 837 1992 et
849 1934 1025 1993 institutione
1039 1933 1151 1993 sincera
1164 1932 1258 2012 explic

92 2022 334 2101 turanounullis,
356 2049 429 2106 quos
457 2031 540 2104 sequi
562 2029 717 2090 Calvinum
744 2031 840 2109 ipsum
868 2030 978 2109 puduit.
1020 2032 1107 2100 Quod
1132 2042 1228 2094 autem
1253 2055 1258 2093 r

92 2143 229 2210 manuum
244 2127 457 2205 impositionem
472 2127 541 2186 velit
562 2146 662 2187 vocem
687 2126 766 2186 illam
792 2128 906 2198 relerre,
932 2141 1040 2207 pugnat
1062 2148 1128 2189 cum
1152 2129 1258 2190 oration

91 2224 184 2293 serie,
206 2243 271 2284 nam
285 2224 363 2284 nulla
375 2225 446 2284 ratio
470 2225 697 2284 sinitutvocern
720 2226 776 2285 alio
799 2226 978 2304 excipiamus
1004 2244 1102 2297 seusu,
1128 2244 1215 2301 quam
1230 2246 1258 2302 qr

92 2320 200 2399 pluries
214 2323 244 2381 in
258 2331 392 2381 mntextn
416 2321 548 2389 sumitur,
562 2320 676 2395 quando
700 2312 816 2381 nullum
834 2322 922 2381 datur
938 2321 1076 2382 indicium
1097 2322 1232 2382 transitus
1255 2347 1258 2380 ι

91 2438 209 2480 sensum
224 2419 398 2480 uanslatum.
439 2419 582 2479 Preterea
595 2437 678 2478 sacer
697 2419 818 2498 scriptor
831 2421 924 2499 pergit
935 2420 1039 2480 referre
1053 2421 1183 2480 manibus
1198 2422 1258 2500 imp

91 2518 155 2578 sitis
177 2517 300 2594 Spiritus
321 2517 419 2576 Sancti
443 2516 624 2594 presentiam
648 2516 806 2575 manifestis
827 2517 953 2594 patuisse
973 2518 1163 2595 argumentis:
1200 2518 1258 2578 “il

92 2613 227 2679 auditis,''
243 2613 363 2682 dixerat,
379 2612 549 2690 “baptizati
569 2621 636 2670 sunt
655 2612 685 2671 in
705 2614 822 2671 nomine
843 2613 962 2673 Domini
980 2614 1062 2674 lesu.
1103 2614 1222 2675 Etcum
1238 2617 1258 2675 ir

92 2709 239 2788 posuisset
265 2709 322 2768 illis
344 2728 444 2768 manus
470 2709 588 2777 Paulus,
603 2709 681 2767 venit
693 2710 818 2787 Spiritus
839 2711 961 2770 Sanctus
975 2730 1061 2790 super
1072 2730 1133 2779 eos,
1147 2722 1176 2774 et
1190 2713 1258 2788 loqu

91 2808 192 2867 bantur
211 2805 328 2885 linguis,
349 2816 378 2864 et
399 2805 647 2884 prophetabant.'’⁹
685 2806 737 2866 Ex
757 2809 819 2885 ipsa
839 2809 976 2868 orationis
996 2810 1179 2887 simplicitate
1198 2810 1258 2886 liqu

89 2923 227 2964 manuum
241 2904 453 2981 impositionem
462 2902 601 2963 diversam
618 2923 682 2962 esse
694 2905 860 2982 abaptismo
874 2905 909 2964 de
924 2925 982 2980 quo
996 2925 1065 2966 mox
1075 2906 1167 2966 fuerat
1180 2927 1258 2971 serm

90 3001 166 3061 sicut
178 3012 206 3061 et
219 3020 257 3060 ex
268 3001 341 3060 locis
353 2996 486 3060 omnibus
494 3000 659 3079 parallelis,
673 3003 714 3060 uti
729 3004 816 3071 aiunt,
829 3015 940 3063 constm
955 3004 1106 3084 baptizari
1119 3005 1152 3064 iu
1166 3009 1258 3069 uenti

90 3096 165 3158 Jesu
187 3098 285 3158 referri
312 3097 348 3157 ad
372 3117 446 3173 aqua
467 3099 641 3176 baptismum
664 3118 751 3175 quem
772 3101 859 3160 lesus
873 3102 1004 3161 instituit.
1045 3104 1164 3162 Frustra
1177 3104 1258 3167 labor

93 3194 232 3255 Calvinus
245 3196 278 3254 in
290 3212 320 3254 re
335 3194 406 3254 adeo
416 3194 575 3254 manifesta.

130 3298 197 3353 126.
222 3292 289 3373 ooj.
304 3297 332 3352 3.
355 3293 388 3351 Si
402 3292 483 3351 detur
495 3293 654 3369 baptizatos
669 3293 810 3354 aJoanue
838 3295 940 3354 iterum
960 3294 1050 3354 fuisse
1064 3295 1156 3355 Paulo
1166 3297 1258 3374 juben

88 3392 257 3470 baptizatos,
279 3389 309 3450 id
331 3390 437 3450 factum
458 3391 632 3450 censendum
646 3403 699 3461 est,
724 3391 801 3466 quod
816 3393 876 3451 “iu
891 3411 958 3451 eum
971 3392 1021 3467 qui
1043 3404 1180 3452 venturus
1204 3414 1258 3455 ess

89 3499 156 3567 post
168 3490 263 3568 ipsum
275 3499 306 3547 ut
319 3487 475 3558 crederent,
489 3487 545 3546 hoc
553 3498 607 3557 est,
620 3489 650 3549 in
663 3488 812 3558 Jesuru,”⁸
821 3490 1006 3567 baptizaverit
1018 3489 1037 3549 J
1039 3509 1156 3550 oannes.
1193 3491 1258 3572 Op<

89 3587 166 3645 tebat
178 3595 273 3645 autem
286 3604 337 3644 eos
359 3586 463 3644 iterum
476 3585 620 3663 baptizare
634 3586 666 3644 in
687 3586 795 3645 cultum
816 3586 935 3646 Domini
947 3586 966 3645 J
968 3605 1030 3656 esu,
1044 3604 1130 3661 quem
1146 3587 1258 3651 hacten'

89 3683 276 3760 ignorabant:
297 3683 368 3740 ritus
383 3683 489 3760 quippe
503 3683 667 3761 baptizandi
681 3704 697 3742 a
710 3684 729 3743 J
732 3683 820 3743 udaeis
845 3683 973 3743 adhiberi
985 3685 1135 3743 consuevit
1148 3697 1180 3746 ut
1195 3687 1258 3748 initi

89 3788 186 3839 rentur
199 3778 341 3846 homines,
355 3790 384 3837 et
396 3778 503 3837 cultum
517 3780 704 3857 susciperent.

129 3875 219 3954 Resp.
240 3876 287 3936 Ea
301 3876 371 3935 ratio
385 3897 401 3935 a
414 3892 495 3934 sacro
516 3881 652 3954 scriptore
674 3897 732 3936 non
752 3877 901 3946 indicatur,
921 3879 1052 3952 quamvis
1076 3879 1155 3938 enim
1178 3880 1256 3943 Paul

89 3972 196 4034 dicatur
206 3992 240 4032 ea
261 3974 410 4050 protulisse
421 3975 516 4043 verba,
526 3992 561 4034 eo
572 3976 696 4034 consilio
709 3975 816 4052 prolata
828 3976 976 4034 manifesto
992 3987 1059 4035 sunt
1072 3988 1104 4035 ut
1117 3977 1258 4040 hominib·

88 4072 145 4131 illis
170 4070 331 4131 ostenderet
354 4071 474 4131 loannis
502 4074 586 4132 ritum
612 4073 721 4132 Christi
743 4073 884 4150 baptismo
911 4092 961 4132 eos
982 4093 1169 4153 preparasse,
1197 4099 1258 4154 qun

89 4169 217 4261 Bpptista
231 4169 407 4227 Salvatorem
419 4186 487 4227 mox
499 4182 648 4229 venturum
663 4170 837 4248 praediceret.
872 4171 974 4230 Petrus
986 4182 1079 4230 autem
1094 4192 1258 4252 unumquer

13 4292 15 4297 ·
89 4285 145 4341 que
158 4263 359 4344 baptizandum
373 4265 403 4324 in
419 4267 617 4326 remissionem
632 4277 812 4345 peccatorum
837 4268 918 4328 dixit.
959 4268 1048 4346 Igitur
1062 4289 1120 4331 non
1135 4271 1257 4336 habend

487 4462 529 4527 (1)
548 4461 607 4511 lnst
619 4461 636 4510 l.
647 4460 678 4512 iv.
690 4475 711 4510 c.
723 4476 763 4510 xv.
775 4476 799 4512 n.
816 4464 855 4513 ts.

482 4548 521 4612 (2)
542 4549 596 4596 Act
610 4545 662 4595 xix.
674 4548 698 4596 5.
716 4549 739 4596 6.

482 4633 520 4692 (3)
537 4630 593 4680 Act.
603 4630 656 4680 xix.
665 4632 691 4678 6.
