2774 5056
100 327 158 389 aas
337 321 394 385 uu
415 322 721 386 rusutrumouu
742 319 1061 416 numerem.

98 503 172 561 quos
185 483 322 544 dlocubrs
336 493 390 552 est,
403 481 552 561 Apostolis
564 474 790 559 scilicat'quibos
805 486 974 564 mysterium
989 486 1070 566 regui
1092 504 1180 546 nosse
1198 485 1297 546 datum

97 590 161 650 esta
174 599 213 639 ex
225 591 350 656 tempore
370 579 456 656 paulo
469 589 534 638 ante
547 590 686 648 mortem3
708 597 744 638 ex
759 581 896 640 omuibus
912 581 1040 657 danique
1053 580 1208 661 adjunctis,
1224 600 1291 657 qum

97 677 207 737 nullum
220 677 317 754 figura
331 675 399 735 daut
411 675 560 736 indicium.

135 779 185 833 53.
206 773 348 847 Eduidem
362 772 515 832 concordia
534 783 654 848 quatuor
666 792 811 834 sacrorum
832 777 1002 854 scriptorum
1015 776 1045 835 in
1067 793 1097 834 re
1122 788 1205 854 gesta
1230 796 1296 836 uar-

95 871 183 931 rauda
194 870 297 931 iisdem
311 871 429 931 omuino
448 869 551 939 verbis,
566 870 643 946 quod
665 871 794 949 pertinet
808 871 843 931 ad
865 873 949 950 panis
968 874 1227 942 consecrationem,
1246 876 1297 935 rel

97 987 131 1028 ea
143 978 251 1027 tactum
265 967 398 1027 varietate
411 985 474 1042 qua
490 968 638 1026 verborum
653 986 717 1041 quae
731 987 834 1028 omues
848 969 973 1029 referunt
986 971 1045 1028 vim
1068 970 1182 1029 obviem
1197 970 1296 1031 decla·

95 1078 158 1127 mut
169 1079 199 1127 et
211 1075 325 1145 augent,
339 1065 415 1124 haud
428 1066 491 1125 leve
512 1079 711 1145 argumentum
726 1079 773 1127 est
789 1087 823 1127 ea
843 1070 928 1130 obvio
949 1069 1089 1129 sumenda
1111 1089 1177 1130 esse
1193 1086 1296 1132 sensu.

96 1165 173 1224 Nam
187 1163 213 1222 si
226 1181 328 1222 sensus
342 1161 414 1222 soret
427 1162 587 1232 manslatue,
608 1163 805 1223 inrerusimile
819 1165 938 1225 omnino
954 1176 999 1224 eat
1012 1167 1158 1226 neminem
1173 1184 1212 1227 ex
1233 1167 1296 1226 illis

93 1279 161 1322 eum
184 1260 370 1338 proditurum,
385 1259 542 1338 praesertim
567 1277 657 1334 quum
670 1279 709 1319 cx
729 1262 863 1321 varietate
883 1263 1034 1321 verborum
1054 1280 1118 1337 qua
1139 1264 1291 1333 adhibent,

94 1355 164 1417 dum
176 1355 212 1416 de
226 1356 315 1415 calice
336 1357 436 1434 agitur,
451 1356 559 1431 liqueat
569 1374 620 1414 eos
644 1375 762 1416 sensum
785 1359 876 1436 magis
897 1375 983 1434 quarn
1005 1359 1091 1417 verba
1110 1361 1291 1438 respexisse.

94 1454 203 1514 Paulus
218 1455 368 1511 verborum
381 1453 510 1511 ordinem
520 1462 617 1520 mutat,
629 1453 698 1526 quin
710 1471 812 1512 seusus
825 1457 1100 1514 mutatur—Turro
1111 1463 1186 1512 Mor
1198 1459 1293 1512 ἘΣΊῚ

93 1556 140 1604 'lto
152 1555 453 1626 zoMA-pronomen
468 1548 576 1607 scilicet
588 1549 683 1608 ceteri
696 1549 835 1627 emptores
848 1550 948 1610 ultimo
959 1555 1070 1628 ponunt
1081 1546 1158 1605 loco.
1202 1543 1294 1603 Addit

94 1640 197 1699 mama
226 1647 328 1716 ebdnt'p
347 1651 414 1718 ὑμῶν
434 1644 715 1714 atalpero—articulo
739 1645 881 1707 indicante
903 1645 981 1708 ettad
1003 1660 1109 1721 corpus
1137 1641 1215 1716 quod
1238 1659 1295 1719 pro

94 1737 175 1796 vobis
189 1737 335 1814 frangitur,
350 1736 395 1793 vel
409 1738 450 1795 uti
464 1737 558 1798 Lucas
572 1740 726 1799 habet-aee
736 1747 799 1814 ὑπὲρ
810 1744 878 1816 ὑμῖν
888 1737 1128 1815 bitom-illud
1140 1735 1219 1812 quod
1237 1755 1293 1815 pro

94 1835 175 1895 robis
189 1835 279 1894 datur.
320 1835 478 1914 Emphasis
493 1837 554 1897 hoec
568 1856 624 1913 qua
639 1838 772 1898 Christus
786 1837 898 1896 locutos
912 1847 957 1895 est
967 1839 1026 1898 rim
1049 1837 1134 1896 habet
1148 1842 1295 1913 maguam,

93 1932 129 1993 ad
142 1933 348 2012 designandum
362 1954 466 2013 eorpus
481 1935 574 2013 ipsum
586 1935 741 2031 esse‘quod
755 1955 807 2014 pro
821 1935 904 1994 nobie
918 1935 1096 1996 immolatum
1107 1945 1162 2003 est,
1176 1934 1295 2012 sangui·

92 2051 159 2092 uem
173 2032 279 2114 ipsum,
294 2051 352 2107 quo
365 2051 472 2092 novum
485 2034 609 2094 sancitur
622 2034 725 2103 fredus,
740 2045 769 2093 et
782 2043 900 2112 peccata
913 2034 1075 2111 expientur.
1116 2032 1150 2092 ld
1164 2031 1294 2091 fatentur

96 2130 186 2189 critici
201 2129 424 2190 Protestantici.¹

128 2232 182 2288 M.
205 2228 328 2287 Occasio
341 2217 435 2288 eutem
449 2247 507 2304 qna
520 2228 653 2289 Christus
668 2229 730 2288 hec
744 2228 862 2307 protulit
875 2229 959 2287 rerba
972 2228 1091 2289 obvium
1110 2246 1211 2288 eorum
1226 2245 1293 2287 sen·

93 2344 157 2385 sum
171 2326 348 2385 retinendum
363 2345 427 2385 esse
443 2327 567 2386 maxime
581 2326 715 2386 ostendit.
743 2324 892 2385 Obtulerat
906 2344 985 2385 more
1006 2325 1173 2386 Judaeorum
1186 2342 1294 2404 agnum

93 2424 268 2502 paschalem,
283 2425 339 2492 sui,
352 2423 395 2483 uti
409 2441 509 2483 omnes
523 2423 653 2493 fetentur,
668 2434 788 2502 typum;
803 2441 893 2501 agnus
905 2422 981 2483 enim
996 2433 1041 2482 est
1052 2422 1197 2492 Ghrlstus,
1209 2423 1294 2500 cujus

93 2522 232 2600 sanguine
246 2521 345 2580 mundi
359 2531 475 2598 peccata
489 2522 632 2581 tolluntur.
665 2521 819 2580 victimam
834 2539 866 2578 se
880 2521 998 2580 exhibet
1011 2521 1088 2579 illius
1102 2520 1177 2587 loco,
1192 2521 1294 2578 verita·

93 2631 150 2678 tem
165 2629 236 2696 typo
250 2619 434 2676 substituens.
468 2618 536 2676 Non
552 2620 636 2695 igitur
647 2629 750 2695 typum
762 2617 848 2675 alium
860 2629 888 2675 et
900 2618 1016 2695 signum
1029 2636 1154 2692 quaerere
1167 2625 1290 2693 oportet,

93 2715 145 2774 sed
158 2734 217 2773 rem
232 2716 335 2792 ipsam,
350 2732 445 2772 veram
460 2714 603 2772 victimam
615 2733 671 2787 qua
680 2715 770 2792 figura
780 2714 923 2791 impletur.
946 2714 1039 2773 Vetus
1052 2713 1177 2772 aboletur
1185 2709 1292 2781 soedus,

93 2829 256 2885 novumque
270 2810 457 2878 substituitur,
472 2810 610 2888 sanguiue
624 2812 709 2871 etiam
723 2810 904 2870 firmandum.
946 2810 1033 2869 Adsit
1042 2829 1160 2869 necesse
1175 2810 1213 2868 sit
1226 2829 1294 2868 san·

93 2911 168 2989 guis,
183 2929 219 2968 ne
239 2921 297 2968 tota
320 2927 365 2966 res
389 2907 544 2967 adranam
569 2910 724 2987 imaginem
746 2909 898 2987 redigatur,
915 2918 944 2968 et
964 2908 1056 2967 foedus
1079 2921 1200 2987 negetur
1225 2920 1293 2968 tunc

93 3010 243 3077 sancitum,
256 3007 373 3065 Christo
387 3006 416 3064 id
427 3005 613 3066 nihilominus
625 3007 792 3067 affirmante.
816 3008 926 3066 Omnes
938 3017 1096 3085 agnoscunt
1110 3008 1292 3086 praecipuum

92 3124 174 3165 novae
187 3104 260 3182 legis
275 3104 489 3161 Sacramentum
504 3122 537 3162 ea
551 3104 702 3163 occasione
716 3105 896 3163 institutum:
921 3123 989 3181 ergo
1009 3103 1182 3163 clarissimis
1198 3104 1292 3163 verbis

93 3204 155 3281 ejus
169 3212 268 3261 natura
281 3200 455 3278 designanda
469 3211 536 3269 erat,
546 3220 582 3260 ne
597 3202 626 3260 in
641 3220 671 3260 re
683 3221 797 3260 summa
810 3201 950 3261 haererent
963 3201 1073 3259 Christi
1087 3201 1233 3280 discipuli,
1245 3201 1294 3260 vel

93 3301 254 3380 pernicioso
268 3318 362 3358 errore
376 3299 543 3358 laborarent.
585 3299 680 3358 Verba
700 3300 786 3377 igitur
809 3299 894 3358 obvio
916 3298 1078 3357 adhibenda
1098 3311 1179 3358 erant
1192 3320 1291 3369 sensu,

92 3399 138 3458 vel
151 3400 176 3457 si
191 3418 247 3472 qua
260 3398 350 3475 figura
364 3396 553 3465 adhiberetur,
569 3397 611 3454 vis
629 3397 691 3473 ejus
706 3405 735 3454 et
748 3396 918 3474 significatio
939 3396 1022 3472 plane
1044 3395 1209 3454 definienda
1222 3408 1289 3465 e1at,

92 3495 163 3557 adeo
177 3509 208 3555 ut
220 3514 304 3555 nemo
318 3494 400 3552 facile
415 3505 513 3572 posset
526 3493 698 3552 voluntatem
721 3493 839 3552 Domini
854 3494 909 3561 sui,
923 3490 953 3551 et
972 3491 1087 3551 soederie
1102 3492 1286 3552 conditiones

91 3593 230 3672 ignorare.
270 3591 474 3664 Alloquebatur
490 3590 653 3666 Apostolos,
668 3607 740 3663 quos
755 3589 903 3648 cousuevit
916 3588 1082 3647 familiarius
1097 3588 1230 3656 edocere,
1242 3590 1285 3647 eis

93 3691 180 3750 animi
194 3691 239 3748 sui
253 3709 354 3748 sensus
369 3699 398 3748 et
411 3708 512 3746 arcana
525 3689 651 3748 coelestia
671 3688 810 3766 pandens,
825 3687 881 3746 illis
897 3687 1003 3765 quippe
1025 3685 1121 3745 datum
1137 3696 1183 3745 est
1201 3706 1289 3747 nosse

128 3885 170 3950 (1)
189 3883 305 3933 “Almost
316 3899 389 3949 every
398 3882 498 3948 syllable
511 3881 540 3931 of
547 3881 588 3932 the
600 3881 702 3946 original
713 3882 801 3942 Greek,
811 3881 940 3948 especially
952 3880 993 3932 the
1007 3879 1110 3940 articles,
1122 3881 1143 3930 is
1153 3882 1291 3947 singularly

92 3971 221 4037 emphatic.
254 3970 277 4021 It
287 3987 347 4021 runs
357 3971 527 4024 thus-'Peuce
538 3991 583 4040 γαρ
594 3973 647 4025 ἐστι
657 3977 695 4023 Το
706 3991 768 4040 nepe
777 3991 831 4039 μου,
842 3976 879 4022 Το
891 3987 935 4039 της
951 3990 1034 4038 aarum
1046 3971 1173 4040 διαὲηκης,
1184 3977 1223 4024 Το
1234 3988 1290 4040 περι

91 4073 185 4116 nmmo
196 4079 352 4126 εκχιψομενον
362 4081 396 4121 εις
411 4074 495 4128 opauco
513 4075 644 4130 cpapruav.
679 4060 736 4110 The
754 4058 880 4120 following
898 4059 975 4109 literal
992 4058 1136 4109 translation
1154 4059 1205 4110 and
1221 4075 1289 4126 para·

59 4172 64 4181 ·
90 4147 179 4215 phrase
196 4144 228 4195 do
247 4153 292 4195 not
307 4145 396 4195 excead
411 4146 443 4196 its
462 4143 756 4209 meaningr-‘Fortbr’s
772 4143 795 4195 s's
814 4142 893 4194 enan
911 4141 983 4195 blood
998 4141 1031 4212 of
1041 4143 1118 4202 miae,
1136 4144 1220 4196 which
1237 4160 1288 4195 was

90 4234 191 4302 pointed
201 4241 245 4284 out
254 4234 287 4297 by
299 4233 331 4282 alt
341 4232 383 4282 the
393 4234 513 4285 merifices
523 4234 601 4286 nuder
611 4233 653 4284 the
663 4231 757 4284 Jewisb
767 4233 822 4292 law,
833 4230 882 4281 and
894 4231 1048 4297 particularly
1061 4233 1094 4296 by
1106 4231 1149 4282 tho
1166 4232 1288 4296 shedding

91 4321 141 4374 and
151 4319 288 4386 spriukling
298 4317 327 4368 os
339 4318 381 4368 the
393 4319 463 4369 blood
474 4320 502 4371 ol
514 4319 556 4372 tlte
566 4319 665 4386 paschal
682 4319 761 4379 lamb;
780 4317 858 4368 Tura·
871 4333 958 4368 eccon
970 4317 999 4368 ol
1011 4317 1053 4369 tlte
1060 4317 1169 4368 mantice
1180 4319 1244 4373 elain
1253 4319 1289 4369 sor

91 4407 133 4457 the
143 4403 287 4456 ratification
297 4401 331 4471 os
341 4400 382 4454 tlte
391 4418 448 4455 new
458 4413 593 4463 coemant,-
606 4405 664 4455 Tne
676 4402 746 4456 blood
755 4403 828 4468 ready
840 4410 865 4454 to
875 4405 907 4454 be
920 4401 1022 4470 poured
1035 4406 1081 4454 out
1091 4400 1139 4470 scr
1150 4401 1191 4455 rte
1202 4401 1286 4455 multi·

91 4492 170 4553 tudes,
181 4491 222 4543 the
234 4490 313 4541 whole
330 4490 428 4541 Gentile
439 4491 516 4542 world
532 4508 559 4542 as
576 4493 631 4542 well
648 4508 675 4542 ae
692 4490 734 4542 the
752 4491 826 4552 Jews,
837 4488 883 4558 sor
900 4489 940 4542 tte
951 4487 1045 4557 taking
1061 4504 1139 4558 away
1150 4489 1186 4558 of
1197 4487 1287 4541 einr.''’

91 4576 198 4629 Home’r
209 4576 384 4636 lutrodueticn,
396 4575 451 4627 Vol.
462 4577 487 4628 ii.
499 4591 524 4645 p.
535 4580 593 4628 5⁰8.
611 4564 742 4629 American
753 4575 808 4627 edit.
820 4576 879 4627 citat
890 4575 923 4626 A.
935 4573 1046 4625 Olarke'r
1057 4573 1194 4628 Discourse
1205 4593 1238 4628 ou
1249 4575 1287 4628 the

91 4664 229 4726 emant
239 4678 281 4729 rr.
292 4665 332 4715 ⁶1.
345 4665 385 4713 ea.
