2774 5056
479 313 536 377 DE
558 313 904 376 SATISFAOTIONE.
1199 320 1203 333 “
1229 311 1288 371 8ῠο

90 476 182 536 duces
197 494 303 553 magno
317 493 471 546 consensu,
486 475 511 534 si
526 475 676 553 exeeperis
691 473 884 541 Oxonienses,
899 471 949 546 qui
968 471 1065 530 sanius
1079 489 1179 549 sapere
1200 488 1294 549 empe-

91 584 172 644 rnnt‚
186 575 319 649 quamvis
334 575 441 633 nullam
467 573 580 652 plenam
602 581 784 651 peccatorum
806 571 1011 648 indulgentiam
1025 579 1089 629 ante
1104 569 1181 629 diem
1190 569 1294 648 judieii

92 671 214 732 eoncedi
230 672 414 748 peccantibus
430 682 496 747 post
508 670 682 748 baptismum
697 667 815 728 errando
829 676 977 726 censeant.

136 773 204 827 lae.
228 768 393 827 Concilium
408 765 611 826 Tridentinum
626 766 821 830 definitionem
836 765 909 822 hano
924 762 1032 822 edidit:
1055 771 1075 800 ⁸¹
1089 762 1121 820 Si
1136 762 1200 835 quis
1215 760 1294 821 dixe·

92 866 141 934 rit,
156 875 242 925 totam
257 884 371 943 poenam
386 863 474 923 simul
487 883 551 923 eum
567 864 649 942 eulpa
663 863 767 922 remitti
781 881 895 939 semper
908 881 925 918 a
939 861 1013 928 Deo,
1029 861 1292 933 satisfactionesque

93 961 295 1039 poenitentium
311 980 369 1020 non
383 979 448 1020 esse
462 960 546 1018 aliam
561 977 647 1033 quam
661 959 748 1019 fidem
771 977 827 1032 qua
848 955 1065 1036 apprehendunt
1079 955 1227 1015 Christum
1241 973 1294 1032 pro

94 1061 139 1118 eis
153 1060 338 1128 satisfecisse,
354 1059 506 1119 anathema
518 1057 603 1116 sit.’'¹

604 1263 788 1312 Pnoroamro.

141 1411 219 1472 Toto
228 1430 318 1490 poeuu
327 1408 443 1490 peceati
456 1429 516 1472 nou
530 1429 643 1492 semper
656 1426 675 1470 u
688 1408 752 1468 Deo
767 1408 931 1470 remittitur
943 1409 1037 1471 simul
1050 1429 1117 1473 rum
1133 1411 1228 1493 ruma.

138 1509 292 1570 Probatur
305 1508 332 1568 I.
346 1527 381 1568 ea
399 1507 572 1588 Scripturis.

141 1610 209 1666 129.
231 1607 353 1683 Moyses
374 1617 403 1665 et
422 1607 518 1666 Aaron
538 1607 568 1666 in
589 1624 703 1686 poenam
724 1606 815 1684 eulpae
830 1606 972 1675 admisse,
989 1609 1142 1669 occasione
1156 1619 1295 1684 aquarum

96 1703 308 1766 educendarum
321 1722 337 1762 e
351 1722 431 1783 rupe,
446 1704 580 1783 prohibiti
599 1715 667 1763 sunt
686 1705 817 1782 ingressu
833 1705 978 1765 interram
994 1705 1134 1766 Chanaan
1146 1711 1168 1777 ς’
1181 1727 1244 1782 quae
1260 1709 1296 1767 iis

97 1801 271 1881 gravissima
296 1811 356 1859 erat
381 1819 476 1880 poena.
527 1799 621 1860 David
648 1820 665 1858 a
695 1800 810 1858 Nathan
838 1801 993 1879 increpitus
1019 1801 1110 1860 dixit:
1143 1804 1298 1864 “Peoeavi

97 1898 239 1983 Domino.
281 1897 420 1973 Dixitque
435 1897 552 1986 Nathan
566 1896 601 1955 ad
616 1897 728 1956 David:
751 1896 894 1957 Dominus
909 1917 1024 1972 quoque
1040 1900 1183 1959 transtulit
1198 1919 1298 1979 peona·

100 2008 276 2059 tumtunm:
297 1997 438 2057 morieris.
480 1996 685 2055 Verumtamen
699 1997 833 2070 quoniam
846 1997 1042 2074 blasphemare
1054 1998 1148 2057 fecisti
1161 1999 1297 2059 inimicos

98 2081 233 2163 Domini,
248 2106 363 2174 propter
386 2096 503 2154 verbum
524 2094 589 2163 hoo,
606 2094 680 2153 lilius
701 2095 751 2168 qui
772 2105 918 2153 natusest
939 2095 987 2153 tibi
1010 2107 1100 2154 morte
1115 2097 1299 2166 morietur.’'⁸

102 2182 178 2277 Haeo
190 2212 304 2268 quoque
319 2195 487 2272 gravissima
501 2192 632 2252 habenda
644 2206 688 2252 est
702 2211 797 2269 poena,
814 2193 972 2270 penitenti,
987 2192 1105 2252 dimissa
1119 2195 1214 2273 eulpa,
1229 2196 1299 2256 irro-

100 2302 177 2371 gata.
218 2289 323 2349 Eidem
345 2289 494 2367 eujusdam
514 2289 644 2348 elationis
665 2289 752 2348 animi
767 2289 797 2347 in
811 2288 986 2347 recensendo
1000 2290 1108 2367 populo
1123 2293 1235 2351 veniam
1250 2291 1299 2351 de·

100 2390 240 2469 precanti,
252 2388 419 2466 gravissima
433 2407 518 2466 poena
531 2399 575 2446 est
589 2387 716 2447 inflicta:
740 2396 760 2425 “
773 2388 895 2447 Peoeavi
909 2387 990 2446 valde
1013 2390 1043 2446 in
1056 2389 1112 2449 hoc
1131 2390 1227 2459 iact03
1247 2390 1299 2449 sed

101 2472 206 2565 precor
229 2484 364 2554 Domine,
378 2495 410 2543 ut
424 2484 574 2543 transferas
588 2483 767 2558 iniquitatem
782 2484 857 2541 servi
872 2485 923 2552 tui,
938 2484 1006 2558 quia
1019 2484 1103 2544 stulte
1117 2486 1163 2563 egi
1176 2484 1297 2553 nimis.”

102 2583 174 2644 Gad
185 2583 323 2662 propheta
335 2583 362 2640 ei
372 2582 513 2661 judicium
528 2582 656 2641 divinum
672 2582 865 2641 annuntiavitr
882 2583 973 2642 “Aut
986 2594 1095 2661 septem
1111 2585 1192 2642 annis
1205 2586 1300 2644 veniet

101 2683 155 2742 tibi
169 2681 259 2741 sames
273 2682 304 2740 in
318 2691 390 2740 terra
403 2691 468 2740 tua:
491 2691 539 2739 aut
553 2680 640 2739 tribus
659 2681 805 2739 mensibus
828 2680 921 2759 fugies
936 2681 1112 2742 adversarios
1127 2694 1202 2752 tuos,
1215 2695 1244 2743 et
1257 2684 1300 2745 illi

83 2834 86 2849 ,
101 2790 131 2840 te
145 2765 355 2859 persequentur
368 2798 376 2848 ;
395 2787 444 2836 aut
454 2789 529 2836 eerte
544 2777 632 2836 tribus
647 2776 747 2835 diebus
761 2778 815 2836 erit
827 2779 990 2856 pestilentia
1004 2779 1033 2838 in
1046 2789 1119 2838 terra
1127 2779 1222 2838 tua.'’⁴

142 2875 298 2936 Probatur
310 2874 353 2934 II.
371 2892 407 2934 aa
417 2874 575 2935 Patribus.

147 2976 214 3033 1³0⁸.
237 2974 428 3033 Auousrrnus
443 2973 498 3030 ait:
521 2981 541 3008 ‘⁴
552 2971 673 3050 Cogitur
683 2971 771 3031 horno
785 2971 914 3041 tolerare,
925 2973 1010 3032 etiam
1025 2975 1153 3033 remissis
1166 2977 1301 3052 pereatis,

103 3072 237 3149 quamvis
262 3071 430 3130 utineam
455 3070 564 3128 veniret
584 3069 738 3138 miseriam,
766 3071 890 3148 primum
915 3071 1000 3129 fuerit
1024 3090 1110 3131 eausa
1141 3084 1300 3150 peecatum.

102 3168 277 3230 Productior
296 3179 340 3228 est
360 3168 438 3227 enim
460 3187 553 3245 prena,
569 3185 655 3241 quam
670 3168 763 3244 eulpa,
778 3187 814 3226 ne
830 3187 915 3244 parva
929 3178 1073 3244 putaretur
1087 3169 1181 3246 eulpa,
1196 3171 1221 3228 si
1235 3189 1301 3231 eum

102 3267 156 3355 illa
170 3267 298 3325 finiretur
312 3277 340 3324 et
353 3284 448 3343 poena.
477 3264 519 3322 Ae
529 3283 580 3342 per
590 3265 655 3332 hoe,
665 3264 710 3321 vel
722 3262 757 3321 ad
769 3264 1040 3324 demonstrationem
1053 3265 1153 3322 debite
1169 3267 1302 3334 miseriae,

104 3365 154 3426 vel
168 3363 204 3423 ad
218 3364 445 3424 emendationem
459 3362 551 3421 labilis
565 3362 649 3430 vitae3
664 3362 709 3420 vel
721 3360 758 3419 ad
767 3362 998 3421 exercitationem
1014 3365 1180 3422 necessariae
1196 3365 1304 3441 patien-

104 3462 165 3530 tiae,
179 3460 372 3539 temporaliter
382 3460 529 3521 hominem
543 3458 650 3518 detinet
664 3477 757 3537 poena,
770 3459 854 3518 etiam
869 3478 955 3533 quem
966 3460 1026 3536 jam
1042 3459 1077 3516 ad
1091 3458 1302 3525 damnationem

104 3561 311 3639 sempiternam
337 3577 417 3619 reum
438 3577 496 3618 non
517 3557 625 3616 detinet
644 3556 774 3635 eulpa.''⁵
812 3557 852 3616 Et
873 3557 960 3616 alias:
990 3557 1160 3635 “impunita
1187 3572 1304 3636 peccata

106 3676 220 3727 eorum,
242 3656 327 3717 etiam
348 3656 451 3730 quibus
472 3653 609 3732 ignoscis,
636 3671 694 3713 non
715 3654 866 3730 reliquisti.
908 3653 957 3713 Sia
972 3653 1132 3734 prorogasti
1145 3655 1305 3718 misericor·

143 3854 188 3921 (l)
208 3851 273 3903 Sese
284 3852 337 3904 xiv.
354 3867 409 3902 ean.
420 3849 464 3902 xii.

146 3938 190 4006 (2)
210 3935 288 3987 Num.
299 3952 342 3987 xx.

147 4024 189 4090 (3)
206 4022 237 4073 lI.
249 4022 310 4085 Reg.
321 4021 364 4072 xii.
387 4023 425 4072 13.
445 4020 572 4072 Adnotant
589 4019 757 4071 oxonienses:
775 4018 863 4068 “Here
880 4016 902 4066 is
919 4033 934 4067 a
950 4017 1108 4083 perspi‘euous
1125 4020 1235 4073 instance
1251 4023 1308 4074 ofa

106 4110 223 4180 peniteat
232 4109 339 4160 restored
350 4118 375 4159 to
387 4107 567 4174 God’st‘evoun
585 4117 611 4160 at
621 4123 690 4171 enee,
700 4115 743 4174 yet
759 4105 799 4157 his
815 4107 867 4157 sins
886 4106 1023 4156 afterwards
1039 4107 1134 4169 visited,
1145 4109 1193 4159 and
1204 4110 1223 4160 it
1233 4111 1308 4162 needs

105 4211 170 4263 very
181 4197 241 4247 little
251 4195 395 4260 experiente
404 4195 432 4245 in
443 4194 484 4245 lise
493 4201 519 4245 to
530 4195 561 4244 be
572 4211 651 4245 aware
659 4181 712 4246 that
722 4192 783 4244 such
791 4191 1040 4258 punishmentsoecur
1048 4194 1206 4260 continually,
1214 4194 1309 4259 though

104 4300 144 4336 no
155 4297 204 4333 ons
214 4283 283 4333 talres
293 4281 360 4332 them
371 4289 396 4330 to
406 4281 436 4330 be
447 4296 480 4330 an
490 4279 605 4330 evidence
616 4280 669 4331 that
679 4279 721 4330 the
731 4278 831 4329 sufferet
841 4277 969 4328 himselfis
980 4279 1057 4328 under
1067 4278 1143 4329 God‘s
1154 4280 1308 4345 displeasure,

106 4374 156 4423 bnt
166 4367 246 4419 rather
253 4374 370 4418 aeeounts
380 4366 447 4418 them
462 4365 641 4432 punishments,
649 4382 712 4417 even
722 4364 796 4416 when
806 4379 844 4414 we
855 4364 917 4414 have
928 4365 1053 4415 abundant
1064 4365 1144 4429 proofs
1155 4365 1184 4415 os
1189 4365 1229 4416 his
1239 4367 1308 4430 saith,

105 4461 174 4518 love,
185 4455 301 4516 hohness,
312 4453 361 4504 and
371 4452 521 4504 sruitsulness
531 4452 559 4503 in
566 4452 630 4515 good
641 4449 744 4504 worhs.'’
779 4450 866 4502 Traets
877 4444 934 4501 Vol.
944 4451 976 4502 ir.
987 4450 1037 4502 No.
1050 4452 1089 4501 ts.
1099 4465 1124 4516 p.
1136 4453 1160 4501 7.

119 4572 123 4577 -
145 4544 191 4611 (4)
211 4541 243 4591 11.
254 4541 315 4604 Reg.
326 4538 393 4590 xxiv.
407 4541 445 4588 10.
929 4553 933 4558 ·

146 4629 193 4698 (5)
212 4626 294 4679 Traet
303 4624 386 4679 onir.
395 4623 424 4676 in
433 4623 504 4676 ioan.
515 4639 541 4676 n.
553 4625 577 4675 b.
