2812 5062
342 312 663 374 INDULGENTIAS
685 311 978 378 CONGEDENDI.
1197 316 1255 375 387

92 472 186 552 Rcap.
207 473 289 533 Deus
305 491 405 550 poenas
426 473 517 550 exigit
537 472 707 550 temporales
723 492 740 531 a
755 482 913 550 peccatore,
928 471 979 547 qui
999 470 1107 532 ideirco
1120 471 1151 531 in
1166 473 1256 549 poeoi·

53 574 152 632 tentiae
166 591 255 649 opera
265 571 431 631 incumbere
445 570 547 630 debet:
570 571 623 631 sed
643 590 733 645 quum
747 571 926 630 remissionis
945 570 1105 629 facultatem
1122 570 1257 630 Christus
1346 574 1349 585 ’
1384 586 1389 597 “

56 670 207 748 Apostolis
229 668 348 737 dederit,
363 668 456 746 ipsius
478 669 642 728 auctoritate
664 668 770 728 tollitur
790 667 918 727 debitum
932 667 967 726 ad
991 667 1067 741 quod
1087 667 1258 728 solvendum

54 785 143 846 opera
163 767 212 826 illa
225 765 388 844 peragenda
408 774 496 824 erant.
538 765 630 843 Igitur
643 765 743 827 divino
761 767 822 844 juri
835 784 894 825 non
915 764 1075 842 derogatur,
1091 783 1179 838 quum
1200 764 1259 825 Dei

56 865 175 925 nomine
189 863 407 923 fundamentum
427 863 654 922 satisfactionum
675 862 802 922 tollatur:
824 864 899 922 sicut
913 863 1035 938 quisquo
1050 871 1161 921 tenetur
1173 881 1260 940 prox·

55 963 117 1020 imo
131 979 186 1019 suo
200 959 277 1034 quod
302 960 386 1018 debet
400 948 533 1028 solvere;
555 959 606 1017 sed
628 960 799 1019 remissione
819 958 907 1018 debiti
927 969 1030 1037 sponte
1049 959 1123 1018 laeta
1140 958 1261 1018 acredi-

57 1066 129 1127 tore,
145 1077 181 1116 eo
195 1075 282 1116 onere
297 1057 436 1120 immonis
451 1057 484 1114 fit
497 1055 617 1116 debitor.
660 1056 804 1117 Ceterum
819 1075 878 1115 non
892 1056 987 1117 omnis
1001 1055 1195 1118 satisfaciendi
1209 1056 1260 1116 tol·

57 1152 125 1213 litur
138 1152 325 1230 indulgentiis
339 1151 507 1221 necessitas,
523 1150 574 1210 sed
589 1151 737 1231 adjuvatur
750 1151 902 1212 infirmitas
916 1160 1024 1221 nostra,
1039 1161 1072 1212 ut
1085 1151 1163 1227 quod
1176 1153 1259 1213 nobis

58 1251 151 1320 deest,
165 1270 202 1311 ex
217 1252 352 1312 thesauro
366 1251 506 1311 Ecclesiae
521 1251 698 1328 suppleatur.
1015 1325 1018 1332 Ι

97 1353 148 1409 27.
175 1346 242 1428 Obj.
261 1353 306 1407 1³.
328 1346 527 1425 Indulgentiae,
549 1347 649 1422 qualos
674 1345 760 1407 hodie
782 1345 981 1424 predicantur,
1003 1347 1122 1407 omnino
1140 1347 1260 1406 diverse

58 1444 175 1503 suntab
189 1444 225 1502 iis
240 1462 304 1518 quar
328 1443 447 1502 Lutheri
469 1453 609 1521 tempore,
630 1454 660 1501 et
681 1442 951 1527 soeouliwrioribus
972 1452 1183 1502 consueverunt
1196 1461 1262 1521 pro·

58 1540 203 1619 mulgari:
225 1541 270 1599 he
285 1541 363 1600 onim
377 1539 543 1600 dicebantur
557 1541 694 1599 immania
708 1558 829 1615 queque
843 1539 951 1616 flagitia
964 1540 1119 1598 remittere.

98 1635 189 1716 Resp.
211 1637 262 1697 Ex
274 1637 372 1696 libello
395 1636 520 1704 Tenelii,
544 1654 631 1710 quem
650 1635 841 1704 laudavimus,
862 1643 973 1695 constat
993 1634 1115 1695 candem
1129 1634 1260 1696 traditam

59 1734 176 1814 abipso
194 1734 435 1813 indulgentiarum
458 1734 605 1794 notionem
619 1753 627 1803 3
649 1753 704 1795 nec
727 1717 793 1793 eum
821 1744 948 1793 monstra
960 1732 1009 1792 illa
1023 1753 1056 1792 ac
1069 1743 1199 1810 portenta
1212 1752 1265 1793 un·

59 1849 149 1906 quam
169 1831 308 1891 locutum.
351 1830 575 1891 consueverunt
594 1830 711 1906 quidem
731 1829 974 1908 indulgentiarum
1001 1848 1149 1908 precones
1169 1830 1264 1890 verbis

56 1928 227 1990 Ezechielis
243 1930 358 2007 plenam
371 1928 501 2008 polliceri
523 1928 637 1988 reniam
651 1927 877 2007 flagitiosissimo
890 1927 1006 2003 cuique,
1021 1926 1180 1988 dummodo
1193 1946 1260 1988 eum

60 2047 130 2090 vere
143 2029 304 2108 peniteret.
748 2042 751 2049 ·
