2774 5056
407 333 469 395 DE
490 329 688 394 BAPTISMI
710 326 1017 390 NECESSITATE.
1273 334 1314 394 ω

117 487 207 569 Rcrp.
231 491 474 555 omnimodam
496 492 693 552 necessitatem
719 507 801 548 nove
824 488 977 546 nativitatis
995 487 1146 548 tradiderat
1167 488 1311 558 Christus,

88 604 201 662 remque
225 608 271 650 ex
294 611 387 666 aqua
402 601 432 651 et
457 590 566 668 Spiritu
591 589 696 646 Sancto
718 584 877 645 necessarii
899 583 1023 663 pendere
1046 585 1181 662 deinceps
1205 585 1310 646 docuit.

92 685 185 745 Gratis
210 689 325 766 igitur,
343 691 414 748 imo
440 698 537 748 contra
558 686 667 745 Christi
688 683 807 743 Domini
828 683 1032 751 auctoritatem,
1047 684 1176 741 nativitas
1198 685 1312 762 lingitur

92 783 198 863 Spiritu
225 787 354 860 absque
382 805 460 860 aqua
486 785 596 845 effecta.
639 782 734 841 Verba
757 791 852 841 autem
877 781 1025 841 universos
1049 782 1213 859 respiciunt,
1240 800 1312 857 quos

92 883 213 961 proinde
227 885 395 963 baptismo
410 892 524 961 oportet
542 882 662 942 renasci.

132 986 206 1040 144.
236 979 315 1061 Obj.
333 987 365 1041 3.
389 982 452 1041 Illic
466 980 560 1039 verbis
585 979 719 1037 Christus
744 976 836 1036 innuit
856 976 1001 1036 nerninem
1021 977 1151 1054 possein
1171 976 1314 1037 visibilem

97 1076 274 1139 Eccledam
290 1078 420 1158 ingredi,
437 1078 493 1136 nisi
506 1076 648 1154 baptismo
659 1075 808 1151 r'regnum
829 1073 905 1131 euim
919 1073 1055 1132 coelorurn
1069 1073 1100 1131 in
1120 1091 1194 1131 novo
1215 1074 1315 1133 'Festa-

98 1188 199 1237 nento
222 1178 309 1236 hanc
324 1179 433 1255 eoepius
449 1176 587 1253 designat.
630 1175 698 1233 Non
712 1173 777 1231 ideo
793 1181 888 1230 tamen
901 1173 936 1230 ab
957 1172 1110 1230 electorum
1125 1183 1199 1230 coetu
1220 1173 1315 1232 exclu-

99 1272 212 1351 duntur
225 1292 341 1333 omnes
354 1272 432 1332 baud
453 1272 598 1350 baptizati,
615 1271 656 1329 uti
676 1270 797 1328 fatentur
818 1267 971 1337 Catholici,
985 1268 1203 1327 catechumenos
1224 1280 1315 1330 morte

101 1383 275 1451 praereptos
290 1390 351 1430 non
365 1372 446 1430 omui
459 1390 512 1448 epe
526 1370 625 1427 salutis
639 1385 733 1426 carere
747 1364 884 1425 dicentes.

143 1468 245 1548 Hesp.
271 1468 408 1546 Regnum
423 1469 560 1527 coelorum
574 1463 726 1540 aliquando
740 1463 902 1522 Ecclesium
914 1481 977 1537 qua
991 1463 1022 1522 in
1033 1463 1113 1522 terrie
1123 1475 1166 1522 est
1177 1465 1314 1544 designet,

106 1567 158 1625 ced
172 1580 209 1625 et
222 1584 350 1642 regnum
365 1565 491 1633 celeste,
506 1566 536 1623 in
549 1582 606 1638 quo
621 1563 701 1620 Deus
717 1580 747 1618 se
759 1561 819 1618 suis
834 1560 1003 1619 manifestat.
1034 1560 1080 1619 Da
1090 1563 1146 1621 lroc
1157 1564 1203 1640 agi
1216 1564 1315 1638 liquet,

108 1662 304 1725 Nicodemus
319 1662 395 1720 enim
409 1646 476 1721 euru
491 1661 626 1720 divinitus
641 1659 738 1717 datum
753 1658 918 1734 magistrum
933 1677 1101 1734 agnoscens,
1117 1659 1152 1717 de
1166 1662 1316 1722 suasalute

111 1760 267 1827 solicitus,
284 1758 353 1832 quid
378 1759 433 1817 sibi
457 1757 618 1818 iaciendum
642 1757 715 1815 soret
736 1756 883 1829 quresiisse
904 1755 1064 1813 censendus
1084 1769 1136 1815 eet.
1179 1759 1319 1819 Praeteree

112 1857 245 1917 visibilis
261 1856 397 1915 Ecclesia
410 1856 476 1915 ideo
490 1866 593 1914 statuta
607 1866 650 1912 est
663 1863 695 1911 ut
708 1853 839 1910 homines
860 1870 948 1928 regno
962 1853 1071 1911 coelesti
1091 1853 1191 1914 fierent
1211 1856 1317 1927 idonei,

112 1955 246 2029 ideoque
261 1953 326 2030 ejus
339 1954 467 2029 membrp
481 1955 550 2013 fiant
563 1970 682 2011 necesse
703 1950 809 2022 estqui
825 1948 889 2006 coeli
911 1948 1013 2025 gaudia
1033 1969 1198 2028 comparare
1218 1954 1317 2014 velint.

116 2050 201 2113 Hinc
217 2049 371 2109 salvandos
385 2051 526 2108 Ecclesiae
541 2049 650 2108 additos
671 2048 702 2105 in
723 2046 784 2104 dies
806 2055 921 2103 testatur
942 2045 1135 2122 Evangelista,
1157 2069 1202 2108 res
1223 2064 1318 2129 gestes

118 2146 336 2227 Apostolorum
346 2166 481 2206 nutans:
505 2157 524 2184 ‘·
538 2148 681 2207 Dominus
693 2155 786 2202 autern
799 2144 918 2220 augebat
932 2145 981 2219 qui
995 2146 1066 2205 salvi
1079 2149 1180 2208 fierent
1192 2151 1319 2224 quotidie

118 2246 150 2307 in
163 2246 195 2327 id
212 2244 343 2323 ipsum.'’
386 2245 441 2303 Vel
455 2255 486 2304 ut
499 2246 601 2304 clarius
616 2245 701 2302 habet
713 2251 807 2300 textus
821 2254 970 2317 receptus:
1000 2250 1031 2297 ⁴0
1041 2249 1068 2300 u
1085 2248 1164 2316 κύριος
1179 2247 1319 2316 amariori

118 2350 176 2409 τοὺς
188 2341 338 2413 malopem
348 2341 409 2406 καθ’
422 2343 510 2414 ἡμέραν
521 2348 555 2416 τῇ
566 2344 691 2415 ἐκκλησία.
733 2338 940 2396 catechumeni
951 2346 1045 2395 autem
1059 2338 1109 2411 qui
1122 2339 1233 2395 sincero
1247 2339 1320 2397 deei-

121 2432 206 2501 derio
220 2430 397 2507 baptismum
421 2440 529 2507 petunt,
545 2429 581 2488 ud
602 2432 763 2491 Ecclesiam
778 2443 844 2491 voto
859 2418 893 2490 'et
916 2433 1013 2490 animo
1025 2432 1182 2517 pertinent,
1197 2432 1319 2507 ideoque

123 2537 270 2607 nonsunt
282 2547 299 2585 a
312 2546 365 2605 spe
379 2527 478 2585 salutis
492 2529 588 2586 alieni.
1029 2572 1031 2577 ,

164 2629 236 2685 145.
263 2623 330 2703 obj.
343 2628 372 2682 4.
395 2624 604 2702 Exceptionem
620 2625 770 2687 admittunt
778 2627 909 2687 catholici
924 2626 1017 2702 quoad
1028 2645 1078 2686 eos
1093 2627 1142 2701 qui
1153 2629 1320 2705 martyrium

124 2723 287 2790 subierunt,
303 2723 349 2781 uel
362 2722 412 2796 qui
434 2722 616 2800 baptismum,
632 2744 719 2798 quern
740 2727 869 2805 cupiunt,
885 2736 1030 2801 nequeunt
1042 2728 1198 2805 succipere.
1242 2729 1321 2808 Ergo

125 2821 216 2879 rerba
229 2818 281 2879 illa
293 2838 351 2877 non
366 2819 486 2896 probant
498 2821 691 2880 omnimodam
707 2824 914 2882 necessitatem.

163 2918 260 2997 Rerp.
285 2918 462 2978 Universalie
477 2930 521 2977 est
534 2922 683 2990 sententia,
698 2940 752 2980 nec
765 2923 963 3000 exceptionem
978 2921 1036 2999 pati
1050 2922 1169 2982 dicenda
1187 2935 1241 2995 est,
1256 2946 1322 2988 narn

127 3015 232 3076 maitd
247 3026 401 3099 censentur
409 3033 447 3072 ex
461 3034 534 3088 aqua
548 3017 626 3075 nasci
641 3018 691 3090 qui
704 3019 800 3077 animo
812 3020 930 3097 cupiunt
939 3020 1025 3086 ablui,
1037 3019 1083 3078 vel
1094 3022 1144 3093 qui
1154 3025 1323 3100 sanguinem

128 3112 253 3173 fundunt
266 3113 297 3170 in
311 3111 506 3170 testimonium
521 3111 603 3179 Jeeu.
618 3115 700 3192 cujus
715 3115 778 3192 lege
794 3116 909 3192 jubetur
922 3128 953 3173 ut
971 3116 1130 3193 baptismus
1143 3121 1322 3196 suscipiatur.

131 3209 279 3269 Ceterum
300 3209 327 3266 ei
339 3208 538 3285 exceptionem
555 3209 664 3286 placeat
677 3231 739 3269 earn
756 3230 865 3278 vocare,
879 3212 913 3269 fit
926 3211 1042 3270 Christo
1062 3224 1185 3283 auctore,
1200 3228 1228 3274 et
1249 3219 1324 3277 testi·

129 3307 223 3368 monii
237 3306 282 3363 vis
303 3305 333 3364 in
347 3305 457 3363 caeteris
472 3306 606 3364 omnibus
620 3308 733 3365 casibus
748 3307 919 3385 agnoscitur.

172 3407 243 3462 146.
269 3400 336 3480 Obj.
351 3406 379 3460 5.
396 3401 530 3461 Christus
543 3402 578 3460 ad
590 3403 800 3480 praedicandum
810 3405 924 3462 mittens
935 3403 1100 3480 Apostolos,
1110 3405 1199 3481 jussit
1209 3408 1324 3479 quidem

133 3500 366 3579 utbaptizarent‚
382 3499 438 3557 hoc
458 3501 513 3558 ritu
538 3500 670 3559 homines
694 3502 798 3559 visibili
821 3501 959 3559 Ecclesiae
985 3499 1136 3558 adscituri:
1159 3520 1326 3570 nontamen

105 3586 107 3591 ⁵
133 3598 280 3659 interitum
294 3598 417 3655 minutus
432 3608 476 3654 est
490 3597 524 3654 iis
540 3599 588 3671 qui
604 3599 777 3675 baptismum
798 3597 871 3654 houd
894 3597 1081 3674 susciperent,
1097 3598 1253 3662 dummodo
1267 3625 1327 3666 cre·

133 3695 244 3755 dorent.
629 3762 630 3765 Ἴ

173 3791 265 3870 Reep.
288 3790 422 3849 Christus
436 3790 609 3866 baptismum
626 3809 691 3848 oum
705 3789 760 3847 fide
776 3789 809 3846 ud
821 3790 940 3847 salutem
952 3789 1069 3866 exegit:
1082 3800 1102 3827 ⁸⁶
1115 3773 1163 3866 qui
1179 3796 1328 3858 crediderit

134 3902 164 3950 et
189 3890 347 3967 baptizatus
374 3888 468 3955 suerit,
491 3888 587 3947 salvus
609 3888 702 3948 erit:”
725 3887 800 3946 haud
822 3887 947 3947 credenti
970 3892 1092 3948 minatus
1107 3903 1150 3949 est
1164 3894 1326 3957 interitum:

136 3989 218 4062 “qui
234 3986 299 4046 verb
314 4006 372 4046 non
393 3986 543 4045 crediderit
563 3987 740 4047 damnabitur
749 3986 780 4056 ;’'
802 3988 880 4045 siluit
900 3998 993 4045 autern
1008 3986 1043 4046 de
1063 3989 1196 4066 baptismi
1211 3994 1327 4064 incuria,

136 4087 205 4161 quia
219 4086 269 4159 qui
283 4104 342 4143 non
355 4083 505 4142 crediderit
518 4104 575 4143 non
590 4099 666 4143 esset
680 4086 817 4162 petiturus
833 4085 1015 4162 baptismum.
1057 4086 1139 4164 Opus
1155 4107 1211 4148 non
1225 4102 1285 4149 eret
1297 4101 1329 4152 ut

135 4183 173 4242 de
188 4183 224 4240 iis
236 4191 340 4259 ageret,
354 4182 404 4255 qui
417 4180 563 4239 credentes
575 4182 720 4241 differrent
734 4181 778 4239 vel
789 4182 965 4259 negligerent
975 4181 1051 4241 hunc
1062 4183 1156 4253 ritum,
1170 4204 1256 4259 quum
1267 4188 1329 4263 jam

136 4279 294 4340 indicasset
307 4297 374 4337 eum
388 4276 423 4334 ed
437 4277 556 4336 salutem
573 4280 686 4351 requiri.

182 4383 252 4438 14⁷.
276 4376 342 4457 obj.
359 4379 388 4434 6.
411 4374 549 4434 conditio
568 4376 616 4435 illa
640 4376 739 4434 salutis
761 4375 911 4432 universos
931 4375 1065 4433 homines
1085 4377 1223 4454 obligans,
1245 4378 1330 4436 etiarn

134 4477 189 4554 qui
210 4475 249 4535 de
261 4494 293 4535 es
306 4492 463 4548 numquam
477 4473 634 4542 audieruut.
650 4472 701 4531 sed
716 4490 770 4530 nec
783 4471 881 4531 audire
900 4480 1061 4551 potuerunt,
1076 4473 1196 4532 infantes
1210 4475 1330 4540 scilicet,
