<?xml version="1.0" encoding="UTF-8"?>
<!DOCTYPE html PUBLIC "-//W3C//DTD XHTML 1.0 Transitional//EN"
    "http://www.w3.org/TR/xhtml1/DTD/xhtml1-transitional.dtd">
<html xmlns="http://www.w3.org/1999/xhtml" xml:lang="en" lang="en">
 <head>
  <title>
</title>
<meta http-equiv="Content-Type" content="text/html;charset=utf-8" />
  <meta name='ocr-system' content='tesseract 3.04.00' />
  <meta name='ocr-capabilities' content='ocr_page ocr_carea ocr_par ocr_line ocrx_word'/>
</head>
<body>
  <div class='ocr_page' id='page_1' title='image "./theologidogmati03kenrgoog_0366.png"; bbox 0 0 2774 5056; ppageno 0'>
   <div class='ocr_carea' id='block_1_1' title="bbox 482 336 1294 404">
    <p class='ocr_par' dir='ltr' id='par_1_1' title="bbox 482 336 1294 404">
     <span class='ocr_line' id='line_1_1' title="bbox 482 336 1294 404; baseline 0.004 -3"><span class='ocrx_word' id='word_1_1' title='bbox 482 336 540 401; x_wconf 83' lang='lat' dir='ltr'><strong>DE</strong></span> <span class='ocrx_word' id='word_1_2' title='bbox 558 336 907 402; x_wconf 71' lang='lat' dir='ltr'><strong>ssuisunculoua.</strong></span> <span class='ocrx_word' id='word_1_3' title='bbox 1234 346 1294 404; x_wconf 80' lang='lat' dir='ltr'><strong>uus</strong></span> 
     </span>
    </p>
   </div>
   <div class='ocr_carea' id='block_1_2' title="bbox 83 494 1297 1070">
    <p class='ocr_par' dir='ltr' id='par_1_2' title="bbox 83 494 1294 852">
     <span class='ocr_line' id='line_1_2' title="bbox 89 494 1292 581; baseline 0.004 -25"><span class='ocrx_word' id='word_1_4' title='bbox 89 496 142 556; x_wconf 81' lang='lat' dir='ltr'><strong>Ex</strong></span> <span class='ocrx_word' id='word_1_5' title='bbox 155 513 210 556; x_wconf 91' lang='lat' dir='ltr'><strong>usn</strong></span> <span class='ocrx_word' id='word_1_6' title='bbox 225 494 361 572; x_wconf 87' lang='lat' dir='ltr'><strong>loquendi</strong></span> <span class='ocrx_word' id='word_1_7' title='bbox 381 495 443 557; x_wconf 82' lang='lat' dir='ltr'><strong>hac</strong></span> <span class='ocrx_word' id='word_1_8' title='bbox 462 496 613 559; x_wconf 88' lang='lat' dir='ltr'><strong>denotabat</strong></span> <span class='ocrx_word' id='word_1_9' title='bbox 636 517 695 559; x_wconf 91' lang='lat' dir='ltr'><strong>non</strong></span> <span class='ocrx_word' id='word_1_10' title='bbox 715 508 823 559; x_wconf 87' lang='lat' dir='ltr'><strong>tantum</strong></span> <span class='ocrx_word' id='word_1_11' title='bbox 845 499 934 559; x_wconf 88' lang='lat' dir='ltr'><strong>animi</strong></span> <span class='ocrx_word' id='word_1_12' title='bbox 954 499 1093 569; x_wconf 82' lang='lat' dir='ltr'><strong>dolorem,</strong></span> <span class='ocrx_word' id='word_1_13' title='bbox 1110 501 1160 561; x_wconf 76' lang='lat' dir='ltr'><strong>&#39;sed</strong></span> <span class='ocrx_word' id='word_1_14' title='bbox 1181 510 1210 562; x_wconf 89' lang='lat' dir='ltr'><strong>et</strong></span> <span class='ocrx_word' id='word_1_15' title='bbox 1229 502 1292 581; x_wconf 91' lang='lat' dir='ltr'><strong>ejus</strong></span> 
     </span>
     <span class='ocr_line' id='line_1_3' title="bbox 90 594 1294 680; baseline 0.005 -26"><span class='ocrx_word' id='word_1_16' title='bbox 90 594 199 654; x_wconf 86' lang='lat' dir='ltr'><strong>indicia</strong></span> <span class='ocrx_word' id='word_1_17' title='bbox 219 596 354 673; x_wconf 81' lang='lat' dir='ltr'><strong>operibus</strong></span> <span class='ocrx_word' id='word_1_18' title='bbox 374 596 511 657; x_wconf 88' lang='lat' dir='ltr'><strong>exhibita.</strong></span> <span class='ocrx_word' id='word_1_19' title='bbox 552 597 633 676; x_wconf 88' lang='lat' dir='ltr'><strong>Ergo</strong></span> <span class='ocrx_word' id='word_1_20' title='bbox 659 596 721 656; x_wconf 77' lang='lat' dir='ltr'><strong>haec</strong></span> <span class='ocrx_word' id='word_1_21' title='bbox 742 597 809 657; x_wconf 91' lang='lat' dir='ltr'><strong>Deo</strong></span> <span class='ocrx_word' id='word_1_22' title='bbox 829 609 907 676; x_wconf 85' lang='lat' dir='ltr'><strong>grata</strong></span> <span class='ocrx_word' id='word_1_23' title='bbox 927 608 1003 668; x_wconf 87' lang='lat' dir='ltr'><strong>sunt,</strong></span> <span class='ocrx_word' id='word_1_24' title='bbox 1018 599 1093 658; x_wconf 91' lang='lat' dir='ltr'><strong>etad</strong></span> <span class='ocrx_word' id='word_1_25' title='bbox 1108 600 1215 661; x_wconf 90' lang='lat' dir='ltr'><strong>cultum</strong></span> <span class='ocrx_word' id='word_1_26' title='bbox 1229 602 1294 680; x_wconf 80' lang='lat' dir='ltr'><strong>ejus</strong></span> 
     </span>
     <span class='ocr_line' id='line_1_4' title="bbox 83 693 620 770; baseline -0.002 -16"><span class='ocrx_word' id='word_1_27' title='bbox 83 693 248 770; x_wconf 76' lang='lat' dir='ltr'><strong>pertinent.</strong></span> <span class='ocrx_word' id='word_1_28' title='bbox 453 734 455 738; x_wconf 29' lang='grc' dir='ltr'><em>ψ</em></span> <span class='ocrx_word' id='word_1_29' title='bbox 618 746 620 753; x_wconf 78' lang='grc'><strong>,</strong></span> 
     </span>
     <span class='ocr_line' id='line_1_5' title="bbox 132 787 568 852; baseline 0.005 -3"><span class='ocrx_word' id='word_1_30' title='bbox 132 788 288 850; x_wconf 83' lang='lat' dir='ltr'><strong><em>Probatur</em></strong></span> <span class='ocrx_word' id='word_1_31' title='bbox 302 787 345 850; x_wconf 90' lang='grc' dir='ltr'><strong>ΙΙ.</strong></span> <span class='ocrx_word' id='word_1_32' title='bbox 362 809 399 852; x_wconf 82' lang='lat' dir='ltr'><strong>ea</strong></span> <span class='ocrx_word' id='word_1_33' title='bbox 411 790 568 852; x_wconf 80' lang='lat' dir='ltr'><strong>Patribus.</strong></span> 
     </span>
    </p>

    <p class='ocr_par' dir='ltr' id='par_1_3' title="bbox 91 890 1297 1070">
     <span class='ocr_line' id='line_1_6' title="bbox 135 890 1296 970; baseline 0.005 -23"><span class='ocrx_word' id='word_1_34' title='bbox 135 893 203 948; x_wconf 90' lang='lat'>141.</span> <span class='ocrx_word' id='word_1_35' title='bbox 226 890 461 950; x_wconf 78' lang='lat' dir='ltr'><strong>Tannumrnuns</strong></span> <span class='ocrx_word' id='word_1_36' title='bbox 473 892 526 950; x_wconf 87' lang='lat' dir='ltr'><strong>ait:</strong></span> <span class='ocrx_word' id='word_1_37' title='bbox 549 900 570 929; x_wconf 79' lang='lat'><strong>‘⁸</strong></span> <span class='ocrx_word' id='word_1_38' title='bbox 580 891 674 959; x_wconf 86' lang='lat' dir='ltr'><strong>Quam</strong></span> <span class='ocrx_word' id='word_1_39' title='bbox 690 909 778 968; x_wconf 89' lang='lat' dir='ltr'><strong>porro</strong></span> <span class='ocrx_word' id='word_1_40' title='bbox 789 891 919 970; x_wconf 89' lang='lat' dir='ltr'><strong>ineptum</strong></span> <span class='ocrx_word' id='word_1_41' title='bbox 933 892 1128 970; x_wconf 72' lang='lat' dir='ltr'><strong>paenitentiam</strong></span> <span class='ocrx_word' id='word_1_42' title='bbox 1139 910 1197 952; x_wconf 90' lang='lat' dir='ltr'><strong>non</strong></span> <span class='ocrx_word' id='word_1_43' title='bbox 1207 893 1296 953; x_wconf 89' lang='lat' dir='ltr'><strong>adim·</strong></span> 
     </span>
     <span class='ocr_line' id='line_1_7' title="bbox 91 986 1297 1070; baseline 0.003 -24"><span class='ocrx_word' id='word_1_44' title='bbox 91 986 184 1066; x_wconf 89' lang='lat' dir='ltr'><strong>plere,</strong></span> <span class='ocrx_word' id='word_1_45' title='bbox 199 989 354 1048; x_wconf 78' lang='lat' dir='ltr'><strong>streniam</strong></span> <span class='ocrx_word' id='word_1_46' title='bbox 369 989 538 1049; x_wconf 82' lang='lat' dir='ltr'><strong>delictorum</strong></span> <span class='ocrx_word' id='word_1_47' title='bbox 551 990 717 1049; x_wconf 72' lang='lat' dir='ltr'><strong>sustinere?</strong></span> <span class='ocrx_word' id='word_1_48' title='bbox 759 989 826 1049; x_wconf 89' lang='lat' dir='ltr'><strong>Hoc</strong></span> <span class='ocrx_word' id='word_1_49' title='bbox 839 993 1014 1070; x_wconf 84' lang='lat' dir='ltr'><strong>estpretium</strong></span> <span class='ocrx_word' id='word_1_50' title='bbox 1029 1010 1085 1050; x_wconf 92' lang='lat' dir='ltr'><strong>non</strong></span> <span class='ocrx_word' id='word_1_51' title='bbox 1098 991 1245 1061; x_wconf 83' lang='lat' dir='ltr'><strong>exhibere,</strong></span> <span class='ocrx_word' id='word_1_52' title='bbox 1260 991 1297 1050; x_wconf 87' lang='lat' dir='ltr'><strong>ad</strong></span> 
     </span>
    </p>
   </div>
   <div class='ocr_carea' id='block_1_3' title="bbox 42 1085 1300 1749">
    <p class='ocr_par' dir='ltr' id='par_1_4' title="bbox 42 1085 1298 1450">
     <span class='ocr_line' id='line_1_8' title="bbox 92 1085 1296 1166; baseline 0.002 -20"><span class='ocrx_word' id='word_1_53' title='bbox 92 1085 258 1147; x_wconf 77' lang='lat' dir='ltr'>mercedem</span> <span class='ocrx_word' id='word_1_54' title='bbox 273 1106 390 1146; x_wconf 85' lang='lat' dir='ltr'><strong>manum</strong></span> <span class='ocrx_word' id='word_1_55' title='bbox 411 1089 551 1148; x_wconf 88' lang='lat' dir='ltr'><strong>emittere.</strong></span> <span class='ocrx_word' id='word_1_56' title='bbox 593 1087 661 1147; x_wconf 88' lang='lat' dir='ltr'><strong>Hoc</strong></span> <span class='ocrx_word' id='word_1_57' title='bbox 675 1088 752 1147; x_wconf 90' lang='lat' dir='ltr'><strong>enim</strong></span> <span class='ocrx_word' id='word_1_58' title='bbox 767 1088 860 1166; x_wconf 87' lang='lat' dir='ltr'><strong>pretio</strong></span> <span class='ocrx_word' id='word_1_59' title='bbox 874 1088 1019 1149; x_wconf 78' lang='lat' dir='ltr'>Dominus</span> <span class='ocrx_word' id='word_1_60' title='bbox 1035 1090 1148 1149; x_wconf 88' lang='lat' dir='ltr'><strong>veniam</strong></span> <span class='ocrx_word' id='word_1_61' title='bbox 1163 1089 1296 1148; x_wconf 79' lang='lat' dir='ltr'><strong>addicere</strong></span> 
     </span>
     <span class='ocr_line' id='line_1_9' title="bbox 92 1183 1298 1264; baseline 0.003 -22"><span class='ocrx_word' id='word_1_62' title='bbox 92 1183 234 1242; x_wconf 86' lang='lat' dir='ltr'><strong>institnit:</strong></span> <span class='ocrx_word' id='word_1_63' title='bbox 258 1183 311 1242; x_wconf 89' lang='lat' dir='ltr'><strong>hac</strong></span> <span class='ocrx_word' id='word_1_64' title='bbox 326 1184 502 1262; x_wconf 73' lang='lat' dir='ltr'><strong>penitentie</strong></span> <span class='ocrx_word' id='word_1_65' title='bbox 522 1187 756 1263; x_wconf 81' lang='lat' dir='ltr'><strong>compensatione</strong></span> <span class='ocrx_word' id='word_1_66' title='bbox 776 1185 969 1246; x_wconf 84' lang='lat' dir='ltr'><strong>redimendam</strong></span> <span class='ocrx_word' id='word_1_67' title='bbox 992 1186 1126 1264; x_wconf 84' lang='lat' dir='ltr'><strong>proponit</strong></span> <span class='ocrx_word' id='word_1_68' title='bbox 1145 1187 1298 1263; x_wconf 89' lang='lat' dir='ltr'><strong>impunita·</strong></span> 
     </span>
     <span class='ocr_line' id='line_1_10' title="bbox 42 1279 1297 1360; baseline 0.002 -21"><span class='ocrx_word' id='word_1_69' title='bbox 42 1279 45 1282; x_wconf 47' lang='lat'><strong>⁴</strong></span> <span class='ocrx_word' id='word_1_70' title='bbox 92 1279 438 1350; x_wconf 76' lang='lat' dir='ltr'><strong>rem.”1-⁴⁶0ffendisu,</strong></span> <span class='ocrx_word' id='word_1_71' title='bbox 453 1280 505 1341; x_wconf 90' lang='lat' dir='ltr'><strong>sed</strong></span> <span class='ocrx_word' id='word_1_72' title='bbox 521 1283 699 1343; x_wconf 87' lang='lat' dir='ltr'><strong>reconciliari</strong></span> <span class='ocrx_word' id='word_1_73' title='bbox 720 1283 813 1343; x_wconf 84' lang='lat' dir='ltr'><strong>adbuc</strong></span> <span class='ocrx_word' id='word_1_74' title='bbox 834 1286 935 1360; x_wconf 68' lang='lat' dir='ltr'><strong>potes}</strong></span> <span class='ocrx_word' id='word_1_75' title='bbox 957 1283 1046 1342; x_wconf 87' lang='lat' dir='ltr'><strong>habes</strong></span> <span class='ocrx_word' id='word_1_76' title='bbox 1066 1283 1113 1341; x_wconf 87' lang='lat' dir='ltr'><strong>eui</strong></span> <span class='ocrx_word' id='word_1_77' title='bbox 1127 1282 1297 1353; x_wconf 85' lang='lat' dir='ltr'><strong>satisfacias,</strong></span> 
     </span>
     <span class='ocr_line' id='line_1_11' title="bbox 92 1373 463 1450; baseline 0.008 -17"><span class='ocrx_word' id='word_1_78' title='bbox 92 1385 123 1433; x_wconf 90' lang='lat' dir='ltr'><strong>ct</strong></span> <span class='ocrx_word' id='word_1_79' title='bbox 138 1373 256 1450; x_wconf 89' lang='lat' dir='ltr'><strong>quidem</strong></span> <span class='ocrx_word' id='word_1_80' title='bbox 272 1375 463 1438; x_wconf 71' lang='grc' dir='ltr'><strong>1111111111.”’ι</strong></span> 
     </span>
    </p>

    <p class='ocr_par' dir='ltr' id='par_1_5' title="bbox 92 1472 1300 1749">
     <span class='ocr_line' id='line_1_12' title="bbox 136 1472 1296 1554; baseline 0.006 -24"><span class='ocrx_word' id='word_1_81' title='bbox 136 1476 204 1532; x_wconf 87' lang='lat'>141.</span> <span class='ocrx_word' id='word_1_82' title='bbox 227 1472 402 1534; x_wconf 81' lang='lat' dir='ltr'><strong>Onnonuns:</strong></span> <span class='ocrx_word' id='word_1_83' title='bbox 426 1475 493 1534; x_wconf 82' lang='lat' dir='ltr'><strong>“Si</strong></span> <span class='ocrx_word' id='word_1_84' title='bbox 507 1486 603 1536; x_wconf 92' lang='lat' dir='ltr'><strong>tamen</strong></span> <span class='ocrx_word' id='word_1_85' title='bbox 612 1475 863 1537; x_wconf 80' lang='lat' dir='ltr'><strong>inveneritmanus</strong></span> <span class='ocrx_word' id='word_1_86' title='bbox 874 1485 922 1535; x_wconf 83' lang='grc'><strong>111</strong></span> <span class='ocrx_word' id='word_1_87' title='bbox 934 1475 1055 1554; x_wconf 90' lang='lat' dir='ltr'><strong>pretium</strong></span> <span class='ocrx_word' id='word_1_88' title='bbox 1066 1474 1143 1550; x_wconf 92' lang='lat' dir='ltr'><strong>quod</strong></span> <span class='ocrx_word' id='word_1_89' title='bbox 1156 1477 1296 1537; x_wconf 87' lang='lat' dir='ltr'><strong>restituat.</strong></span> 
     </span>
     <span class='ocr_line' id='line_1_13' title="bbox 92 1569 1300 1652; baseline 0.003 -24"><span class='ocrx_word' id='word_1_90' title='bbox 92 1569 188 1637; x_wconf 83' lang='lat' dir='ltr'><strong>Quale</strong></span> <span class='ocrx_word' id='word_1_91' title='bbox 201 1573 347 1648; x_wconf 74' lang='lat' dir='ltr'><strong>pretium?</strong></span> <span class='ocrx_word' id='word_1_92' title='bbox 383 1573 562 1634; x_wconf 80' lang='lat' dir='ltr'><strong>Poenitentiae</strong></span> <span class='ocrx_word' id='word_1_93' title='bbox 583 1575 646 1633; x_wconf 89' lang='lat' dir='ltr'><strong>sine</strong></span> <span class='ocrx_word' id='word_1_94' title='bbox 660 1573 746 1634; x_wconf 92' lang='lat' dir='ltr'><strong>dubio</strong></span> <span class='ocrx_word' id='word_1_95' title='bbox 768 1573 905 1652; x_wconf 87' lang='lat' dir='ltr'><strong>lacrymis</strong></span> <span class='ocrx_word' id='word_1_96' title='bbox 926 1585 1141 1651; x_wconf 84' lang='lat' dir='ltr'><strong>congregatum,</strong></span> <span class='ocrx_word' id='word_1_97' title='bbox 1166 1584 1196 1632; x_wconf 89' lang='lat' dir='ltr'><strong>et</strong></span> <span class='ocrx_word' id='word_1_98' title='bbox 1209 1575 1300 1633; x_wconf 89' lang='lat' dir='ltr'><strong>mani·</strong></span> 
     </span>
     <span class='ocr_line' id='line_1_14' title="bbox 93 1665 1299 1749; baseline 0.002 -25"><span class='ocrx_word' id='word_1_99' title='bbox 93 1665 160 1735; x_wconf 90' lang='lat' dir='ltr'><strong>bus,</strong></span> <span class='ocrx_word' id='word_1_100' title='bbox 176 1666 206 1725; x_wconf 92' lang='lat' dir='ltr'><strong>id</strong></span> <span class='ocrx_word' id='word_1_101' title='bbox 219 1677 264 1726; x_wconf 90' lang='lat' dir='ltr'><strong>est</strong></span> <span class='ocrx_word' id='word_1_102' title='bbox 276 1666 373 1728; x_wconf 89' lang='lat' dir='ltr'><strong>labore</strong></span> <span class='ocrx_word' id='word_1_103' title='bbox 386 1669 454 1729; x_wconf 90' lang='lat' dir='ltr'><strong>boni</strong></span> <span class='ocrx_word' id='word_1_104' title='bbox 475 1670 571 1749; x_wconf 88' lang='lat' dir='ltr'><strong>operis</strong></span> <span class='ocrx_word' id='word_1_105' title='bbox 585 1669 780 1730; x_wconf 78' lang='lat' dir='ltr'><strong>inventum.&#39;’³</strong></span> <span class='ocrx_word' id='word_1_106' title='bbox 801 1670 843 1730; x_wconf 91' lang='lat' dir='ltr'><strong>Et</strong></span> <span class='ocrx_word' id='word_1_107' title='bbox 855 1671 925 1729; x_wconf 86' lang='lat' dir='ltr'><strong>alias</strong></span> <span class='ocrx_word' id='word_1_108' title='bbox 939 1690 948 1728; x_wconf 89' lang='lat'><strong>:</strong></span> <span class='ocrx_word' id='word_1_109' title='bbox 963 1680 984 1707; x_wconf 77' lang='lat'><strong>‘⁶</strong></span> <span class='ocrx_word' id='word_1_110' title='bbox 995 1668 1176 1743; x_wconf 84' lang='lat' dir='ltr'><strong>Poenitendo,</strong></span> <span class='ocrx_word' id='word_1_111' title='bbox 1190 1670 1299 1739; x_wconf 83' lang='lat' dir='ltr'><strong>flendo,</strong></span> 
     </span>
    </p>
   </div>
   <div class='ocr_carea' id='block_1_4' title="bbox 92 1762 1298 1926">
    <p class='ocr_par' dir='ltr' id='par_1_6' title="bbox 92 1762 1298 1926">
     <span class='ocr_line' id='line_1_15' title="bbox 92 1762 771 1841; baseline 0.006 -19"><span class='ocrx_word' id='word_1_112' title='bbox 92 1762 296 1824; x_wconf 87' lang='lat' dir='ltr'><strong>satisfaciendo</strong></span> <span class='ocrx_word' id='word_1_113' title='bbox 310 1764 403 1825; x_wconf 87' lang='lat' dir='ltr'><strong>deleat</strong></span> <span class='ocrx_word' id='word_1_114' title='bbox 414 1766 492 1841; x_wconf 90' lang='lat' dir='ltr'><strong>quod</strong></span> <span class='ocrx_word' id='word_1_115' title='bbox 506 1766 665 1827; x_wconf 89' lang='lat' dir='ltr'><strong>admissum</strong></span> <span class='ocrx_word' id='word_1_116' title='bbox 680 1767 771 1827; x_wconf 85' lang='lat' dir='ltr'><strong>est.”⁴</strong></span> 
     </span>
     <span class='ocr_line' id='line_1_16' title="bbox 137 1843 1298 1926; baseline 0.003 -23"><span class='ocrx_word' id='word_1_117' title='bbox 137 1847 204 1903; x_wconf 80' lang='lat'>142.</span> <span class='ocrx_word' id='word_1_118' title='bbox 220 1845 252 1903; x_wconf 85' lang='lat' dir='ltr'><strong>S.</strong></span> <span class='ocrx_word' id='word_1_119' title='bbox 262 1843 450 1916; x_wconf 75' lang='grc'><strong>(1111111111,</strong></span> <span class='ocrx_word' id='word_1_120' title='bbox 464 1846 502 1906; x_wconf 91' lang='lat' dir='ltr'><strong>de</strong></span> <span class='ocrx_word' id='word_1_121' title='bbox 511 1856 680 1923; x_wconf 86' lang='lat' dir='ltr'><strong>martyrum,</strong></span> <span class='ocrx_word' id='word_1_122' title='bbox 690 1848 800 1907; x_wconf 84' lang='lat' dir='ltr'><strong>scilieet</strong></span> <span class='ocrx_word' id='word_1_123' title='bbox 810 1847 861 1921; x_wconf 90' lang='lat' dir='ltr'><strong>qui</strong></span> <span class='ocrx_word' id='word_1_124' title='bbox 872 1845 981 1921; x_wconf 86' lang='lat' dir='ltr'><strong>aliquid</strong></span> <span class='ocrx_word' id='word_1_125' title='bbox 990 1846 1166 1923; x_wconf 87' lang='lat' dir='ltr'><strong>supplicium</strong></span> <span class='ocrx_word' id='word_1_126' title='bbox 1181 1857 1298 1926; x_wconf 83' lang='lat' dir='ltr'><strong>propter</strong></span> 
     </span>
    </p>
   </div>
   <div class='ocr_carea' id='block_1_5' title="bbox 92 1941 1305 4083">
    <p class='ocr_par' dir='ltr' id='par_1_7' title="bbox 92 1941 1305 4083">
     <span class='ocr_line' id='line_1_17' title="bbox 93 1941 1300 2022; baseline 0.002 -20"><span class='ocrx_word' id='word_1_127' title='bbox 93 1941 184 2003; x_wconf 87' lang='lat' dir='ltr'><strong>fidem</strong></span> <span class='ocrx_word' id='word_1_128' title='bbox 195 1943 273 2021; x_wconf 90' lang='lat' dir='ltr'><strong>passi</strong></span> <span class='ocrx_word' id='word_1_129' title='bbox 284 1954 373 2013; x_wconf 90' lang='lat' dir='ltr'><strong>erant,</strong></span> <span class='ocrx_word' id='word_1_130' title='bbox 384 1945 600 2015; x_wconf 87' lang='lat' dir='ltr'><strong>intercessione,</strong></span> <span class='ocrx_word' id='word_1_131' title='bbox 611 1957 642 2005; x_wconf 91' lang='lat' dir='ltr'><strong>ut</strong></span> <span class='ocrx_word' id='word_1_132' title='bbox 651 1945 725 2022; x_wconf 90' lang='lat' dir='ltr'><strong>lapsi</strong></span> <span class='ocrx_word' id='word_1_133' title='bbox 733 1947 829 2004; x_wconf 90' lang='lat' dir='ltr'><strong>statim</strong></span> <span class='ocrx_word' id='word_1_134' title='bbox 839 1943 1010 2004; x_wconf 88' lang='lat' dir='ltr'><strong>donarentur</strong></span> <span class='ocrx_word' id='word_1_135' title='bbox 1021 1945 1300 2006; x_wconf 83' lang='lat' dir='ltr'><strong>Ecclesiaecommu·</strong></span> 
     </span>
     <span class='ocr_line' id='line_1_18' title="bbox 92 2041 1298 2122; baseline -0.001 -21"><span class='ocrx_word' id='word_1_136' title='bbox 92 2041 194 2110; x_wconf 84' lang='grc'><strong>11111,</strong></span> <span class='ocrx_word' id='word_1_137' title='bbox 207 2060 340 2115; x_wconf 81' lang='lat' dir='ltr'><strong>quereus,</strong></span> <span class='ocrx_word' id='word_1_138' title='bbox 356 2042 443 2102; x_wconf 84' lang='lat' dir='ltr'><strong>dicit:</strong></span> <span class='ocrx_word' id='word_1_139' title='bbox 460 2054 479 2081; x_wconf 79' lang='lat'><strong>‘⁶</strong></span> <span class='ocrx_word' id='word_1_140' title='bbox 492 2042 676 2105; x_wconf 88' lang='lat' dir='ltr'><strong>Intereedunt</strong></span> <span class='ocrx_word' id='word_1_141' title='bbox 688 2062 725 2103; x_wconf 91' lang='lat' dir='ltr'><strong>ne</strong></span> <span class='ocrx_word' id='word_1_142' title='bbox 738 2054 854 2122; x_wconf 87' lang='lat' dir='ltr'><strong>rogetur</strong></span> <span class='ocrx_word' id='word_1_143' title='bbox 866 2042 958 2111; x_wconf 90' lang='lat' dir='ltr'><strong>Deus,</strong></span> <span class='ocrx_word' id='word_1_144' title='bbox 973 2042 1024 2117; x_wconf 89' lang='lat' dir='ltr'><strong>qui</strong></span> <span class='ocrx_word' id='word_1_145' title='bbox 1035 2041 1176 2121; x_wconf 85' lang='lat' dir='ltr'><strong>indignari</strong></span> <span class='ocrx_word' id='word_1_146' title='bbox 1191 2061 1223 2102; x_wconf 91' lang='lat' dir='ltr'><strong>se</strong></span> <span class='ocrx_word' id='word_1_147' title='bbox 1235 2043 1298 2120; x_wconf 89' lang='lat' dir='ltr'><strong>ipse</strong></span> 
     </span>
     <span class='ocr_line' id='line_1_19' title="bbox 93 2139 1296 2220; baseline 0 -21"><span class='ocrx_word' id='word_1_148' title='bbox 93 2148 224 2199; x_wconf 85' lang='lat' dir='ltr'><strong>testatur.</strong></span> <span class='ocrx_word' id='word_1_149' title='bbox 265 2139 449 2201; x_wconf 86' lang='lat' dir='ltr'><strong>Intercedunt</strong></span> <span class='ocrx_word' id='word_1_150' title='bbox 462 2159 499 2201; x_wconf 90' lang='lat' dir='ltr'><strong>ne</strong></span> <span class='ocrx_word' id='word_1_151' title='bbox 519 2154 655 2202; x_wconf 85' lang='lat' dir='ltr'><strong>exoretur</strong></span> <span class='ocrx_word' id='word_1_152' title='bbox 675 2143 808 2220; x_wconf 76' lang='lat' dir='ltr'><strong>precibus</strong></span> <span class='ocrx_word' id='word_1_153' title='bbox 832 2153 862 2201; x_wconf 89' lang='lat' dir='ltr'><strong>et</strong></span> <span class='ocrx_word' id='word_1_154' title='bbox 885 2141 1126 2200; x_wconf 76' lang='lat' dir='ltr'><strong>satisfactionibus</strong></span> <span class='ocrx_word' id='word_1_155' title='bbox 1148 2141 1296 2208; x_wconf 78' lang='lat' dir='ltr'><strong>Christus,</strong></span> 
     </span>
     <span class='ocr_line' id='line_1_20' title="bbox 93 2237 1299 2317; baseline -0.001 -20"><span class='ocrx_word' id='word_1_156' title='bbox 93 2237 147 2312; x_wconf 82' lang='lat' dir='ltr'><strong>qui</strong></span> <span class='ocrx_word' id='word_1_157' title='bbox 161 2247 312 2316; x_wconf 77' lang='lat' dir='ltr'><strong>negantem</strong></span> <span class='ocrx_word' id='word_1_158' title='bbox 326 2256 358 2297; x_wconf 89' lang='lat' dir='ltr'><strong>se</strong></span> <span class='ocrx_word' id='word_1_159' title='bbox 372 2257 477 2316; x_wconf 88' lang='lat' dir='ltr'><strong>negare</strong></span> <span class='ocrx_word' id='word_1_160' title='bbox 492 2240 639 2317; x_wconf 85' lang='lat' dir='ltr'><strong>profitetur</strong></span> <span class='ocrx_word' id='word_1_161' title='bbox 667 2278 835 2300; x_wconf 79' lang='grc'><strong>.....</strong></span> <span class='ocrx_word' id='word_1_162' title='bbox 867 2257 904 2298; x_wconf 87' lang='grc'><strong>11</strong></span> <span class='ocrx_word' id='word_1_163' title='bbox 919 2238 984 2298; x_wconf 85' lang='lat' dir='ltr'><strong>Deo</strong></span> <span class='ocrx_word' id='word_1_164' title='bbox 997 2238 1156 2316; x_wconf 84' lang='lat' dir='ltr'><strong>indignanti</strong></span> <span class='ocrx_word' id='word_1_165' title='bbox 1168 2237 1299 2296; x_wconf 85' lang='lat' dir='ltr'><strong>satisfiat.</strong></span> 
     </span>
     <span class='ocr_line' id='line_1_21' title="bbox 94 2334 1298 2414; baseline -0.002 -20"><span class='ocrx_word' id='word_1_166' title='bbox 94 2375 232 2394; x_wconf 89' lang='grc'><strong>.....</strong></span> <span class='ocrx_word' id='word_1_167' title='bbox 255 2335 346 2395; x_wconf 85' lang='lat' dir='ltr'><strong>Datur</strong></span> <span class='ocrx_word' id='word_1_168' title='bbox 365 2354 503 2414; x_wconf 81' lang='lat' dir='ltr'><strong>operans</strong></span> <span class='ocrx_word' id='word_1_169' title='bbox 517 2338 761 2397; x_wconf 78' lang='lat' dir='ltr'><strong>satisfactionibus</strong></span> <span class='ocrx_word' id='word_1_170' title='bbox 775 2346 804 2396; x_wconf 90' lang='lat' dir='ltr'><strong>et</strong></span> <span class='ocrx_word' id='word_1_171' title='bbox 823 2335 1074 2396; x_wconf 80' lang='lat' dir='ltr'><strong>lamentationibus</strong></span> <span class='ocrx_word' id='word_1_172' title='bbox 1091 2336 1180 2414; x_wconf 82' lang='lat' dir='ltr'><strong>justis</strong></span> <span class='ocrx_word' id='word_1_173' title='bbox 1194 2334 1298 2393; x_wconf 89' lang='lat' dir='ltr'><strong>delicta</strong></span> 
     </span>
     <span class='ocr_line' id='line_1_22' title="bbox 94 2431 1299 2514; baseline -0.002 -22"><span class='ocrx_word' id='word_1_174' title='bbox 94 2431 283 2502; x_wconf 84' lang='lat' dir='ltr'><strong>redimantur,</strong></span> <span class='ocrx_word' id='word_1_175' title='bbox 297 2453 334 2494; x_wconf 93' lang='lat' dir='ltr'><strong>ne</strong></span> <span class='ocrx_word' id='word_1_176' title='bbox 347 2435 464 2508; x_wconf 72' lang='lat' dir='ltr'><strong>uulnera</strong></span> <span class='ocrx_word' id='word_1_177' title='bbox 483 2435 621 2512; x_wconf 85' lang='lat' dir='ltr'><strong>lacrymis</strong></span> <span class='ocrx_word' id='word_1_178' title='bbox 633 2434 813 2495; x_wconf 87' lang='lat' dir='ltr'><strong>abluantur.”</strong></span> <span class='ocrx_word' id='word_1_179' title='bbox 854 2433 966 2514; x_wconf 89' lang='lat' dir='ltr'><strong>Lapsos</strong></span> <span class='ocrx_word' id='word_1_180' title='bbox 982 2454 998 2492; x_wconf 87' lang='lat' dir='ltr'><strong>a</strong></span> <span class='ocrx_word' id='word_1_181' title='bbox 1013 2434 1183 2493; x_wconf 84' lang='lat' dir='ltr'><strong>Noratianis</strong></span> <span class='ocrx_word' id='word_1_182' title='bbox 1199 2432 1299 2509; x_wconf 88' lang='lat' dir='ltr'><strong>recipi,</strong></span> 
     </span>
     <span class='ocr_line' id='line_1_23' title="bbox 93 2527 1301 2608; baseline -0.003 -19"><span class='ocrx_word' id='word_1_183' title='bbox 93 2530 178 2589; x_wconf 87' lang='lat' dir='ltr'><strong>omni</strong></span> <span class='ocrx_word' id='word_1_184' title='bbox 191 2530 364 2607; x_wconf 81' lang='lat' dir='ltr'><strong>prenitentiae</strong></span> <span class='ocrx_word' id='word_1_185' title='bbox 378 2530 442 2608; x_wconf 90' lang='lat' dir='ltr'><strong>lege</strong></span> <span class='ocrx_word' id='word_1_186' title='bbox 456 2531 559 2602; x_wconf 86' lang='lat' dir='ltr'><strong>soluta,</strong></span> <span class='ocrx_word' id='word_1_187' title='bbox 574 2532 721 2605; x_wconf 82' lang='lat' dir='ltr'><strong>queritur:</strong></span> <span class='ocrx_word' id='word_1_188' title='bbox 744 2531 891 2590; x_wconf 81' lang='lat' dir='ltr'><strong>“Sublata</strong></span> <span class='ocrx_word' id='word_1_189' title='bbox 905 2531 1080 2608; x_wconf 78' lang='lat' dir='ltr'><strong>penitentia,</strong></span> <span class='ocrx_word' id='word_1_190' title='bbox 1096 2547 1149 2588; x_wconf 89' lang='lat' dir='ltr'><strong>nec</strong></span> <span class='ocrx_word' id='word_1_191' title='bbox 1164 2527 1221 2587; x_wconf 89' lang='lat' dir='ltr'><strong>ulla</strong></span> <span class='ocrx_word' id='word_1_192' title='bbox 1230 2544 1301 2586; x_wconf 80' lang='lat' dir='ltr'><strong>exo·</strong></span> 
     </span>
     <span class='ocr_line' id='line_1_24' title="bbox 93 2625 1299 2707; baseline -0.004 -20"><span class='ocrx_word' id='word_1_193' title='bbox 93 2626 238 2704; x_wconf 86' lang='lat' dir='ltr'><strong>mologesi</strong></span> <span class='ocrx_word' id='word_1_194' title='bbox 251 2627 379 2687; x_wconf 88' lang='lat' dir='ltr'><strong>criminis</strong></span> <span class='ocrx_word' id='word_1_195' title='bbox 393 2628 477 2698; x_wconf 88' lang='lat' dir='ltr'><strong>facta,</strong></span> <span class='ocrx_word' id='word_1_196' title='bbox 489 2627 632 2707; x_wconf 83' lang='lat' dir='ltr'><strong>despectis</strong></span> <span class='ocrx_word' id='word_1_197' title='bbox 647 2629 793 2707; x_wconf 90' lang='lat' dir='ltr'><strong>episcopis</strong></span> <span class='ocrx_word' id='word_1_198' title='bbox 807 2628 1030 2704; x_wconf 78' lang='grc'><strong>1111111111111,</strong></span> <span class='ocrx_word' id='word_1_199' title='bbox 1048 2645 1106 2705; x_wconf 85' lang='lat' dir='ltr'><strong>pax</strong></span> <span class='ocrx_word' id='word_1_200' title='bbox 1119 2644 1179 2685; x_wconf 91' lang='lat' dir='ltr'><strong>non</strong></span> <span class='ocrx_word' id='word_1_201' title='bbox 1192 2645 1210 2684; x_wconf 91' lang='lat' dir='ltr'><strong>a</strong></span> <span class='ocrx_word' id='word_1_202' title='bbox 1224 2625 1299 2683; x_wconf 85' lang='grc'><strong>11111</strong></span> 
     </span>
     <span class='ocr_line' id='line_1_25' title="bbox 93 2721 1301 2813; baseline -0.002 -29"><span class='ocrx_word' id='word_1_203' title='bbox 93 2725 272 2803; x_wconf 89' lang='lat' dir='ltr'><strong>presbyteris</strong></span> <span class='ocrx_word' id='word_1_204' title='bbox 287 2726 381 2791; x_wconf 82' lang='lat' dir='ltr'><strong>verbis</strong></span> <span class='ocrx_word' id='word_1_205' title='bbox 395 2726 542 2787; x_wconf 79' lang='lat' dir='ltr'><strong>fallacibus</strong></span> <span class='ocrx_word' id='word_1_206' title='bbox 558 2727 736 2804; x_wconf 65' lang='lat' dir='ltr'><strong>predicetur,</strong></span> <span class='ocrx_word' id='word_1_207' title='bbox 751 2738 780 2787; x_wconf 92' lang='lat' dir='ltr'><strong>et</strong></span> <span class='ocrx_word' id='word_1_208' title='bbox 800 2745 835 2788; x_wconf 91' lang='lat' dir='ltr'><strong>ne</strong></span> <span class='ocrx_word' id='word_1_209' title='bbox 863 2727 942 2813; x_wconf 15' lang='lat' dir='ltr'><strong>lapsi*</strong></span> <span class='ocrx_word' id='word_1_210' title='bbox 961 2734 1087 2804; x_wconf 89' lang='lat' dir='ltr'><strong>surgant,</strong></span> <span class='ocrx_word' id='word_1_211' title='bbox 1105 2736 1153 2784; x_wconf 90' lang='lat' dir='ltr'><strong>aut</strong></span> <span class='ocrx_word' id='word_1_212' title='bbox 1180 2723 1250 2784; x_wconf 87' lang='lat' dir='ltr'><strong>foris</strong></span> <span class='ocrx_word' id='word_1_213' title='bbox 1264 2721 1301 2782; x_wconf 90' lang='lat' dir='ltr'><strong>ad</strong></span> 
     </span>
     <span class='ocr_line' id='line_1_26' title="bbox 94 2823 1299 2894; baseline -0.001 -12"><span class='ocrx_word' id='word_1_214' title='bbox 94 2823 260 2883; x_wconf 83' lang='lat' dir='ltr'><strong>Ecclesiam</strong></span> <span class='ocrx_word' id='word_1_215' title='bbox 274 2824 401 2894; x_wconf 88' lang='lat' dir='ltr'><strong>redeant,</strong></span> <span class='ocrx_word' id='word_1_216' title='bbox 415 2828 637 2887; x_wconf 87' lang='lat' dir='ltr'><strong>communicatio</strong></span> <span class='ocrx_word' id='word_1_217' title='bbox 650 2846 709 2887; x_wconf 90' lang='lat' dir='ltr'><strong>nun</strong></span> <span class='ocrx_word' id='word_1_218' title='bbox 720 2827 997 2887; x_wconf 87' lang='lat' dir='ltr'><strong>communicantibus</strong></span> <span class='ocrx_word' id='word_1_219' title='bbox 1007 2824 1142 2884; x_wconf 84' lang='lat' dir='ltr'><strong>offeratur</strong></span> <span class='ocrx_word' id='word_1_220' title='bbox 1154 2825 1165 2881; x_wconf 82' lang='lat' dir='ltr'><strong>l</strong></span> <span class='ocrx_word' id='word_1_221' title='bbox 1187 2823 1299 2892; x_wconf 84' lang='lat' dir='ltr'><strong>Quibus</strong></span> 
     </span>
     <span class='ocr_line' id='line_1_27' title="bbox 95 2923 1300 3004; baseline -0.002 -22"><span class='ocrx_word' id='word_1_222' title='bbox 95 2924 184 2982; x_wconf 88' lang='lat' dir='ltr'><strong>etiam</strong></span> <span class='ocrx_word' id='word_1_223' title='bbox 198 2925 338 2984; x_wconf 81' lang='lat' dir='ltr'><strong>nonsatis</strong></span> <span class='ocrx_word' id='word_1_224' title='bbox 363 2925 415 2984; x_wconf 90' lang='lat' dir='ltr'><strong>fuit</strong></span> <span class='ocrx_word' id='word_1_225' title='bbox 439 2926 474 2985; x_wconf 86' lang='lat' dir='ltr'><strong>ab</strong></span> <span class='ocrx_word' id='word_1_226' title='bbox 494 2926 628 2986; x_wconf 88' lang='lat' dir='ltr'><strong>Ecclesia</strong></span> <span class='ocrx_word' id='word_1_227' title='bbox 641 2927 807 2996; x_wconf 84' lang='lat' dir='ltr'><strong>recessisse,</strong></span> <span class='ocrx_word' id='word_1_228' title='bbox 827 2944 910 3004; x_wconf 90' lang='lat' dir='ltr'><strong>spem</strong></span> <span class='ocrx_word' id='word_1_229' title='bbox 939 2925 1027 3002; x_wconf 90' lang='lat' dir='ltr'><strong>lapsis</strong></span> <span class='ocrx_word' id='word_1_230' title='bbox 1048 2923 1249 2983; x_wconf 82' lang='lat' dir='ltr'><strong>satisfactionis</strong></span> <span class='ocrx_word' id='word_1_231' title='bbox 1270 2932 1300 2993; x_wconf 86' lang='lat' dir='ltr'><strong>et</strong></span> 
     </span>
     <span class='ocr_line' id='line_1_28' title="bbox 95 3010 1298 3098; baseline -0.002 -19"><span class='ocrx_word' id='word_1_232' title='bbox 95 3010 447 3098; x_wconf 75' lang='lat' dir='ltr'><strong>penitentie-sustulisse,</strong></span> <span class='ocrx_word' id='word_1_233' title='bbox 459 3023 604 3082; x_wconf 88' lang='lat' dir='ltr'><strong>fraudibus</strong></span> <span class='ocrx_word' id='word_1_234' title='bbox 619 3024 773 3093; x_wconf 84' lang='lat' dir='ltr'><strong>involutos,</strong></span> <span class='ocrx_word' id='word_1_235' title='bbox 783 3023 828 3082; x_wconf 88' lang='lat' dir='ltr'><strong>vel</strong></span> <span class='ocrx_word' id='word_1_236' title='bbox 842 3022 989 3083; x_wconf 88' lang='lat' dir='ltr'><strong>adulteriis</strong></span> <span class='ocrx_word' id='word_1_237' title='bbox 1004 3020 1236 3087; x_wconf 85' lang='lat' dir='ltr'><strong>commaculatos,</strong></span> <span class='ocrx_word' id='word_1_238' title='bbox 1252 3019 1298 3077; x_wconf 86' lang='lat' dir='ltr'><strong>vel</strong></span> 
     </span>
     <span class='ocr_line' id='line_1_29' title="bbox 95 3119 1301 3199; baseline -0.003 -20"><span class='ocrx_word' id='word_1_239' title='bbox 95 3119 301 3179; x_wconf 85' lang='lat' dir='ltr'><strong>sacrificiorum</strong></span> <span class='ocrx_word' id='word_1_240' title='bbox 310 3120 420 3179; x_wconf 86' lang='lat' dir='ltr'><strong>funesta</strong></span> <span class='ocrx_word' id='word_1_241' title='bbox 432 3123 602 3198; x_wconf 89' lang='lat' dir='ltr'><strong>contagione</strong></span> <span class='ocrx_word' id='word_1_242' title='bbox 614 3122 749 3199; x_wconf 89' lang='lat' dir='ltr'><strong>pollutos,</strong></span> <span class='ocrx_word' id='word_1_243' title='bbox 760 3142 796 3181; x_wconf 90' lang='lat' dir='ltr'><strong>ne</strong></span> <span class='ocrx_word' id='word_1_244' title='bbox 809 3122 1055 3199; x_wconf 84' lang='lat' dir='ltr'><strong>Deumrogarent‚</strong></span> <span class='ocrx_word' id='word_1_245' title='bbox 1069 3139 1105 3180; x_wconf 90' lang='lat' dir='ltr'><strong>ne</strong></span> <span class='ocrx_word' id='word_1_246' title='bbox 1119 3122 1148 3179; x_wconf 90' lang='lat' dir='ltr'><strong>in</strong></span> <span class='ocrx_word' id='word_1_247' title='bbox 1167 3119 1301 3178; x_wconf 86' lang='lat' dir='ltr'><strong>Ecclesia</strong></span> 
     </span>
     <span class='ocr_line' id='line_1_30' title="bbox 96 3216 1301 3296; baseline -0.002 -21"><span class='ocrx_word' id='word_1_248' title='bbox 96 3216 317 3296; x_wconf 85' lang='lat' dir='ltr'><strong>exomologesin</strong></span> <span class='ocrx_word' id='word_1_249' title='bbox 347 3219 498 3278; x_wconf 88' lang='lat' dir='ltr'><strong>criminum</strong></span> <span class='ocrx_word' id='word_1_250' title='bbox 524 3216 658 3287; x_wconf 83' lang='lat' dir='ltr'><strong>facerent,</strong></span> <span class='ocrx_word' id='word_1_251' title='bbox 679 3220 716 3277; x_wconf 91' lang='lat' dir='ltr'><strong>ab</strong></span> <span class='ocrx_word' id='word_1_252' title='bbox 742 3220 821 3278; x_wconf 88' lang='lat' dir='ltr'><strong>omui</strong></span> <span class='ocrx_word' id='word_1_253' title='bbox 849 3238 936 3278; x_wconf 89' lang='lat' dir='ltr'><strong>sensu</strong></span> <span class='ocrx_word' id='word_1_254' title='bbox 959 3232 988 3277; x_wconf 88' lang='grc'><strong>11</strong></span> <span class='ocrx_word' id='word_1_255' title='bbox 1012 3218 1103 3277; x_wconf 86' lang='lat' dir='ltr'><strong>fructu</strong></span> <span class='ocrx_word' id='word_1_256' title='bbox 1125 3217 1301 3293; x_wconf 80' lang='lat' dir='ltr'><strong>poenitentiae</strong></span> 
     </span>
     <span class='ocr_line' id='line_1_31' title="bbox 96 3313 1302 3383; baseline -0.002 -10"><span class='ocrx_word' id='word_1_257' title='bbox 96 3315 267 3383; x_wconf 81' lang='lat' dir='ltr'><strong>removisse,</strong></span> <span class='ocrx_word' id='word_1_258' title='bbox 283 3314 350 3374; x_wconf 85' lang='lat' dir='ltr'><strong>foris</strong></span> <span class='ocrx_word' id='word_1_259' title='bbox 365 3317 419 3375; x_wconf 89' lang='lat' dir='ltr'><strong>sibi</strong></span> <span class='ocrx_word' id='word_1_260' title='bbox 434 3326 515 3375; x_wconf 86' lang='lat' dir='ltr'><strong>extra</strong></span> <span class='ocrx_word' id='word_1_261' title='bbox 529 3315 690 3375; x_wconf 88' lang='lat' dir='ltr'><strong>Ecclesiam</strong></span> <span class='ocrx_word' id='word_1_262' title='bbox 704 3326 734 3373; x_wconf 92' lang='lat' dir='ltr'><strong>et</strong></span> <span class='ocrx_word' id='word_1_263' title='bbox 747 3327 846 3374; x_wconf 91' lang='lat' dir='ltr'><strong>contra</strong></span> <span class='ocrx_word' id='word_1_264' title='bbox 859 3316 1021 3374; x_wconf 89' lang='lat' dir='ltr'><strong>Ecclesiam</strong></span> <span class='ocrx_word' id='word_1_265' title='bbox 1036 3313 1220 3374; x_wconf 88' lang='lat' dir='ltr'><strong>constituisse</strong></span> <span class='ocrx_word' id='word_1_266' title='bbox 1234 3331 1302 3372; x_wconf 87' lang='lat' dir='ltr'><strong>cun·</strong></span> 
     </span>
     <span class='ocr_line' id='line_1_32' title="bbox 96 3410 1300 3490; baseline -0.003 -20"><span class='ocrx_word' id='word_1_267' title='bbox 96 3411 274 3471; x_wconf 82' lang='lat' dir='ltr'><strong>venticulum</strong></span> <span class='ocrx_word' id='word_1_268' title='bbox 289 3411 406 3490; x_wconf 78' lang='lat' dir='ltr'><strong>perditae</strong></span> <span class='ocrx_word' id='word_1_269' title='bbox 425 3412 566 3481; x_wconf 87' lang='lat' dir='ltr'><strong>factionis,</strong></span> <span class='ocrx_word' id='word_1_270' title='bbox 580 3431 646 3472; x_wconf 91' lang='lat' dir='ltr'><strong>cum</strong></span> <span class='ocrx_word' id='word_1_271' title='bbox 668 3411 742 3471; x_wconf 90' lang='lat' dir='ltr'><strong>male</strong></span> <span class='ocrx_word' id='word_1_272' title='bbox 756 3411 810 3469; x_wconf 90' lang='lat' dir='ltr'><strong>sibi</strong></span> <span class='ocrx_word' id='word_1_273' title='bbox 831 3413 1024 3478; x_wconf 82' lang='lat' dir='ltr'><strong>consciorum,</strong></span> <span class='ocrx_word' id='word_1_274' title='bbox 1040 3420 1069 3468; x_wconf 93' lang='lat' dir='ltr'><strong>et</strong></span> <span class='ocrx_word' id='word_1_275' title='bbox 1084 3410 1178 3468; x_wconf 91' lang='lat' dir='ltr'><strong>Deum</strong></span> <span class='ocrx_word' id='word_1_276' title='bbox 1199 3427 1300 3486; x_wconf 87' lang='lat' dir='ltr'><strong>rogare</strong></span> 
     </span>
     <span class='ocr_line' id='line_1_33' title="bbox 97 3503 1303 3583; baseline -0.003 -12"><span class='ocrx_word' id='word_1_277' title='bbox 97 3530 134 3571; x_wconf 81' lang='lat' dir='ltr'><strong>ac</strong></span> <span class='ocrx_word' id='word_1_278' title='bbox 146 3512 308 3571; x_wconf 86' lang='lat' dir='ltr'><strong>satisfacere</strong></span> <span class='ocrx_word' id='word_1_279' title='bbox 322 3512 482 3573; x_wconf 89' lang='lat' dir='ltr'><strong>nolentium</strong></span> <span class='ocrx_word' id='word_1_280' title='bbox 496 3520 608 3571; x_wconf 84' lang='lat' dir='ltr'><strong>caterva</strong></span> <span class='ocrx_word' id='word_1_281' title='bbox 627 3510 833 3570; x_wconf 65' lang='grc' dir='ltr'><strong>1111111111.”ὅ</strong></span> <span class='ocrx_word' id='word_1_282' title='bbox 873 3510 913 3569; x_wconf 87' lang='grc' dir='ltr'><strong>Ε1</strong></span> <span class='ocrx_word' id='word_1_283' title='bbox 933 3511 1003 3569; x_wconf 89' lang='lat' dir='ltr'><strong>alias</strong></span> <span class='ocrx_word' id='word_1_284' title='bbox 1016 3530 1024 3568; x_wconf 80' lang='lat' dir='ltr'><strong>r</strong></span> <span class='ocrx_word' id='word_1_285' title='bbox 1036 3503 1038 3506; x_wconf 59' lang='grc'>’</span> <span class='ocrx_word' id='word_1_286' title='bbox 1048 3518 1068 3547; x_wconf 88' lang='grc'>“</span> <span class='ocrx_word' id='word_1_287' title='bbox 1079 3508 1169 3568; x_wconf 87' lang='lat' dir='ltr'><strong>Orare</strong></span> <span class='ocrx_word' id='word_1_288' title='bbox 1190 3516 1303 3583; x_wconf 85' lang='lat' dir='ltr'><strong>oportet</strong></span> 
     </span>
     <span class='ocr_line' id='line_1_34' title="bbox 96 3603 1303 3687; baseline -0.007 -18"><span class='ocrx_word' id='word_1_289' title='bbox 96 3608 271 3686; x_wconf 81' lang='lat' dir='ltr'><strong>impensius,</strong></span> <span class='ocrx_word' id='word_1_290' title='bbox 286 3619 437 3687; x_wconf 80' lang='lat' dir='ltr'><strong>stragem,</strong></span> <span class='ocrx_word' id='word_1_291' title='bbox 451 3607 528 3668; x_wconf 91' lang='lat' dir='ltr'><strong>diem</strong></span> <span class='ocrx_word' id='word_1_292' title='bbox 549 3607 626 3667; x_wconf 91' lang='lat' dir='ltr'><strong>luctu</strong></span> <span class='ocrx_word' id='word_1_293' title='bbox 642 3608 807 3686; x_wconf 82' lang='lat' dir='ltr'><strong>transigere,</strong></span> <span class='ocrx_word' id='word_1_294' title='bbox 829 3607 935 3685; x_wconf 83' lang='lat' dir='ltr'><strong>vigiliis</strong></span> <span class='ocrx_word' id='word_1_295' title='bbox 958 3616 1056 3666; x_wconf 87' lang='lat' dir='ltr'><strong>noctes</strong></span> <span class='ocrx_word' id='word_1_296' title='bbox 1070 3624 1103 3663; x_wconf 90' lang='lat' dir='ltr'><strong>ac</strong></span> <span class='ocrx_word' id='word_1_297' title='bbox 1115 3603 1231 3663; x_wconf 88' lang='lat' dir='ltr'><strong>fletibus</strong></span> <span class='ocrx_word' id='word_1_298' title='bbox 1251 3603 1303 3662; x_wconf 91' lang='lat' dir='ltr'><strong>du·</strong></span> 
     </span>
     <span class='ocr_line' id='line_1_35' title="bbox 98 3698 1303 3785; baseline -0.007 -16"><span class='ocrx_word' id='word_1_299' title='bbox 98 3724 175 3776; x_wconf 84' lang='grc'><strong>1111,</strong></span> <span class='ocrx_word' id='word_1_300' title='bbox 197 3698 312 3785; x_wconf 84' lang='lat' dir='ltr'><strong>tempus</strong></span> <span class='ocrx_word' id='word_1_301' title='bbox 346 3725 432 3766; x_wconf 91' lang='lat' dir='ltr'><strong>omne</strong></span> <span class='ocrx_word' id='word_1_302' title='bbox 459 3706 629 3783; x_wconf 84' lang='lat' dir='ltr'><strong>lacrymosis</strong></span> <span class='ocrx_word' id='word_1_303' title='bbox 651 3705 902 3765; x_wconf 85' lang='lat' dir='ltr'><strong>lamentationibus</strong></span> <span class='ocrx_word' id='word_1_304' title='bbox 924 3721 1078 3781; x_wconf 82' lang='lat' dir='ltr'><strong>occupare,</strong></span> <span class='ocrx_word' id='word_1_305' title='bbox 1106 3711 1210 3760; x_wconf 86' lang='lat' dir='ltr'><strong>stratos</strong></span> <span class='ocrx_word' id='word_1_306' title='bbox 1239 3701 1303 3760; x_wconf 91' lang='lat' dir='ltr'><strong>solo</strong></span> 
     </span>
     <span class='ocr_line' id='line_1_36' title="bbox 98 3798 1305 3875; baseline -0.008 -11"><span class='ocrx_word' id='word_1_307' title='bbox 98 3802 244 3864; x_wconf 72' lang='lat' dir='ltr'><strong>adherere</strong></span> <span class='ocrx_word' id='word_1_308' title='bbox 270 3803 369 3871; x_wconf 86' lang='lat' dir='ltr'><strong>cineri,</strong></span> <span class='ocrx_word' id='word_1_309' title='bbox 385 3803 427 3875; x_wconf 51' lang='lat' dir='ltr'><strong>in¹</strong></span> <span class='ocrx_word' id='word_1_310' title='bbox 443 3802 537 3861; x_wconf 87' lang='lat' dir='ltr'><strong>cilicio</strong></span> <span class='ocrx_word' id='word_1_311' title='bbox 559 3811 589 3861; x_wconf 89' lang='lat' dir='ltr'><strong>et</strong></span> <span class='ocrx_word' id='word_1_312' title='bbox 611 3801 743 3861; x_wconf 90' lang='lat' dir='ltr'><strong>sordibus</strong></span> <span class='ocrx_word' id='word_1_313' title='bbox 756 3801 874 3860; x_wconf 83' lang='lat' dir='ltr'><strong>volutari</strong></span> <span class='ocrx_word' id='word_1_314' title='bbox 897 3842 905 3860; x_wconf 93' lang='lat'>.</span> <span class='ocrx_word' id='word_1_315' title='bbox 928 3841 936 3859; x_wconf 99' lang='lat'>.</span> <span class='ocrx_word' id='word_1_316' title='bbox 960 3842 968 3858; x_wconf 92' lang='lat'>.</span> <span class='ocrx_word' id='word_1_317' title='bbox 991 3841 1000 3858; x_wconf 91' lang='lat'>.</span> <span class='ocrx_word' id='word_1_318' title='bbox 1022 3800 1071 3874; x_wconf 90' lang='lat' dir='ltr'><strong>qui</strong></span> <span class='ocrx_word' id='word_1_319' title='bbox 1086 3799 1128 3857; x_wconf 91' lang='lat' dir='ltr'><strong>sic</strong></span> <span class='ocrx_word' id='word_1_320' title='bbox 1144 3798 1208 3857; x_wconf 91' lang='lat' dir='ltr'><strong>Deo</strong></span> <span class='ocrx_word' id='word_1_321' title='bbox 1223 3798 1305 3855; x_wconf 88' lang='lat' dir='ltr'><strong>satis·</strong></span> 
     </span>
     <span class='ocr_line' id='line_1_37' title="bbox 99 3894 1304 3978; baseline -0.008 -16"><span class='ocrx_word' id='word_1_322' title='bbox 99 3902 208 3974; x_wconf 90' lang='lat' dir='ltr'><strong>fecerit,</strong></span> <span class='ocrx_word' id='word_1_323' title='bbox 231 3902 282 3976; x_wconf 89' lang='lat' dir='ltr'><strong>qui</strong></span> <span class='ocrx_word' id='word_1_324' title='bbox 297 3901 464 3978; x_wconf 76' lang='lat' dir='ltr'><strong>poenitentia</strong></span> <span class='ocrx_word' id='word_1_325' title='bbox 477 3900 543 3961; x_wconf 88' lang='lat' dir='ltr'><strong>facti</strong></span> <span class='ocrx_word' id='word_1_326' title='bbox 558 3898 614 3967; x_wconf 84' lang='lat' dir='ltr'><strong>sui,</strong></span> <span class='ocrx_word' id='word_1_327' title='bbox 631 3901 681 3973; x_wconf 92' lang='lat' dir='ltr'><strong>qui</strong></span> <span class='ocrx_word' id='word_1_328' title='bbox 696 3897 804 3976; x_wconf 90' lang='lat' dir='ltr'><strong>pudore</strong></span> <span class='ocrx_word' id='word_1_329' title='bbox 825 3898 922 3958; x_wconf 88' lang='lat' dir='ltr'><strong>delicti</strong></span> <span class='ocrx_word' id='word_1_330' title='bbox 936 3898 1001 3975; x_wconf 90' lang='lat' dir='ltr'><strong>plus</strong></span> <span class='ocrx_word' id='word_1_331' title='bbox 1015 3908 1045 3956; x_wconf 92' lang='lat' dir='ltr'><strong>et</strong></span> <span class='ocrx_word' id='word_1_332' title='bbox 1059 3898 1170 3955; x_wconf 87' lang='lat' dir='ltr'><strong>virtutis</strong></span> <span class='ocrx_word' id='word_1_333' title='bbox 1193 3905 1223 3954; x_wconf 88' lang='lat' dir='ltr'><strong>et</strong></span> <span class='ocrx_word' id='word_1_334' title='bbox 1236 3894 1304 3952; x_wconf 89' lang='lat' dir='ltr'><strong>fidei</strong></span> 
     </span>
     <span class='ocr_line' id='line_1_38' title="bbox 96 3993 1303 4083; baseline -0.009 -22"><span class='ocrx_word' id='word_1_335' title='bbox 96 4000 134 4063; x_wconf 91' lang='lat' dir='ltr'><strong>de</strong></span> <span class='ocrx_word' id='word_1_336' title='bbox 148 4003 215 4083; x_wconf 93' lang='lat' dir='ltr'><strong>ipso</strong></span> <span class='ocrx_word' id='word_1_337' title='bbox 236 3999 337 4079; x_wconf 89' lang='lat' dir='ltr'><strong>lapsus</strong></span> <span class='ocrx_word' id='word_1_338' title='bbox 348 3999 394 4058; x_wconf 90' lang='lat' dir='ltr'><strong>sui</strong></span> <span class='ocrx_word' id='word_1_339' title='bbox 408 3997 506 4058; x_wconf 90' lang='lat' dir='ltr'><strong>dolore</strong></span> <span class='ocrx_word' id='word_1_340' title='bbox 520 3997 694 4075; x_wconf 75' lang='lat' dir='ltr'><strong>conceperit.</strong></span> <span class='ocrx_word' id='word_1_341' title='bbox 706 3996 858 4057; x_wconf 84' lang='lat' dir='ltr'><strong>exauditus</strong></span> <span class='ocrx_word' id='word_1_342' title='bbox 872 4006 902 4055; x_wconf 90' lang='lat' dir='ltr'><strong>et</strong></span> <span class='ocrx_word' id='word_1_343' title='bbox 913 3995 1026 4074; x_wconf 90' lang='lat' dir='ltr'><strong>adjutus</strong></span> <span class='ocrx_word' id='word_1_344' title='bbox 1038 4013 1055 4053; x_wconf 88' lang='lat' dir='ltr'><strong>a</strong></span> <span class='ocrx_word' id='word_1_345' title='bbox 1068 3993 1208 4062; x_wconf 83' lang='lat' dir='ltr'><strong>Domino,</strong></span> <span class='ocrx_word' id='word_1_346' title='bbox 1217 4008 1303 4066; x_wconf 89' lang='lat' dir='ltr'><strong>quam</strong></span> 
     </span>
    </p>
   </div>
   <div class='ocr_carea' id='block_1_6' title="bbox 406 4213 936 4626">
    <p class='ocr_par' dir='ltr' id='par_1_8' title="bbox 408 4213 715 4283">
     <span class='ocr_line' id='line_1_39' title="bbox 408 4213 715 4283; baseline 0.013 -20"><span class='ocrx_word' id='word_1_347' title='bbox 408 4215 451 4283; x_wconf 93' lang='lat' dir='ltr'><strong>(l)</strong></span> <span class='ocrx_word' id='word_1_348' title='bbox 470 4213 501 4264; x_wconf 90' lang='lat' dir='ltr'><strong>L.</strong></span> <span class='ocrx_word' id='word_1_349' title='bbox 510 4213 542 4264; x_wconf 88' lang='lat' dir='ltr'><strong>de</strong></span> <span class='ocrx_word' id='word_1_350' title='bbox 551 4213 640 4266; x_wconf 75' lang='lat' dir='ltr'><strong>Poenit.</strong></span> <span class='ocrx_word' id='word_1_351' title='bbox 648 4230 671 4266; x_wconf 86' lang='lat' dir='ltr'><strong>e.</strong></span> <span class='ocrx_word' id='word_1_352' title='bbox 681 4214 715 4266; x_wconf 83' lang='grc'><strong>11.</strong></span> 
     </span>
    </p>

    <p class='ocr_par' dir='ltr' id='par_1_9' title="bbox 408 4299 650 4366">
     <span class='ocr_line' id='line_1_40' title="bbox 408 4299 650 4366; baseline 0.008 -17"><span class='ocrx_word' id='word_1_353' title='bbox 408 4300 451 4366; x_wconf 76' lang='lat'><strong>(2)</strong></span> <span class='ocrx_word' id='word_1_354' title='bbox 469 4299 564 4351; x_wconf 87' lang='lat' dir='ltr'><strong>Ibidem</strong></span> <span class='ocrx_word' id='word_1_355' title='bbox 576 4315 598 4351; x_wconf 86' lang='grc'><strong>1.</strong></span> <span class='ocrx_word' id='word_1_356' title='bbox 609 4299 650 4351; x_wconf 89' lang='grc'><strong>111.</strong></span> 
     </span>
    </p>

    <p class='ocr_par' dir='ltr' id='par_1_10' title="bbox 406 4384 730 4451">
     <span class='ocr_line' id='line_1_41' title="bbox 406 4384 730 4451; baseline 0 -16"><span class='ocrx_word' id='word_1_357' title='bbox 406 4385 449 4451; x_wconf 85' lang='grc'><strong>(3)</strong></span> <span class='ocrx_word' id='word_1_358' title='bbox 470 4385 548 4436; x_wconf 87' lang='lat' dir='ltr'><strong>Hom.</strong></span> <span class='ocrx_word' id='word_1_359' title='bbox 558 4400 600 4435; x_wconf 83' lang='lat' dir='ltr'><strong>xv.</strong></span> <span class='ocrx_word' id='word_1_360' title='bbox 610 4384 638 4435; x_wconf 89' lang='lat' dir='ltr'><strong>iu</strong></span> <span class='ocrx_word' id='word_1_361' title='bbox 650 4384 730 4436; x_wconf 81' lang='lat' dir='ltr'><strong>Lavit.</strong></span> 
     </span>
    </p>

    <p class='ocr_par' dir='ltr' id='par_1_11' title="bbox 409 4470 768 4540">
     <span class='ocr_line' id='line_1_42' title="bbox 409 4470 768 4540; baseline 0.003 -19"><span class='ocrx_word' id='word_1_362' title='bbox 409 4473 452 4540; x_wconf 76' lang='grc'><strong>14)</strong></span> <span class='ocrx_word' id='word_1_363' title='bbox 473 4471 548 4522; x_wconf 89' lang='lat' dir='ltr'><strong>Hom.</strong></span> <span class='ocrx_word' id='word_1_364' title='bbox 559 4470 592 4521; x_wconf 87' lang='grc'><strong>11.</strong></span> <span class='ocrx_word' id='word_1_365' title='bbox 602 4470 630 4522; x_wconf 90' lang='lat' dir='ltr'><strong>in</strong></span> <span class='ocrx_word' id='word_1_366' title='bbox 641 4470 768 4523; x_wconf 83' lang='lat' dir='ltr'><strong>Exedunt.</strong></span> 
     </span>
    </p>

    <p class='ocr_par' dir='ltr' id='par_1_12' title="bbox 407 4557 936 4626">
     <span class='ocr_line' id='line_1_43' title="bbox 407 4557 936 4626; baseline 0.002 -20"><span class='ocrx_word' id='word_1_367' title='bbox 407 4558 451 4626; x_wconf 84' lang='lat' dir='ltr'><strong>(ti)</strong></span> <span class='ocrx_word' id='word_1_368' title='bbox 471 4559 521 4626; x_wconf 84' lang='lat' dir='ltr'><strong>Ep.</strong></span> <span class='ocrx_word' id='word_1_369' title='bbox 531 4559 563 4610; x_wconf 88' lang='lat' dir='ltr'><strong>ad</strong></span> <span class='ocrx_word' id='word_1_370' title='bbox 574 4558 673 4612; x_wconf 76' lang='lat' dir='ltr'><strong>Comei.</strong></span> <span class='ocrx_word' id='word_1_371' title='bbox 684 4559 700 4610; x_wconf 84' lang='lat'><strong>1.</strong></span> <span class='ocrx_word' id='word_1_372' title='bbox 712 4558 728 4610; x_wconf 88' lang='lat' dir='ltr'><strong>i.</strong></span> <span class='ocrx_word' id='word_1_373' title='bbox 740 4557 891 4626; x_wconf 75' lang='grc'><strong>1111111111</strong></span> <span class='ocrx_word' id='word_1_374' title='bbox 902 4557 936 4609; x_wconf 78' lang='lat' dir='ltr'><strong>lv.</strong></span> 
     </span>
    </p>
   </div>
   <div class='ocr_carea' id='block_1_7' title="bbox 0 0 1403 5056">
    <p class='ocr_par' dir='ltr' id='par_1_13' title="bbox 0 0 1403 5056">
     <span class='ocr_line' id='line_1_44' title="bbox 0 0 1403 5056; baseline 0 0"><span class='ocrx_word' id='word_1_375' title='bbox 0 0 1403 5056; x_wconf 95' lang='lat' dir='ltr'><strong> </strong></span> 
     </span>
    </p>
   </div>
  </div>
 </body>
</html>
