<?xml version="1.0" encoding="UTF-8"?>
<!DOCTYPE html PUBLIC "-//W3C//DTD XHTML 1.0 Transitional//EN"
    "http://www.w3.org/TR/xhtml1/DTD/xhtml1-transitional.dtd">
<html xmlns="http://www.w3.org/1999/xhtml" xml:lang="en" lang="en">
 <head>
  <title>
</title>
<meta http-equiv="Content-Type" content="text/html;charset=utf-8" />
  <meta name='ocr-system' content='tesseract 3.04.00' />
  <meta name='ocr-capabilities' content='ocr_page ocr_carea ocr_par ocr_line ocrx_word'/>
</head>
<body>
  <div class='ocr_page' id='page_1' title='image "./theologidogmati03kenrgoog_0137.png"; bbox 0 0 2774 5056; ppageno 0'>
   <div class='ocr_carea' id='block_1_1' title="bbox 145 329 1036 393">
    <p class='ocr_par' dir='ltr' id='par_1_1' title="bbox 145 329 1036 393">
     <span class='ocr_line' id='line_1_1' title="bbox 145 329 1036 393; baseline 0.009 -8"><span class='ocrx_word' id='word_1_1' title='bbox 145 330 201 389; x_wconf 82' lang='lat'>134</span> <span class='ocrx_word' id='word_1_2' title='bbox 437 332 493 393; x_wconf 86' lang='lat' dir='ltr'>DE</span> <span class='ocrx_word' id='word_1_3' title='bbox 515 331 652 393; x_wconf 82' lang='lat' dir='ltr'>SEXTO</span> <span class='ocrx_word' id='word_1_4' title='bbox 673 329 851 391; x_wconf 79' lang='lat' dir='ltr'><strong>JOANNIS</strong></span> <span class='ocrx_word' id='word_1_5' title='bbox 871 331 1036 393; x_wconf 70' lang='lat' dir='ltr'>captim.</span> 
     </span>
    </p>
   </div>
   <div class='ocr_carea' id='block_1_2' title="bbox 141 488 1372 4183">
    <p class='ocr_par' dir='ltr' id='par_1_2' title="bbox 142 488 1340 664">
     <span class='ocr_line' id='line_1_2' title="bbox 142 488 1340 571; baseline -0.001 -24"><span class='ocrx_word' id='word_1_6' title='bbox 142 489 206 567; x_wconf 90' lang='lat' dir='ltr'>ipse</span> <span class='ocrx_word' id='word_1_7' title='bbox 220 490 308 563; x_wconf 87' lang='lat' dir='ltr'>daret,</span> <span class='ocrx_word' id='word_1_8' title='bbox 323 493 441 571; x_wconf 78' lang='lat' dir='ltr'>figurata</span> <span class='ocrx_word' id='word_1_9' title='bbox 453 491 597 552; x_wconf 90' lang='lat' dir='ltr'>locutione</span> <span class='ocrx_word' id='word_1_10' title='bbox 611 489 683 550; x_wconf 88' lang='lat' dir='ltr'>adeo</span> <span class='ocrx_word' id='word_1_11' title='bbox 696 490 841 560; x_wconf 89' lang='lat' dir='ltr'>inusitata,</span> <span class='ocrx_word' id='word_1_12' title='bbox 856 500 885 550; x_wconf 95' lang='lat' dir='ltr'>et</span> <span class='ocrx_word' id='word_1_13' title='bbox 896 492 979 571; x_wconf 87' lang='lat' dir='ltr'>cujus</span> <span class='ocrx_word' id='word_1_14' title='bbox 992 489 1104 551; x_wconf 91' lang='lat' dir='ltr'>nullum</span> <span class='ocrx_word' id='word_1_15' title='bbox 1118 488 1256 550; x_wconf 89' lang='lat' dir='ltr'>idoneum</span> <span class='ocrx_word' id='word_1_16' title='bbox 1270 504 1340 565; x_wconf 91' lang='lat' dir='ltr'>sup·</span> 
     </span>
     <span class='ocr_line' id='line_1_3' title="bbox 143 588 447 664; baseline 0 -17"><span class='ocrx_word' id='word_1_17' title='bbox 143 590 259 664; x_wconf 85' lang='lat' dir='ltr'>petebat</span> <span class='ocrx_word' id='word_1_18' title='bbox 272 588 419 649; x_wconf 88' lang='lat' dir='ltr'>indicium.</span> <span class='ocrx_word' id='word_1_19' title='bbox 443 618 447 625; x_wconf 77' lang='lat'>,</span> 
     </span>
    </p>

    <p class='ocr_par' dir='ltr' id='par_1_3' title="bbox 142 685 1342 1255">
     <span class='ocr_line' id='line_1_4' title="bbox 181 685 1340 768; baseline -0.003 -22"><span class='ocrx_word' id='word_1_20' title='bbox 181 691 230 746; x_wconf 81' lang='lat'>35.</span> <span class='ocrx_word' id='word_1_21' title='bbox 244 686 310 768; x_wconf 66' lang='lat' dir='ltr'>Olp‘.</span> <span class='ocrx_word' id='word_1_22' title='bbox 319 691 349 747; x_wconf 87' lang='grc'>4.</span> <span class='ocrx_word' id='word_1_23' title='bbox 360 687 493 748; x_wconf 85' lang='lat' dir='ltr'>Christus</span> <span class='ocrx_word' id='word_1_24' title='bbox 500 688 675 766; x_wconf 89' lang='lat' dir='ltr'>spiritualem</span> <span class='ocrx_word' id='word_1_25' title='bbox 684 706 800 748; x_wconf 87' lang='lat' dir='ltr'>suorum</span> <span class='ocrx_word' id='word_1_26' title='bbox 810 688 958 748; x_wconf 85' lang='lat' dir='ltr'>verbomm</span> <span class='ocrx_word' id='word_1_27' title='bbox 968 705 1086 746; x_wconf 88' lang='lat' dir='ltr'>sensum</span> <span class='ocrx_word' id='word_1_28' title='bbox 1095 685 1217 765; x_wconf 85' lang='lat' dir='ltr'>aperuit,</span> <span class='ocrx_word' id='word_1_29' title='bbox 1225 694 1253 743; x_wconf 92' lang='lat' dir='ltr'>et</span> <span class='ocrx_word' id='word_1_30' title='bbox 1262 701 1340 744; x_wconf 90' lang='lat' dir='ltr'>erro·</span> 
     </span>
     <span class='ocr_line' id='line_1_5' title="bbox 142 780 1339 864; baseline -0.001 -23"><span class='ocrx_word' id='word_1_31' title='bbox 142 800 202 841; x_wconf 90' lang='lat' dir='ltr'>rem</span> <span class='ocrx_word' id='word_1_32' title='bbox 212 783 465 861; x_wconf 84' lang='lat' dir='ltr'>Caphamaitarum</span> <span class='ocrx_word' id='word_1_33' title='bbox 476 786 616 864; x_wconf 85' lang='lat' dir='ltr'>corrigere</span> <span class='ocrx_word' id='word_1_34' title='bbox 624 785 749 855; x_wconf 85' lang='lat' dir='ltr'>studuit;</span> <span class='ocrx_word' id='word_1_35' title='bbox 770 803 837 845; x_wconf 88' lang='lat' dir='ltr'>nam</span> <span class='ocrx_word' id='word_1_36' title='bbox 851 803 1074 844; x_wconf 88' lang='lat' dir='ltr'>seascensurum</span> <span class='ocrx_word' id='word_1_37' title='bbox 1088 784 1119 842; x_wconf 89' lang='lat' dir='ltr'>in</span> <span class='ocrx_word' id='word_1_38' title='bbox 1133 782 1237 842; x_wconf 84' lang='lat' dir='ltr'>ooelum</span> <span class='ocrx_word' id='word_1_39' title='bbox 1253 780 1339 849; x_wconf 86' lang='lat' dir='ltr'>dixit,</span> 
     </span>
     <span class='ocr_line' id='line_1_6' title="bbox 142 879 1340 961; baseline -0.001 -22"><span class='ocrx_word' id='word_1_40' title='bbox 142 880 213 939; x_wconf 88' lang='lat' dir='ltr'>adeo</span> <span class='ocrx_word' id='word_1_41' title='bbox 227 891 328 941; x_wconf 81' lang='lat' dir='ltr'>utnon</span> <span class='ocrx_word' id='word_1_42' title='bbox 341 884 541 961; x_wconf 88' lang='lat' dir='ltr'>possentultra</span> <span class='ocrx_word' id='word_1_43' title='bbox 553 883 609 942; x_wconf 92' lang='lat' dir='ltr'>sibi</span> <span class='ocrx_word' id='word_1_44' title='bbox 623 884 730 961; x_wconf 83' lang='lat' dir='ltr'>tingere</span> <span class='ocrx_word' id='word_1_45' title='bbox 744 902 776 941; x_wconf 89' lang='lat' dir='ltr'>se</span> <span class='ocrx_word' id='word_1_46' title='bbox 785 902 899 942; x_wconf 88' lang='lat' dir='ltr'>carnem</span> <span class='ocrx_word' id='word_1_47' title='bbox 909 883 971 961; x_wconf 91' lang='lat' dir='ltr'>ejus</span> <span class='ocrx_word' id='word_1_48' title='bbox 985 881 1224 941; x_wconf 78' lang='lat' dir='ltr'>manducaturos:</span> <span class='ocrx_word' id='word_1_49' title='bbox 1240 889 1260 918; x_wconf 79' lang='lat'>‘⁶</span> <span class='ocrx_word' id='word_1_50' title='bbox 1271 879 1340 940; x_wconf 87' lang='lat' dir='ltr'>Hoc</span> 
     </span>
     <span class='ocr_line' id='line_1_7' title="bbox 142 978 1341 1060; baseline 0.001 -24"><span class='ocrx_word' id='word_1_51' title='bbox 142 997 193 1037; x_wconf 86' lang='lat' dir='ltr'>vos</span> <span class='ocrx_word' id='word_1_52' title='bbox 215 978 410 1040; x_wconf 84' lang='lat' dir='ltr'>scandalizati</span> <span class='ocrx_word' id='word_1_53' title='bbox 445 983 478 1040; x_wconf 87' lang='lat' dir='ltr'>Si</span> <span class='ocrx_word' id='word_1_54' title='bbox 492 1001 560 1060; x_wconf 84' lang='lat' dir='ltr'>ergo</span> <span class='ocrx_word' id='word_1_55' title='bbox 574 980 701 1040; x_wconf 82' lang='lat' dir='ltr'>videritis</span> <span class='ocrx_word' id='word_1_56' title='bbox 722 981 829 1040; x_wconf 91' lang='lat' dir='ltr'>Filium</span> <span class='ocrx_word' id='word_1_57' title='bbox 849 981 976 1041; x_wconf 89' lang='lat' dir='ltr'>hominis</span> <span class='ocrx_word' id='word_1_58' title='bbox 998 979 1200 1040; x_wconf 80' lang='lat' dir='ltr'>ascendentem</span> <span class='ocrx_word' id='word_1_59' title='bbox 1215 979 1265 1037; x_wconf 89' lang='lat' dir='ltr'>ubi</span> <span class='ocrx_word' id='word_1_60' title='bbox 1279 987 1341 1037; x_wconf 90' lang='lat' dir='ltr'>erat</span> 
     </span>
     <span class='ocr_line' id='line_1_8' title="bbox 142 1077 1342 1158; baseline 0.002 -23"><span class='ocrx_word' id='word_1_61' title='bbox 142 1078 241 1155; x_wconf 71' lang='lat' dir='ltr'>prius?</span> <span class='ocrx_word' id='word_1_62' title='bbox 283 1079 407 1157; x_wconf 79' lang='lat' dir='ltr'><strong>Spiritus</strong></span> <span class='ocrx_word' id='word_1_63' title='bbox 421 1090 466 1138; x_wconf 92' lang='lat' dir='ltr'>est</span> <span class='ocrx_word' id='word_1_64' title='bbox 486 1080 535 1154; x_wconf 94' lang='lat' dir='ltr'>qui</span> <span class='ocrx_word' id='word_1_65' title='bbox 555 1081 699 1139; x_wconf 84' lang='lat' dir='ltr'>viviticat:</span> <span class='ocrx_word' id='word_1_66' title='bbox 729 1097 795 1139; x_wconf 88' lang='lat' dir='ltr'>caro</span> <span class='ocrx_word' id='word_1_67' title='bbox 812 1098 872 1139; x_wconf 92' lang='lat' dir='ltr'>non</span> <span class='ocrx_word' id='word_1_68' title='bbox 893 1078 1009 1158; x_wconf 88' lang='lat' dir='ltr'>prodest</span> <span class='ocrx_word' id='word_1_69' title='bbox 1034 1077 1200 1154; x_wconf 82' lang='lat' dir='ltr'><strong>quidquam.</strong></span> <span class='ocrx_word' id='word_1_70' title='bbox 1241 1077 1342 1137; x_wconf 89' lang='lat' dir='ltr'>Verba</span> 
     </span>
     <span class='ocr_line' id='line_1_9' title="bbox 142 1174 1040 1255; baseline 0.001 -22"><span class='ocrx_word' id='word_1_71' title='bbox 142 1194 206 1249; x_wconf 76' lang='lat' dir='ltr'>que</span> <span class='ocrx_word' id='word_1_72' title='bbox 221 1195 276 1255; x_wconf 82' lang='lat' dir='ltr'>ego</span> <span class='ocrx_word' id='word_1_73' title='bbox 286 1177 398 1237; x_wconf 88' lang='lat' dir='ltr'>locutus</span> <span class='ocrx_word' id='word_1_74' title='bbox 413 1197 476 1236; x_wconf 90' lang='lat' dir='ltr'>sum</span> <span class='ocrx_word' id='word_1_75' title='bbox 491 1179 585 1247; x_wconf 85' lang='lat' dir='ltr'>vobis,</span> <span class='ocrx_word' id='word_1_76' title='bbox 600 1178 718 1255; x_wconf 89' lang='lat' dir='ltr'>spiritus</span> <span class='ocrx_word' id='word_1_77' title='bbox 731 1188 760 1236; x_wconf 90' lang='lat' dir='ltr'>et</span> <span class='ocrx_word' id='word_1_78' title='bbox 773 1176 832 1236; x_wconf 84' lang='lat' dir='ltr'>vita</span> <span class='ocrx_word' id='word_1_79' title='bbox 847 1176 960 1235; x_wconf 87' lang='lat' dir='ltr'>sunt.”²</span> <span class='ocrx_word' id='word_1_80' title='bbox 1037 1174 1040 1179; x_wconf 52' lang='lat'><em>⁴</em></span> 
     </span>
    </p>

    <p class='ocr_par' dir='ltr' id='par_1_4' title="bbox 141 1271 1363 2622">
     <span class='ocr_line' id='line_1_10' title="bbox 179 1271 1340 1353; baseline -0.003 -20"><span class='ocrx_word' id='word_1_81' title='bbox 179 1272 270 1353; x_wconf 82' lang='lat' dir='ltr'>Rcap.</span> <span class='ocrx_word' id='word_1_82' title='bbox 311 1275 491 1349; x_wconf 85' lang='lat' dir='ltr'>Quicumque</span> <span class='ocrx_word' id='word_1_83' title='bbox 505 1276 543 1334; x_wconf 88' lang='lat' dir='ltr'>sit</span> <span class='ocrx_word' id='word_1_84' title='bbox 566 1273 668 1334; x_wconf 90' lang='lat' dir='ltr'>horum</span> <span class='ocrx_word' id='word_1_85' title='bbox 683 1276 836 1334; x_wconf 49' lang='lat' dir='ltr'>verborum*</span> <span class='ocrx_word' id='word_1_86' title='bbox 847 1293 961 1343; x_wconf 88' lang='lat' dir='ltr'>sensus,</span> <span class='ocrx_word' id='word_1_87' title='bbox 972 1292 1030 1333; x_wconf 90' lang='lat' dir='ltr'>non</span> <span class='ocrx_word' id='word_1_88' title='bbox 1046 1280 1168 1351; x_wconf 90' lang='lat' dir='ltr'>possunt</span> <span class='ocrx_word' id='word_1_89' title='bbox 1177 1271 1292 1331; x_wconf 89' lang='lat' dir='ltr'>efficere</span> <span class='ocrx_word' id='word_1_90' title='bbox 1306 1283 1340 1330; x_wconf 89' lang='lat' dir='ltr'>ut</span> 
     </span>
     <span class='ocr_line' id='line_1_11' title="bbox 142 1371 1340 1451; baseline -0.002 -21"><span class='ocrx_word' id='word_1_91' title='bbox 142 1371 277 1431; x_wconf 80' lang='lat' dir='ltr'>Christus</span> <span class='ocrx_word' id='word_1_92' title='bbox 304 1392 362 1433; x_wconf 90' lang='lat' dir='ltr'>non</span> <span class='ocrx_word' id='word_1_93' title='bbox 391 1373 519 1433; x_wconf 86' lang='lat' dir='ltr'>videatur</span> <span class='ocrx_word' id='word_1_94' title='bbox 545 1374 661 1451; x_wconf 91' lang='lat' dir='ltr'>publica</span> <span class='ocrx_word' id='word_1_95' title='bbox 688 1374 826 1432; x_wconf 90' lang='lat' dir='ltr'>concione</span> <span class='ocrx_word' id='word_1_96' title='bbox 851 1372 1024 1432; x_wconf 80' lang='lat' dir='ltr'>auditoribus</span> <span class='ocrx_word' id='word_1_97' title='bbox 1050 1371 1213 1450; x_wconf 81' lang='lat' dir='ltr'>gravissimi</span> <span class='ocrx_word' id='word_1_98' title='bbox 1233 1371 1340 1429; x_wconf 87' lang='lat' dir='ltr'>erroris</span> 
     </span>
     <span class='ocr_line' id='line_1_12' title="bbox 141 1469 1339 1550; baseline -0.002 -22"><span class='ocrx_word' id='word_1_99' title='bbox 141 1472 297 1549; x_wconf 74' lang='lat' dir='ltr'>prebuisse</span> <span class='ocrx_word' id='word_1_100' title='bbox 319 1474 500 1532; x_wconf 80' lang='lat' dir='ltr'>occasionem</span> <span class='ocrx_word' id='word_1_101' title='bbox 514 1481 543 1531; x_wconf 90' lang='lat' dir='ltr'>et</span> <span class='ocrx_word' id='word_1_102' title='bbox 556 1491 681 1540; x_wconf 88' lang='lat' dir='ltr'>causam,</span> <span class='ocrx_word' id='word_1_103' title='bbox 695 1472 722 1530; x_wconf 92' lang='lat' dir='ltr'>si</span> <span class='ocrx_word' id='word_1_104' title='bbox 735 1472 854 1550; x_wconf 79' lang='lat' dir='ltr'>figurata</span> <span class='ocrx_word' id='word_1_105' title='bbox 877 1470 1050 1530; x_wconf 88' lang='lat' dir='ltr'>admittenda</span> <span class='ocrx_word' id='word_1_106' title='bbox 1062 1471 1101 1529; x_wconf 92' lang='lat' dir='ltr'>sit</span> <span class='ocrx_word' id='word_1_107' title='bbox 1120 1469 1317 1546; x_wconf 82' lang='lat' dir='ltr'>interpretatio</span> <span class='ocrx_word' id='word_1_108' title='bbox 1331 1490 1339 1526; x_wconf 77' lang='lat' dir='ltr'><strong><em>z</em></strong></span> 
     </span>
     <span class='ocr_line' id='line_1_13' title="bbox 142 1565 1341 1646; baseline 0.001 -20"><span class='ocrx_word' id='word_1_109' title='bbox 142 1565 256 1627; x_wconf 82' lang='lat' dir='ltr'>adnotat</span> <span class='ocrx_word' id='word_1_110' title='bbox 275 1568 352 1627; x_wconf 89' lang='lat' dir='ltr'>enim</span> <span class='ocrx_word' id='word_1_111' title='bbox 380 1569 529 1646; x_wconf 87' lang='lat' dir='ltr'>diligenter</span> <span class='ocrx_word' id='word_1_112' title='bbox 549 1568 735 1646; x_wconf 83' lang='lat' dir='ltr'>Evangelista</span> <span class='ocrx_word' id='word_1_113' title='bbox 758 1568 819 1627; x_wconf 83' lang='lat' dir='ltr'>haec</span> <span class='ocrx_word' id='word_1_114' title='bbox 843 1567 897 1626; x_wconf 89' lang='lat' dir='ltr'>alia</span> <span class='ocrx_word' id='word_1_115' title='bbox 921 1568 1073 1627; x_wconf 78' lang='lat' dir='ltr'>occasione</span> <span class='ocrx_word' id='word_1_116' title='bbox 1097 1566 1216 1645; x_wconf 90' lang='lat' dir='ltr'>prolata,</span> <span class='ocrx_word' id='word_1_117' title='bbox 1240 1584 1341 1627; x_wconf 88' lang='lat' dir='ltr'>coram</span> 
     </span>
     <span class='ocr_line' id='line_1_14' title="bbox 141 1663 1340 1743; baseline 0 -20"><span class='ocrx_word' id='word_1_118' title='bbox 141 1663 301 1743; x_wconf 79' lang='lat' dir='ltr'>discipulis,</span> <span class='ocrx_word' id='word_1_119' title='bbox 324 1684 413 1739; x_wconf 88' lang='lat' dir='ltr'>quum</span> <span class='ocrx_word' id='word_1_120' title='bbox 434 1667 523 1725; x_wconf 90' lang='lat' dir='ltr'>oratio</span> <span class='ocrx_word' id='word_1_121' title='bbox 545 1667 574 1725; x_wconf 91' lang='lat' dir='ltr'>in</span> <span class='ocrx_word' id='word_1_122' title='bbox 594 1666 750 1743; x_wconf 76' lang='lat' dir='ltr'>synagoga</span> <span class='ocrx_word' id='word_1_123' title='bbox 776 1665 905 1724; x_wconf 87' lang='lat' dir='ltr'>absoluta</span> <span class='ocrx_word' id='word_1_124' title='bbox 929 1665 977 1733; x_wconf 90' lang='lat' dir='ltr'>sit,</span> <span class='ocrx_word' id='word_1_125' title='bbox 1004 1664 1135 1741; x_wconf 90' lang='lat' dir='ltr'>plurimis</span> <span class='ocrx_word' id='word_1_126' title='bbox 1161 1664 1340 1723; x_wconf 83' lang='lat' dir='ltr'>coacervatis</span> 
     </span>
     <span class='ocr_line' id='line_1_15' title="bbox 141 1761 1342 1839; baseline 0 -18"><span class='ocrx_word' id='word_1_127' title='bbox 141 1763 400 1822; x_wconf 75' lang='lat' dir='ltr'>asseverationibus</span> <span class='ocrx_word' id='word_1_128' title='bbox 421 1763 692 1832; x_wconf 86' lang='lat' dir='ltr'>vehementioribus,</span> <span class='ocrx_word' id='word_1_129' title='bbox 707 1772 735 1821; x_wconf 91' lang='lat' dir='ltr'>et</span> <span class='ocrx_word' id='word_1_130' title='bbox 749 1781 785 1821; x_wconf 91' lang='lat' dir='ltr'>ne</span> <span class='ocrx_word' id='word_1_131' title='bbox 799 1763 887 1821; x_wconf 88' lang='lat' dir='ltr'>verbo</span> <span class='ocrx_word' id='word_1_132' title='bbox 900 1762 1017 1837; x_wconf 90' lang='lat' dir='ltr'>quidem</span> <span class='ocrx_word' id='word_1_133' title='bbox 1032 1761 1152 1839; x_wconf 89' lang='lat' dir='ltr'>prolato,</span> <span class='ocrx_word' id='word_1_134' title='bbox 1167 1779 1226 1835; x_wconf 92' lang='lat' dir='ltr'>quo</span> <span class='ocrx_word' id='word_1_135' title='bbox 1241 1779 1342 1821; x_wconf 86' lang='lat' dir='ltr'>aarum</span> 
     </span>
     <span class='ocr_line' id='line_1_16' title="bbox 142 1858 1345 1939; baseline 0 -20"><span class='ocrx_word' id='word_1_136' title='bbox 142 1861 188 1919; x_wconf 81' lang='lat' dir='ltr'>vis</span> <span class='ocrx_word' id='word_1_137' title='bbox 202 1861 387 1939; x_wconf 80' lang='lat' dir='ltr'>mitigaretur.</span> <span class='ocrx_word' id='word_1_138' title='bbox 428 1862 501 1920; x_wconf 92' lang='lat' dir='ltr'>Post</span> <span class='ocrx_word' id='word_1_139' title='bbox 519 1861 687 1920; x_wconf 89' lang='lat' dir='ltr'>concionem</span> <span class='ocrx_word' id='word_1_140' title='bbox 710 1861 825 1920; x_wconf 81' lang='lat' dir='ltr'>relatam</span> <span class='ocrx_word' id='word_1_141' title='bbox 850 1860 920 1920; x_wconf 90' lang='lat' dir='ltr'>dicit</span> <span class='ocrx_word' id='word_1_142' title='bbox 932 1860 1080 1919; x_wconf 77' lang='lat' dir='ltr'>loannes:</span> <span class='ocrx_word' id='word_1_143' title='bbox 1103 1859 1208 1919; x_wconf 82' lang='lat' dir='ltr'>“Haec</span> <span class='ocrx_word' id='word_1_144' title='bbox 1222 1858 1302 1919; x_wconf 83' lang='lat' dir='ltr'>dixit</span> <span class='ocrx_word' id='word_1_145' title='bbox 1313 1862 1345 1919; x_wconf 86' lang='lat' dir='ltr'>in</span> 
     </span>
     <span class='ocr_line' id='line_1_17' title="bbox 143 1957 1345 2037; baseline 0 -21"><span class='ocrx_word' id='word_1_146' title='bbox 143 1976 293 2036; x_wconf 82' lang='lat' dir='ltr'>synagoga</span> <span class='ocrx_word' id='word_1_147' title='bbox 306 1957 422 2027; x_wconf 91' lang='lat' dir='ltr'>docens,</span> <span class='ocrx_word' id='word_1_148' title='bbox 434 1958 463 2017; x_wconf 90' lang='lat' dir='ltr'>in</span> <span class='ocrx_word' id='word_1_149' title='bbox 475 1958 727 2037; x_wconf 76' lang='lat' dir='ltr'>caphamaum.””</span> <span class='ocrx_word' id='word_1_150' title='bbox 765 1957 878 2017; x_wconf 88' lang='lat' dir='ltr'>Deinde</span> <span class='ocrx_word' id='word_1_151' title='bbox 892 1957 977 2017; x_wconf 77' lang='lat' dir='ltr'>refert</span> <span class='ocrx_word' id='word_1_152' title='bbox 987 1976 1050 2031; x_wconf 83' lang='lat' dir='ltr'>quae</span> <span class='ocrx_word' id='word_1_153' title='bbox 1062 1967 1162 2035; x_wconf 88' lang='lat' dir='ltr'>postea</span> <span class='ocrx_word' id='word_1_154' title='bbox 1174 1968 1345 2025; x_wconf 86' lang='lat' dir='ltr'>evenerunt,</span> 
     </span>
     <span class='ocr_line' id='line_1_18' title="bbox 143 2054 1345 2135; baseline -0.002 -18"><span class='ocrx_word' id='word_1_155' title='bbox 143 2076 257 2117; x_wconf 87' lang='lat' dir='ltr'>mmore</span> <span class='ocrx_word' id='word_1_156' title='bbox 273 2058 349 2116; x_wconf 90' lang='lat' dir='ltr'>illius</span> <span class='ocrx_word' id='word_1_157' title='bbox 364 2059 512 2117; x_wconf 85' lang='lat' dir='ltr'>concionis</span> <span class='ocrx_word' id='word_1_158' title='bbox 527 2058 562 2116; x_wconf 88' lang='lat' dir='ltr'>ad</span> <span class='ocrx_word' id='word_1_159' title='bbox 576 2058 732 2135; x_wconf 89' lang='lat' dir='ltr'>discipulos</span> <span class='ocrx_word' id='word_1_160' title='bbox 747 2057 899 2134; x_wconf 90' lang='lat' dir='ltr'>plerosque</span> <span class='ocrx_word' id='word_1_161' title='bbox 912 2056 1016 2125; x_wconf 89' lang='lat' dir='ltr'>delato,</span> <span class='ocrx_word' id='word_1_162' title='bbox 1031 2066 1060 2113; x_wconf 94' lang='lat' dir='ltr'>et</span> <span class='ocrx_word' id='word_1_163' title='bbox 1072 2073 1103 2114; x_wconf 92' lang='lat' dir='ltr'>re</span> <span class='ocrx_word' id='word_1_164' title='bbox 1117 2074 1217 2114; x_wconf 91' lang='lat' dir='ltr'>eorum</span> <span class='ocrx_word' id='word_1_165' title='bbox 1227 2054 1345 2134; x_wconf 89' lang='lat' dir='ltr'>judicio</span> 
     </span>
     <span class='ocr_line' id='line_1_19' title="bbox 144 2153 1346 2234; baseline -0.002 -19"><span class='ocrx_word' id='word_1_166' title='bbox 144 2175 302 2234; x_wconf 88' lang='lat' dir='ltr'>perpensa:</span> <span class='ocrx_word' id='word_1_167' title='bbox 326 2157 444 2215; x_wconf 83' lang='lat' dir='ltr'>“Multi</span> <span class='ocrx_word' id='word_1_168' title='bbox 458 2175 526 2233; x_wconf 87' lang='lat' dir='ltr'>ergo</span> <span class='ocrx_word' id='word_1_169' title='bbox 541 2155 687 2214; x_wconf 83' lang='lat' dir='ltr'>audientes</span> <span class='ocrx_word' id='word_1_170' title='bbox 702 2174 739 2214; x_wconf 88' lang='lat' dir='ltr'>ex</span> <span class='ocrx_word' id='word_1_171' title='bbox 750 2155 898 2232; x_wconf 85' lang='lat' dir='ltr'>discipulis</span> <span class='ocrx_word' id='word_1_172' title='bbox 919 2156 993 2232; x_wconf 87' lang='lat' dir='ltr'>ejus,</span> <span class='ocrx_word' id='word_1_173' title='bbox 1009 2154 1161 2214; x_wconf 87' lang='lat' dir='ltr'>dixerunt:</span> <span class='ocrx_word' id='word_1_174' title='bbox 1184 2153 1284 2213; x_wconf 90' lang='lat' dir='ltr'>Durus</span> <span class='ocrx_word' id='word_1_175' title='bbox 1298 2164 1346 2213; x_wconf 88' lang='lat' dir='ltr'>est</span> 
     </span>
     <span class='ocr_line' id='line_1_20' title="bbox 144 2249 1345 2330; baseline -0.005 -15"><span class='ocrx_word' id='word_1_176' title='bbox 144 2252 194 2315; x_wconf 91' lang='lat' dir='ltr'>hic</span> <span class='ocrx_word' id='word_1_177' title='bbox 207 2270 314 2322; x_wconf 91' lang='lat' dir='ltr'>sermo,</span> <span class='ocrx_word' id='word_1_178' title='bbox 329 2255 436 2326; x_wconf 86' lang='lat' dir='ltr'>etquis</span> <span class='ocrx_word' id='word_1_179' title='bbox 450 2261 545 2330; x_wconf 89' lang='lat' dir='ltr'>potest</span> <span class='ocrx_word' id='word_1_180' title='bbox 557 2271 623 2310; x_wconf 89' lang='lat' dir='ltr'>eum</span> <span class='ocrx_word' id='word_1_181' title='bbox 635 2251 731 2310; x_wconf 85' lang='lat' dir='ltr'>audire</span> <span class='ocrx_word' id='word_1_182' title='bbox 743 2250 790 2306; x_wconf 82' lang='lat' dir='ltr'>i&#39;’⁸</span> <span class='ocrx_word' id='word_1_183' title='bbox 830 2250 863 2310; x_wconf 96' lang='lat' dir='ltr'>ld</span> <span class='ocrx_word' id='word_1_184' title='bbox 884 2251 986 2309; x_wconf 85' lang='lat' dir='ltr'>latetur</span> <span class='ocrx_word' id='word_1_185' title='bbox 1004 2249 1208 2310; x_wconf 88' lang='lat' dir='ltr'>Rosenmiiller</span> <span class='ocrx_word' id='word_1_186' title='bbox 1221 2249 1298 2327; x_wconf 90' lang='lat' dir='ltr'>ipse,</span> <span class='ocrx_word' id='word_1_187' title='bbox 1313 2249 1345 2309; x_wconf 85' lang='lat' dir='ltr'>iu</span> 
     </span>
     <span class='ocr_line' id='line_1_21' title="bbox 143 2345 1345 2428; baseline -0.001 -20"><span class='ocrx_word' id='word_1_188' title='bbox 143 2350 268 2428; x_wconf 88' lang='lat' dir='ltr'>priorem</span> <span class='ocrx_word' id='word_1_189' title='bbox 295 2349 379 2408; x_wconf 91' lang='lat' dir='ltr'>illum</span> <span class='ocrx_word' id='word_1_190' title='bbox 403 2348 577 2407; x_wconf 88' lang='lat' dir='ltr'>versiculum</span> <span class='ocrx_word' id='word_1_191' title='bbox 602 2348 759 2407; x_wconf 83' lang='lat' dir='ltr'>adnotans:</span> <span class='ocrx_word' id='word_1_192' title='bbox 782 2357 802 2385; x_wconf 87' lang='lat'>“</span> <span class='ocrx_word' id='word_1_193' title='bbox 812 2347 923 2415; x_wconf 89' lang='lat' dir='ltr'>Palam,</span> <span class='ocrx_word' id='word_1_194' title='bbox 938 2346 1002 2413; x_wconf 81' lang='lat' dir='ltr'>loco</span> <span class='ocrx_word' id='word_1_195' title='bbox 1017 2345 1143 2424; x_wconf 90' lang='lat' dir='ltr'>publico,</span> <span class='ocrx_word' id='word_1_196' title='bbox 1158 2345 1209 2404; x_wconf 93' lang='lat' dir='ltr'>ubi</span> <span class='ocrx_word' id='word_1_197' title='bbox 1224 2345 1345 2423; x_wconf 87' lang='lat' dir='ltr'>plurimi</span> 
     </span>
     <span class='ocr_line' id='line_1_22' title="bbox 143 2441 1347 2523; baseline -0.003 -17"><span class='ocrx_word' id='word_1_198' title='bbox 143 2455 320 2506; x_wconf 88' lang='lat' dir='ltr'>eranttestes</span> <span class='ocrx_word' id='word_1_199' title='bbox 341 2445 492 2504; x_wconf 89' lang='lat' dir='ltr'>sermonis.</span> <span class='ocrx_word' id='word_1_200' title='bbox 534 2445 606 2513; x_wconf 80' lang='lat' dir='ltr'>Quae</span> <span class='ocrx_word' id='word_1_201' title='bbox 627 2446 758 2523; x_wconf 84' lang='lat' dir='ltr'>proxime</span> <span class='ocrx_word' id='word_1_202' title='bbox 780 2453 946 2518; x_wconf 89' lang='lat' dir='ltr'>sequuntur,</span> <span class='ocrx_word' id='word_1_203' title='bbox 968 2451 1035 2522; x_wconf 90' lang='lat' dir='ltr'>post</span> <span class='ocrx_word' id='word_1_204' title='bbox 1054 2441 1213 2501; x_wconf 87' lang='lat' dir='ltr'>discessum</span> <span class='ocrx_word' id='word_1_205' title='bbox 1229 2460 1347 2523; x_wconf 80' lang='lat' dir='ltr'>esyna·</span> 
     </span>
     <span class='ocr_line' id='line_1_23' title="bbox 144 2536 1363 2622; baseline -0.005 -19"><span class='ocrx_word' id='word_1_206' title='bbox 144 2563 218 2622; x_wconf 84' lang='lat' dir='ltr'>goga</span> <span class='ocrx_word' id='word_1_207' title='bbox 232 2543 307 2602; x_wconf 87' lang='lat' dir='ltr'>dicta</span> <span class='ocrx_word' id='word_1_208' title='bbox 323 2542 497 2603; x_wconf 81' lang='lat' dir='ltr'>videntur.&#39;’⁴</span> <span class='ocrx_word' id='word_1_209' title='bbox 537 2542 709 2601; x_wconf 90' lang='lat' dir='ltr'>Bloomfield</span> <span class='ocrx_word' id='word_1_210' title='bbox 721 2542 806 2600; x_wconf 89' lang='lat' dir='ltr'>etiam</span> <span class='ocrx_word' id='word_1_211' title='bbox 820 2541 970 2600; x_wconf 89' lang='lat' dir='ltr'>consentit.</span> <span class='ocrx_word' id='word_1_212' title='bbox 1359 2536 1363 2545; x_wconf 85' lang='lat'>&#39;</span> 
     </span>
    </p>

    <p class='ocr_par' dir='ltr' id='par_1_5' title="bbox 145 2637 1348 2912">
     <span class='ocr_line' id='line_1_24' title="bbox 185 2637 1348 2721; baseline -0.003 -21"><span class='ocrx_word' id='word_1_213' title='bbox 185 2647 234 2701; x_wconf 84' lang='lat'>36.</span> <span class='ocrx_word' id='word_1_214' title='bbox 260 2641 327 2721; x_wconf 79' lang='lat' dir='ltr'>obj.</span> <span class='ocrx_word' id='word_1_215' title='bbox 343 2648 371 2700; x_wconf 83' lang='lat'>5.</span> <span class='ocrx_word' id='word_1_216' title='bbox 394 2642 447 2701; x_wconf 90' lang='lat' dir='ltr'>llla</span> <span class='ocrx_word' id='word_1_217' title='bbox 461 2642 570 2700; x_wconf 84' lang='lat' dir='ltr'>Christi</span> <span class='ocrx_word' id='word_1_218' title='bbox 593 2643 679 2698; x_wconf 89' lang='lat' dir='ltr'>verba</span> <span class='ocrx_word' id='word_1_219' title='bbox 700 2660 735 2699; x_wconf 90' lang='lat' dir='ltr'>eo</span> <span class='ocrx_word' id='word_1_220' title='bbox 750 2641 855 2699; x_wconf 88' lang='lat' dir='ltr'>directa</span> <span class='ocrx_word' id='word_1_221' title='bbox 869 2650 945 2708; x_wconf 89' lang='lat' dir='ltr'>sunt,</span> <span class='ocrx_word' id='word_1_222' title='bbox 960 2650 991 2698; x_wconf 91' lang='lat' dir='ltr'>ut</span> <span class='ocrx_word' id='word_1_223' title='bbox 1013 2659 1075 2713; x_wconf 77' lang='lat' dir='ltr'>quae</span> <span class='ocrx_word' id='word_1_224' title='bbox 1089 2637 1199 2698; x_wconf 81' lang='lat' dir='ltr'>dixerat</span> <span class='ocrx_word' id='word_1_225' title='bbox 1213 2640 1245 2697; x_wconf 92' lang='lat' dir='ltr'>in</span> <span class='ocrx_word' id='word_1_226' title='bbox 1259 2658 1348 2717; x_wconf 82' lang='lat' dir='ltr'>syna·</span> 
     </span>
     <span class='ocr_line' id='line_1_25' title="bbox 145 2735 1347 2816; baseline 0 -20"><span class='ocrx_word' id='word_1_227' title='bbox 145 2757 218 2816; x_wconf 83' lang='lat' dir='ltr'>goga</span> <span class='ocrx_word' id='word_1_228' title='bbox 238 2739 402 2814; x_wconf 85' lang='lat' dir='ltr'>explicaret,</span> <span class='ocrx_word' id='word_1_229' title='bbox 424 2738 533 2796; x_wconf 89' lang='lat' dir='ltr'>solebat</span> <span class='ocrx_word' id='word_1_230' title='bbox 552 2737 629 2795; x_wconf 91' lang='lat' dir='ltr'>enim</span> <span class='ocrx_word' id='word_1_231' title='bbox 650 2738 783 2815; x_wconf 88' lang='lat' dir='ltr'>privatim</span> <span class='ocrx_word' id='word_1_232' title='bbox 804 2738 948 2815; x_wconf 87' lang='lat' dir='ltr'>explicare</span> <span class='ocrx_word' id='word_1_233' title='bbox 963 2756 1026 2812; x_wconf 85' lang='lat' dir='ltr'>quae</span> <span class='ocrx_word' id='word_1_234' title='bbox 1047 2737 1076 2795; x_wconf 89' lang='lat' dir='ltr'>in</span> <span class='ocrx_word' id='word_1_235' title='bbox 1101 2755 1216 2814; x_wconf 84' lang='lat' dir='ltr'>poenam</span> <span class='ocrx_word' id='word_1_236' title='bbox 1232 2735 1347 2796; x_wconf 79' lang='lat' dir='ltr'>Judmis</span> 
     </span>
     <span class='ocr_line' id='line_1_26' title="bbox 148 2834 608 2912; baseline 0 -20"><span class='ocrx_word' id='word_1_237' title='bbox 148 2834 263 2912; x_wconf 91' lang='lat' dir='ltr'>publice</span> <span class='ocrx_word' id='word_1_238' title='bbox 278 2835 397 2892; x_wconf 89' lang='lat' dir='ltr'>obscure</span> <span class='ocrx_word' id='word_1_239' title='bbox 414 2846 608 2911; x_wconf 87' lang='lat' dir='ltr'>proposuerat.</span> 
     </span>
    </p>

    <p class='ocr_par' dir='ltr' id='par_1_6' title="bbox 145 2930 1372 4183">
     <span class='ocr_line' id='line_1_27' title="bbox 184 2930 1348 3010; baseline 0.002 -21"><span class='ocrx_word' id='word_1_240' title='bbox 184 2931 274 3009; x_wconf 80' lang='lat' dir='ltr'>Iicap.</span> <span class='ocrx_word' id='word_1_241' title='bbox 303 2931 442 2990; x_wconf 89' lang='lat' dir='ltr'>Videntur</span> <span class='ocrx_word' id='word_1_242' title='bbox 463 2933 557 3008; x_wconf 90' lang='lat' dir='ltr'>potius</span> <span class='ocrx_word' id='word_1_243' title='bbox 578 2931 653 2990; x_wconf 89' lang='lat' dir='ltr'>dicta</span> <span class='ocrx_word' id='word_1_244' title='bbox 673 2952 759 2991; x_wconf 87' lang='lat' dir='ltr'>causa</span> <span class='ocrx_word' id='word_1_245' title='bbox 785 2930 946 2991; x_wconf 88' lang='lat' dir='ltr'>inculcandi</span> <span class='ocrx_word' id='word_1_246' title='bbox 967 2942 996 2991; x_wconf 92' lang='lat' dir='ltr'>et</span> <span class='ocrx_word' id='word_1_247' title='bbox 1015 2931 1134 3010; x_wconf 84' lang='lat' dir='ltr'>urgendi</span> <span class='ocrx_word' id='word_1_248' title='bbox 1151 2950 1214 3006; x_wconf 85' lang='lat' dir='ltr'>quae</span> <span class='ocrx_word' id='word_1_249' title='bbox 1230 2931 1348 3008; x_wconf 87' lang='lat' dir='ltr'>publice</span> 
     </span>
     <span class='ocr_line' id='line_1_28' title="bbox 147 3027 1349 3106; baseline 0.002 -20"><span class='ocrx_word' id='word_1_250' title='bbox 147 3027 268 3095; x_wconf 86' lang='lat' dir='ltr'>dixerat,</span> <span class='ocrx_word' id='word_1_251' title='bbox 283 3047 349 3085; x_wconf 87' lang='lat' dir='ltr'>nam</span> <span class='ocrx_word' id='word_1_252' title='bbox 364 3029 479 3086; x_wconf 89' lang='lat' dir='ltr'>nonnisi</span> <span class='ocrx_word' id='word_1_253' title='bbox 494 3048 638 3087; x_wconf 88' lang='lat' dir='ltr'>murmure</span> <span class='ocrx_word' id='word_1_254' title='bbox 653 3030 726 3087; x_wconf 90' lang='lat' dir='ltr'>inter</span> <span class='ocrx_word' id='word_1_255' title='bbox 739 3028 897 3106; x_wconf 90' lang='lat' dir='ltr'>discipulos</span> <span class='ocrx_word' id='word_1_256' title='bbox 908 3038 969 3088; x_wconf 89' lang='lat' dir='ltr'>orto</span> <span class='ocrx_word' id='word_1_257' title='bbox 981 3028 1016 3087; x_wconf 93' lang='lat' dir='ltr'>de</span> <span class='ocrx_word' id='word_1_258' title='bbox 1031 3027 1132 3087; x_wconf 89' lang='lat' dir='ltr'>duritie</span> <span class='ocrx_word' id='word_1_259' title='bbox 1147 3027 1297 3097; x_wconf 76' lang='lat' dir='ltr'>doctrinm,</span> <span class='ocrx_word' id='word_1_260' title='bbox 1312 3048 1349 3088; x_wconf 89' lang='lat' dir='ltr'>ea</span> 
     </span>
     <span class='ocr_line' id='line_1_29' title="bbox 146 3106 1349 3203; baseline 0.002 -20"><span class='ocrx_word' id='word_1_261' title='bbox 146 3125 272 3203; x_wconf 89' lang='lat' dir='ltr'>protulit.</span> <span class='ocrx_word' id='word_1_262' title='bbox 316 3106 398 3183; x_wconf 87' lang='lat' dir='ltr'>Nihil</span> <span class='ocrx_word' id='word_1_263' title='bbox 414 3125 516 3184; x_wconf 92' lang='lat' dir='ltr'>dicitur</span> <span class='ocrx_word' id='word_1_264' title='bbox 530 3126 607 3199; x_wconf 92' lang='lat' dir='ltr'>quod</span> <span class='ocrx_word' id='word_1_265' title='bbox 621 3127 656 3185; x_wconf 92' lang='lat' dir='ltr'>ad</span> <span class='ocrx_word' id='word_1_266' title='bbox 668 3127 864 3186; x_wconf 88' lang='lat' dir='ltr'>conciliandos</span> <span class='ocrx_word' id='word_1_267' title='bbox 879 3146 977 3187; x_wconf 88' lang='lat' dir='ltr'>eorum</span> <span class='ocrx_word' id='word_1_268' title='bbox 992 3128 1103 3186; x_wconf 88' lang='lat' dir='ltr'>animos</span> <span class='ocrx_word' id='word_1_269' title='bbox 1118 3137 1216 3186; x_wconf 92' lang='lat' dir='ltr'>natum</span> <span class='ocrx_word' id='word_1_270' title='bbox 1231 3127 1279 3196; x_wconf 92' lang='lat' dir='ltr'>sit,</span> <span class='ocrx_word' id='word_1_271' title='bbox 1295 3126 1349 3187; x_wconf 88' lang='lat' dir='ltr'>sed</span> 
     </span>
     <span class='ocr_line' id='line_1_30' title="bbox 146 3223 1351 3304; baseline 0.001 -21"><span class='ocrx_word' id='word_1_272' title='bbox 146 3225 338 3302; x_wconf 83' lang='lat' dir='ltr'>objurgantur,</span> <span class='ocrx_word' id='word_1_273' title='bbox 350 3223 473 3299; x_wconf 90' lang='lat' dir='ltr'>eoquod</span> <span class='ocrx_word' id='word_1_274' title='bbox 486 3223 654 3283; x_wconf 89' lang='lat' dir='ltr'>offensionis</span> <span class='ocrx_word' id='word_1_275' title='bbox 669 3226 850 3285; x_wconf 88' lang='lat' dir='ltr'>occasionem</span> <span class='ocrx_word' id='word_1_276' title='bbox 862 3245 900 3284; x_wconf 88' lang='lat' dir='ltr'>ex</span> <span class='ocrx_word' id='word_1_277' title='bbox 917 3226 1109 3303; x_wconf 88' lang='lat' dir='ltr'>promissione</span> <span class='ocrx_word' id='word_1_278' title='bbox 1124 3225 1196 3285; x_wconf 79' lang='lat' dir='ltr'>lacta</span> <span class='ocrx_word' id='word_1_279' title='bbox 1210 3244 1351 3304; x_wconf 88' lang='lat' dir='ltr'>sumpse·</span> 
     </span>
     <span class='ocr_line' id='line_1_31' title="bbox 146 3322 1351 3402; baseline 0.003 -21"><span class='ocrx_word' id='word_1_280' title='bbox 146 3324 212 3381; x_wconf 87' lang='lat' dir='ltr'>rint.</span> <span class='ocrx_word' id='word_1_281' title='bbox 255 3323 396 3381; x_wconf 80' lang='lat' dir='ltr'>Ascensio</span> <span class='ocrx_word' id='word_1_282' title='bbox 411 3323 474 3399; x_wconf 89' lang='lat' dir='ltr'>ejus</span> <span class='ocrx_word' id='word_1_283' title='bbox 488 3322 590 3391; x_wconf 85' lang='lat' dir='ltr'>futura,</span> <span class='ocrx_word' id='word_1_284' title='bbox 606 3334 634 3381; x_wconf 93' lang='lat' dir='ltr'>et</span> <span class='ocrx_word' id='word_1_285' title='bbox 648 3324 771 3382; x_wconf 88' lang='lat' dir='ltr'>coelestis</span> <span class='ocrx_word' id='word_1_286' title='bbox 783 3325 864 3401; x_wconf 86' lang='lat' dir='ltr'>origo</span> <span class='ocrx_word' id='word_1_287' title='bbox 873 3325 1038 3402; x_wconf 84' lang='lat' dir='ltr'>allegentur,</span> <span class='ocrx_word' id='word_1_288' title='bbox 1052 3323 1088 3381; x_wconf 89' lang='lat' dir='ltr'>ad</span> <span class='ocrx_word' id='word_1_289' title='bbox 1099 3342 1198 3383; x_wconf 91' lang='lat' dir='ltr'>eorum</span> <span class='ocrx_word' id='word_1_290' title='bbox 1214 3324 1351 3385; x_wconf 89' lang='lat' dir='ltr'>incredu-</span> 
     </span>
     <span class='ocr_line' id='line_1_32' title="bbox 147 3419 1349 3504; baseline 0.007 -25"><span class='ocrx_word' id='word_1_291' title='bbox 147 3421 254 3480; x_wconf 89' lang='lat' dir='ltr'>litatem</span> <span class='ocrx_word' id='word_1_292' title='bbox 282 3420 463 3479; x_wconf 87' lang='lat' dir='ltr'>domandam.</span> <span class='ocrx_word' id='word_1_293' title='bbox 523 3419 651 3478; x_wconf 89' lang='lat' dir='ltr'>Effertur</span> <span class='ocrx_word' id='word_1_294' title='bbox 675 3422 792 3498; x_wconf 91' lang='lat' dir='ltr'>spiritus</span> <span class='ocrx_word' id='word_1_295' title='bbox 817 3420 907 3480; x_wconf 87' lang='lat' dir='ltr'>divini</span> <span class='ocrx_word' id='word_1_296' title='bbox 932 3421 1050 3504; x_wconf 86' lang='lat' dir='ltr'>effectus</span> <span class='ocrx_word' id='word_1_297' title='bbox 1079 3421 1109 3480; x_wconf 95' lang='lat' dir='ltr'>in</span> <span class='ocrx_word' id='word_1_298' title='bbox 1136 3423 1233 3481; x_wconf 88' lang='lat' dir='ltr'>anima</span> <span class='ocrx_word' id='word_1_299' title='bbox 1255 3425 1349 3497; x_wconf 88' lang='lat' dir='ltr'>fideli,</span> 
     </span>
     <span class='ocr_line' id='line_1_33' title="bbox 148 3517 1352 3598; baseline 0.007 -24"><span class='ocrx_word' id='word_1_300' title='bbox 148 3518 264 3594; x_wconf 89' lang='lat' dir='ltr'>spiritus</span> <span class='ocrx_word' id='word_1_301' title='bbox 276 3517 385 3576; x_wconf 92' lang='lat' dir='ltr'>scilicet</span> <span class='ocrx_word' id='word_1_302' title='bbox 398 3526 442 3575; x_wconf 93' lang='lat' dir='ltr'>est</span> <span class='ocrx_word' id='word_1_303' title='bbox 455 3518 601 3590; x_wconf 81' lang='lat' dir='ltr'>quiritem</span> <span class='ocrx_word' id='word_1_304' title='bbox 617 3519 718 3576; x_wconf 78' lang='lat' dir='ltr'>animae</span> <span class='ocrx_word' id='word_1_305' title='bbox 732 3519 901 3595; x_wconf 89' lang='lat' dir='ltr'>impertitur,</span> <span class='ocrx_word' id='word_1_306' title='bbox 915 3517 982 3577; x_wconf 85' lang='lat' dir='ltr'>fidei</span> <span class='ocrx_word' id='word_1_307' title='bbox 990 3518 1088 3577; x_wconf 90' lang='lat' dir='ltr'>lumen</span> <span class='ocrx_word' id='word_1_308' title='bbox 1096 3519 1279 3595; x_wconf 86' lang='lat' dir='ltr'>gratiamque</span> <span class='ocrx_word' id='word_1_309' title='bbox 1294 3543 1352 3598; x_wconf 89' lang='lat' dir='ltr'>qua</span> 
     </span>
     <span class='ocr_line' id='line_1_34' title="bbox 145 3613 1355 3691; baseline 0.006 -17"><span class='ocrx_word' id='word_1_310' title='bbox 145 3615 217 3690; x_wconf 86' lang='lat' dir='ltr'>justi</span> <span class='ocrx_word' id='word_1_311' title='bbox 239 3613 379 3673; x_wconf 90' lang='lat' dir='ltr'>efficimur</span> <span class='ocrx_word' id='word_1_312' title='bbox 398 3614 592 3674; x_wconf 88' lang='lat' dir='ltr'>concedendo.</span> <span class='ocrx_word' id='word_1_313' title='bbox 635 3615 723 3684; x_wconf 84' lang='lat' dir='ltr'>Caro,</span> <span class='ocrx_word' id='word_1_314' title='bbox 738 3633 841 3674; x_wconf 89' lang='lat' dir='ltr'>sensus</span> <span class='ocrx_word' id='word_1_315' title='bbox 862 3616 1008 3674; x_wconf 88' lang='lat' dir='ltr'>humanus</span> <span class='ocrx_word' id='word_1_316' title='bbox 1023 3635 1040 3673; x_wconf 92' lang='lat' dir='ltr'>a</span> <span class='ocrx_word' id='word_1_317' title='bbox 1058 3614 1166 3691; x_wconf 89' lang='lat' dir='ltr'>Spiritu</span> <span class='ocrx_word' id='word_1_318' title='bbox 1185 3634 1245 3675; x_wconf 89' lang='lat' dir='ltr'>non</span> <span class='ocrx_word' id='word_1_319' title='bbox 1271 3619 1355 3681; x_wconf 87' lang='lat' dir='ltr'>illus·</span> 
     </span>
     <span class='ocr_line' id='line_1_35' title="bbox 150 3709 1354 3790; baseline 0.011 -24"><span class='ocrx_word' id='word_1_320' title='bbox 150 3718 236 3766; x_wconf 74' lang='lat' dir='ltr'>uatus</span> <span class='ocrx_word' id='word_1_321' title='bbox 250 3710 320 3768; x_wconf 91' lang='lat' dir='ltr'>nihil</span> <span class='ocrx_word' id='word_1_322' title='bbox 343 3709 477 3787; x_wconf 88' lang='lat' dir='ltr'>prodest;</span> <span class='ocrx_word' id='word_1_323' title='bbox 499 3712 587 3770; x_wconf 92' lang='lat' dir='ltr'>homo</span> <span class='ocrx_word' id='word_1_324' title='bbox 600 3731 716 3790; x_wconf 90' lang='lat' dir='ltr'>nempe,</span> <span class='ocrx_word' id='word_1_325' title='bbox 739 3713 864 3771; x_wconf 87' lang='lat' dir='ltr'>humano</span> <span class='ocrx_word' id='word_1_326' title='bbox 879 3712 928 3770; x_wconf 92' lang='lat' dir='ltr'>illo</span> <span class='ocrx_word' id='word_1_327' title='bbox 942 3730 1029 3771; x_wconf 88' lang='lat' dir='ltr'>sensu</span> <span class='ocrx_word' id='word_1_328' title='bbox 1044 3712 1172 3782; x_wconf 82' lang='lat' dir='ltr'>innixus,</span> <span class='ocrx_word' id='word_1_329' title='bbox 1190 3715 1226 3773; x_wconf 91' lang='lat' dir='ltr'>de</span> <span class='ocrx_word' id='word_1_330' title='bbox 1242 3715 1354 3779; x_wconf 77' lang='lat' dir='ltr'>divinis</span> 
     </span>
     <span class='ocr_line' id='line_1_36' title="bbox 151 3805 1358 3887; baseline 0.009 -23"><span class='ocrx_word' id='word_1_331' title='bbox 151 3806 296 3882; x_wconf 88' lang='lat' dir='ltr'>mysteriis</span> <span class='ocrx_word' id='word_1_332' title='bbox 319 3805 452 3883; x_wconf 90' lang='lat' dir='ltr'>judicans</span> <span class='ocrx_word' id='word_1_333' title='bbox 473 3809 503 3866; x_wconf 89' lang='lat' dir='ltr'>in</span> <span class='ocrx_word' id='word_1_334' title='bbox 523 3828 646 3868; x_wconf 92' lang='lat' dir='ltr'>errorem</span> <span class='ocrx_word' id='word_1_335' title='bbox 668 3820 697 3868; x_wconf 94' lang='lat' dir='ltr'>et</span> <span class='ocrx_word' id='word_1_336' title='bbox 717 3810 862 3868; x_wconf 90' lang='lat' dir='ltr'>interitum</span> <span class='ocrx_word' id='word_1_337' title='bbox 877 3809 955 3881; x_wconf 85' lang='lat' dir='ltr'>ruit3</span> <span class='ocrx_word' id='word_1_338' title='bbox 976 3820 1020 3868; x_wconf 89' lang='lat' dir='ltr'>est</span> <span class='ocrx_word' id='word_1_339' title='bbox 1034 3810 1111 3869; x_wconf 91' lang='lat' dir='ltr'>enim</span> <span class='ocrx_word' id='word_1_340' title='bbox 1126 3810 1188 3869; x_wconf 77' lang='lat' dir='ltr'>hec</span> <span class='ocrx_word' id='word_1_341' title='bbox 1208 3812 1358 3887; x_wconf 87' lang='lat' dir='ltr'>loquendi</span> 
     </span>
     <span class='ocr_line' id='line_1_37' title="bbox 152 3901 1361 3982; baseline 0.012 -24"><span class='ocrx_word' id='word_1_342' title='bbox 152 3901 222 3959; x_wconf 88' lang='lat' dir='ltr'>ratio</span> <span class='ocrx_word' id='word_1_343' title='bbox 234 3923 342 3974; x_wconf 80' lang='grc' dir='ltr'>μειωσις,</span> <span class='ocrx_word' id='word_1_344' title='bbox 357 3921 413 3977; x_wconf 90' lang='lat' dir='ltr'>qua</span> <span class='ocrx_word' id='word_1_345' title='bbox 427 3904 586 3962; x_wconf 89' lang='lat' dir='ltr'>mitioribus</span> <span class='ocrx_word' id='word_1_346' title='bbox 597 3907 691 3964; x_wconf 84' lang='lat' dir='ltr'>verbis</span> <span class='ocrx_word' id='word_1_347' title='bbox 706 3906 812 3964; x_wconf 84' lang='lat' dir='ltr'>funesti</span> <span class='ocrx_word' id='word_1_348' title='bbox 826 3905 945 3964; x_wconf 87' lang='lat' dir='ltr'>effectus</span> <span class='ocrx_word' id='word_1_349' title='bbox 959 3906 1100 3982; x_wconf 75' lang='lat' dir='ltr'>superbie</span> <span class='ocrx_word' id='word_1_350' title='bbox 1114 3907 1247 3969; x_wconf 79' lang='lat' dir='ltr'>humanm</span> <span class='ocrx_word' id='word_1_351' title='bbox 1259 3930 1361 3973; x_wconf 80' lang='lat' dir='ltr'>enun-</span> 
     </span>
     <span class='ocr_line' id='line_1_38' title="bbox 152 3996 1372 4078; baseline 0.013 -24"><span class='ocrx_word' id='word_1_352' title='bbox 152 3996 265 4055; x_wconf 79' lang='lat' dir='ltr'>tiantur.</span> <span class='ocrx_word' id='word_1_353' title='bbox 306 3998 401 4056; x_wconf 87' lang='lat' dir='ltr'>Verba</span> <span class='ocrx_word' id='word_1_354' title='bbox 428 4018 492 4073; x_wconf 82' lang='lat' dir='ltr'>quae</span> <span class='ocrx_word' id='word_1_355' title='bbox 516 3999 649 4059; x_wconf 84' lang='lat' dir='ltr'>Christus</span> <span class='ocrx_word' id='word_1_356' title='bbox 672 4000 790 4067; x_wconf 84' lang='lat' dir='ltr'>dixerat,</span> <span class='ocrx_word' id='word_1_357' title='bbox 816 4001 933 4078; x_wconf 88' lang='lat' dir='ltr'>spiritns</span> <span class='ocrx_word' id='word_1_358' title='bbox 954 4012 984 4058; x_wconf 91' lang='lat' dir='ltr'>et</span> <span class='ocrx_word' id='word_1_359' title='bbox 1008 4003 1066 4060; x_wconf 87' lang='lat' dir='ltr'>vita</span> <span class='ocrx_word' id='word_1_360' title='bbox 1087 4015 1177 4074; x_wconf 89' lang='lat' dir='ltr'>erant,</span> <span class='ocrx_word' id='word_1_361' title='bbox 1192 4007 1372 4069; x_wconf 68' lang='lat' dir='ltr'>coelestim</span> 
     </span>
     <span class='ocr_line' id='line_1_39' title="bbox 154 4092 1363 4183; baseline 0.01 -28"><span class='ocrx_word' id='word_1_362' title='bbox 154 4092 251 4155; x_wconf 87' lang='lat' dir='ltr'>divino</span> <span class='ocrx_word' id='word_1_363' title='bbox 266 4094 374 4172; x_wconf 82' lang='lat' dir='ltr'>Spiritu</span> <span class='ocrx_word' id='word_1_364' title='bbox 387 4097 523 4174; x_wconf 85' lang='lat' dir='ltr'>profecta,</span> <span class='ocrx_word' id='word_1_365' title='bbox 548 4108 576 4156; x_wconf 90' lang='lat' dir='ltr'>et</span> <span class='ocrx_word' id='word_1_366' title='bbox 599 4098 687 4156; x_wconf 86' lang='lat' dir='ltr'>vitam</span> <span class='ocrx_word' id='word_1_367' title='bbox 701 4099 802 4157; x_wconf 80' lang='lat' dir='ltr'>anima</span> <span class='ocrx_word' id='word_1_368' title='bbox 817 4097 925 4174; x_wconf 87' lang='lat' dir='ltr'>datura,</span> <span class='ocrx_word' id='word_1_369' title='bbox 939 4117 1002 4172; x_wconf 78' lang='lat' dir='ltr'>qne</span> <span class='ocrx_word' id='word_1_370' title='bbox 1024 4100 1144 4176; x_wconf 89' lang='lat' dir='ltr'>proinde</span> <span class='ocrx_word' id='word_1_371' title='bbox 1157 4120 1196 4161; x_wconf 88' lang='lat' dir='ltr'>ex</span> <span class='ocrx_word' id='word_1_372' title='bbox 1219 4104 1363 4183; x_wconf 66' lang='lat' dir='ltr'>Spiritu!</span> 
     </span>
    </p>
   </div>
   <div class='ocr_carea' id='block_1_3' title="bbox 549 4283 792 4631">
    <p class='ocr_par' dir='ltr' id='par_1_7' title="bbox 549 4283 792 4459">
     <span class='ocr_line' id='line_1_40' title="bbox 549 4283 792 4374; baseline 0.016 -19"><span class='ocrx_word' id='word_1_373' title='bbox 549 4283 792 4374; x_wconf 64' lang='lat' dir='ltr'>mmmmm</span> 
     </span>
     <span class='ocr_line' id='line_1_41' title="bbox 551 4391 695 4459; baseline 0 -19"><span class='ocrx_word' id='word_1_374' title='bbox 551 4392 593 4459; x_wconf 78' lang='lat' dir='ltr'>(a)</span> <span class='ocrx_word' id='word_1_375' title='bbox 612 4391 643 4442; x_wconf 90' lang='lat' dir='ltr'>v.</span> <span class='ocrx_word' id='word_1_376' title='bbox 655 4394 695 4442; x_wconf 85' lang='lat' dir='ltr'>eo.</span> 
     </span>
    </p>

    <p class='ocr_par' dir='ltr' id='par_1_8' title="bbox 550 4479 692 4543">
     <span class='ocr_line' id='line_1_42' title="bbox 550 4479 692 4543; baseline 0.014 -16"><span class='ocrx_word' id='word_1_377' title='bbox 550 4479 589 4543; x_wconf 82' lang='lat' dir='ltr'>(a)</span> <span class='ocrx_word' id='word_1_378' title='bbox 607 4479 639 4529; x_wconf 90' lang='lat' dir='ltr'>v.</span> <span class='ocrx_word' id='word_1_379' title='bbox 651 4481 692 4530; x_wconf 86' lang='lat' dir='ltr'>c1.</span> 
     </span>
    </p>

    <p class='ocr_par' dir='ltr' id='par_1_9' title="bbox 550 4563 740 4631">
     <span class='ocr_line' id='line_1_43' title="bbox 550 4563 740 4631; baseline 0.026 -19"><span class='ocrx_word' id='word_1_380' title='bbox 550 4564 592 4631; x_wconf 84' lang='lat'>(4)</span> <span class='ocrx_word' id='word_1_381' title='bbox 610 4563 641 4616; x_wconf 89' lang='lat' dir='ltr'>In</span> <span class='ocrx_word' id='word_1_382' title='bbox 651 4566 740 4617; x_wconf 86' lang='lat' dir='ltr'>locum.</span> 
     </span>
    </p>
   </div>
   <div class='ocr_carea' id='block_1_4' title="bbox 0 0 1398 5056">
    <p class='ocr_par' dir='ltr' id='par_1_10' title="bbox 0 0 1398 5056">
     <span class='ocr_line' id='line_1_44' title="bbox 0 0 1398 5056; baseline 0 0"><span class='ocrx_word' id='word_1_383' title='bbox 0 0 1398 5056; x_wconf 95' lang='lat' dir='ltr'> </span> 
     </span>
    </p>
   </div>
  </div>
 </body>
</html>
