2774 5056
404 327 458 388 DE
479 326 599 388 MODO
619 327 884 388 BAPTIZANDl.
1235 330 1277 386 te

94 471 197 531 secula:
218 474 415 547 infusionem,
428 479 458 537 in
471 489 599 537 extremo
613 479 676 536 ritoe
690 476 866 546 discrimine,
880 489 1023 546 tentatam,
1039 475 1137 537 timide
1150 488 1179 535 et
1192 476 1275 537 dnbi-

93 579 179 639 anter,
194 573 265 632 adeo
282 585 316 633 ut
329 575 366 634 de
379 578 441 653 ejus
456 576 549 635 valore
564 576 648 634 dubie
662 576 789 654 plerique
805 577 995 649 loquerentur.
1028 576 1180 635 Comelin:
1194 575 1274 650 Papa

93 664 297 732 deNovatisno
311 674 445 751 scripsit:
469 684 488 711 ‘⁶
499 675 529 733 in
550 674 614 751 ipso
629 675 659 733 iu
680 693 737 747 quo
754 674 868 752 jacebat
887 673 991 732 lectulo
1015 675 1146 751 perfusus
1169 672 1276 749 baptis·

92 779 161 822 mum
174 771 314 857 suscepit,
328 771 355 827 si
370 770 569 848 hujuscemodi
595 771 766 848 baptismum
780 772 942 848 suscepisse
956 769 1093 829 dicendus
1107 769 1184 828 est.’'
1223 774 1272 839 loss

90 861 129 930 zeti
137 875 214 933 λεγειν
224 881 269 920 τον
279 866 392 922 falernus
402 865 543 938 ἒιλῇφενωιί
558 930 569 944 1

123 956 210 1038 Reep.
231 962 266 1022 In
292 965 415 1024 solemni
441 966 581 1043 baptismo
604 966 702 1039 utique
727 965 873 1024 immersio
897 966 1002 1034 fiebat:
1030 973 1147 1041 urgente
1173 963 1275 1020 mortis
1369 987 1377 1003 ¹

92 1057 221 1130 periculo,
234 1062 280 1121 vel
294 1063 349 1120 alia
360 1065 438 1140 gravi
453 1065 631 1132 necessitate,
643 1065 759 1131 infusio,
775 1065 818 1123 vel
833 1065 971 1140 aspersio.
1000 1063 1045 1122 De
1060 1063 1105 1121 his
1119 1061 1274 1119 rationibus

92 1154 247 1233 baptizandi
272 1179 330 1220 non
349 1162 461 1222 ridetur
481 1162 617 1221 dubitatio
642 1163 740 1230 fnisse,
755 1165 885 1235 quamvis
908 1162 1109 1220 dubitaretura
1129 1157 1274 1217 nonnullis

91 1261 211 1331 tempore
226 1256 378 1335 Cypriani,
394 1272 486 1319 utrum
501 1279 552 1337 par
572 1261 660 1337 grstia
680 1261 717 1318 iis
736 1261 917 1319 conferretur.
959 1260 1031 1327 Quae
1053 1257 1180 1316 Cornelii
1205 1267 1274 1313 tem·

92 1369 152 1427 pore
165 1368 227 1413 orta
241 1369 287 1414 est
299 1360 501 1428 controversia,
516 1360 678 1418 Novatiano
692 1378 835 1417 summum
851 1359 1046 1436 pontificatum
1057 1358 1112 1415 sibi
1126 1371 1273 1432 perperam

87 1462 248 1526 tuarpante,
263 1456 443 1513 occasionem
469 1456 588 1532 praebuit
601 1465 788 1532 opportunam
810 1456 877 1538 huic
892 1453 1094 1529 investigando
1110 1448 1275 1525 quaestioni,
1377 1524 1378 1529 ¹

93 1544 216 1622 :igneis
230 1549 303 1607 soret
317 1549 461 1609 dubitandi
484 1554 564 1612 ratio.
606 1554 701 1619 Quum
724 1564 864 1610 constaret
885 1570 952 1610 eum
966 1552 1005 1608 ita
1026 1550 1209 1625 baptizatum,
1225 1546 1275 1604 vix

93 1639 142 1698 ella
154 1641 257 1702 suisset
269 1646 296 1709 ei
310 1649 422 1723 species
437 1649 508 1707 tituli
523 1650 558 1707 ad
578 1650 783 1726 pontificatum,
798 1650 823 1706 si
845 1649 906 1725 ipse
927 1647 1084 1726 baptismus
1105 1645 1177 1703 soret
1196 1643 1274 1702 dubii

94 1736 205 1808 valoris:
218 1760 273 1800 nee
286 1744 451 1804 omisissent
461 1747 524 1824 ejus
533 1746 682 1804 adversarii
702 1746 730 1804 id
746 1746 879 1823 objicere.
913 1744 997 1812 Quod
1020 1744 1121 1801 citatur
1143 1729 1270 1799 tastimb·
1363 1778 1369 1817 :

95 1833 164 1894 nium
185 1837 316 1897 Cornelii
340 1840 445 1900 nullam
470 1843 562 1920 injicit
586 1843 788 1901 dubitationem
811 1841 846 1900 de
867 1841 999 1918 baptismi
1024 1841 1129 1921 valore,
1152 1837 1201 1894 sed
1225 1836 1273 1894 vix
1363 1829 1366 1841 '

96 1934 247 2013 :accepisse
268 1938 441 2015 baptismum
464 1941 565 2009 innuit,
580 1942 676 2000 animo
699 1941 809 1999 scilicet
832 1941 940 2008 libenti,
962 1939 1011 2012 qui
1038 1937 1153 1996 nonnisi
1174 1934 1273 1993 mortis

96 2043 161 2090 metu
174 2033 210 2092 ad
226 2052 292 2094 eum
314 2036 468 2113 petendum
488 2050 582 2097 motus
602 2051 664 2098 est:
688 2038 785 2097 “dum
802 2040 922 2117 jamjam
943 2038 1094 2094 moriturus
1115 2031 1271 2092 creditur.”

97 2125 230 2191 Eiautem
253 2134 398 2211 praecipue
412 2137 564 2212 exprobrat
583 2136 659 2210 qnod
679 2137 790 2195 sanitati
811 2137 955 2195 restitutus
976 2134 1045 2193 ritus
1059 2133 1184 2190 omissos
1206 2147 1273 2206 sup·

98 2223 204 2298 plendos
219 2228 295 2287 haud
314 2233 461 2301 curaverit,
477 2243 505 2290 et
517 2233 668 2291 chrismate
682 2233 758 2291 liniri
779 2233 952 2310 neglexerit:
976 2230 1066 2288 “Sed
1081 2246 1175 2300 neque
1196 2237 1273 2302 post·

98 2336 170 2393 quam
192 2324 327 2385 liberatus
352 2340 397 2386 est
419 2329 529 2398 morbo,
554 2330 663 2402 reliqna
685 2330 823 2405 percepit,
850 2347 913 2401 qno
930 2329 1014 2404 juxta
1038 2323 1271 2384 Ecclesiasticam

97 2419 207 2494 tegulam
221 2423 333 2499 percipi
324 2422 466 2483 debent:
487 2443 581 2497 neque
596 2426 630 2483 ab
645 2426 781 2501 episcopo
795 2423 977 2499 consignatus
991 2420 1065 2480 est.”
1069 2425 1080 2454 ²

38 2534 40 2543 ¹
129 2518 172 2573 76.
196 2514 262 2595 obj.
278 2524 308 2577 7.
330 2517 463 2579 Capones
478 2520 546 2579 dicti
567 2520 725 2597 apostolici,
743 2518 792 2592 qni
812 2518 938 2595 priomm
958 2516 1126 2575 seculorum
1147 2512 1310 2571 referunt
1373 2504 1377 2511 ’

98 2608 154 2668 rittls
174 2624 202 2672 et
224 2613 392 2686 doctrinam,
414 2617 599 2695 deponendos
615 2618 718 2695 jubent
737 2617 888 2694 episcopos
914 2626 942 2672 et
957 2614 1146 2690 presbyteros
1167 2609 1270 2668 trinam
1294 2600 1302 2671 1

98 2706 296 2770 immersionem
320 2731 379 2772 non
393 2719 562 2772 servantes.³
603 2709 988 2789 constantinopolitanuml
1004 2708 1155 2767 concilium
1171 2705 1270 2764 Euno·
1316 2712 1327 2811 7

99 2803 205 2874 mimos,
219 2808 291 2867 trina
304 2810 488 2869 immersione
501 2810 577 2869 haud
590 2811 710 2877 ablutos,
726 2811 827 2867 iterum
842 2807 978 2885 baptizari
994 2806 1086 2884 Jubet
1088 2809 1100 2839 ⁴
1134 2802 1269 2882 Pelagius
1316 2814 1322 2897 3

99 2895 130 2956 11.
142 2901 318 2964 Bonosianos
332 2907 431 2965 eadem
446 2907 481 2965 de
495 2927 580 2966 causa
599 2907 812 2985 baptismalibus
834 2906 914 2978 aquis
936 2905 1036 2963 iterum
1057 2901 1132 2959 ablui
1148 2901 1216 2965 vult,
1231 2900 1326 2977 61)

101 2994 294 3077 Evangelicum
311 3013 502 3080 preceptum:
526 3003 763 3081 “Evangelicum
789 3000 855 3059 verb
881 3010 1063 3077 pracceptum,
1080 2999 1142 3074 ipso
1156 2995 1221 3053 Deo
1241 3005 1270 3051 et
1318 2930 1371 3047 1

100 3088 209 3156 Domino
225 3099 371 3158 Salvatore
393 3114 489 3159 nostro
509 3101 580 3159 Jesu
604 3100 721 3158 Christo
736 3099 870 3167 tradente,
886 3119 938 3156 nos
953 3097 1094 3162 admonet,
1109 3092 1268 3152 innomine
1302 3132 1313 3151 f

100 3189 229 3254 Trinitatis
244 3197 318 3256 trina
331 3199 414 3256 etiam
430 3200 570 3257 mersione
585 3212 713 3257 sanctum
728 3199 868 3276 baptisma
882 3197 1035 3269 unicuique
1050 3189 1217 3251 tribuere.’'⁵

130 3287 209 3369 lienp.
225 3293 279 3352 Vis
291 3294 402 3352 illorum
414 3295 589 3354 decretorum
601 3295 757 3354 innumero
770 3294 984 3352 immersionum
994 3291 1116 3365 ponitur,
1129 3299 1267 3361 quatenns

101 3385 171 3445 tribus
196 3392 329 3466 personis
353 3391 456 3450 divinis
481 3392 663 3470 respondent.
706 3392 808 3451 Canon
834 3390 881 3449 ille
901 3385 1196 3467 pseudoapostolicus
1216 3399 1267 3440 eos
1340 3400 1345 3461 ξ

102 3486 208 3556 percellit
230 3491 279 3561 qui
295 3489 381 3546 unica
403 3491 584 3549 immersione
608 3491 636 3548 in
658 3492 757 3549 mortis
779 3488 896 3546 Domini
918 3486 1083 3544 memoriam
1097 3480 1265 3538 utebantur:

104 3581 151 3640 “ti
163 3587 223 3658 quis
239 3587 392 3663 episcopus
408 3598 455 3645 ant
469 3590 616 3665 presbyter
630 3590 659 3647 in
673 3608 730 3646 una
744 3587 900 3644 initiatione
915 3604 971 3643 non
986 3592 1042 3640 tres
1056 3578 1266 3644 immersiones,

103 3679 141 3736 ted
152 3701 230 3742 unam
244 3684 400 3753 dumtaxat,
416 3705 478 3759 quae
499 3688 528 3744 in
551 3698 668 3745 mortem
684 3685 803 3743 Domini
827 3682 917 3750 detur,
941 3679 1090 3759 peregerit,
1105 3676 1265 3752 deponitor.
1346 3740 1349 3765 Ι

104 3769 157 3834 Non
175 3781 249 3838 enim
275 3780 349 3838 dixit
372 3780 532 3840 Dominus:
563 3783 596 3841 ln
620 3794 739 3840 mortem
765 3797 858 3839 meam
879 3780 1037 3856 baptizate:
1069 3775 1119 3834 sed
1147 3771 1266 3850 profecti
1347 3770 1356 3851 1

104 3867 181 3934 docete
194 3896 295 3937 omnes
310 3889 418 3954 gentes,
433 3879 608 3957 baptizantes
623 3899 672 3937 eos
687 3880 715 3936 in
728 3881 843 3937 nomine
858 3879 961 3946 Patris,
973 3888 1001 3934 et
1014 3876 1092 3942 Filii,
1102 3884 1131 3932 et
1144 3871 1268 3949 Spiritus
1354 3858 1358 3897 ³

104 3966 210 4033 Sancti.”
253 3978 428 4036 Eunomiani
449 3980 509 4055 pari
525 3980 631 4037 ratione
645 3979 779 4036 vitiabaut
798 3979 979 4055 baptismum,
995 3974 1155 4033 Eunomins
1178 3970 1266 4035 enim,

103 4064 134 4122 nti
150 4072 225 4131 refert
250 4071 462 4141 Theodoretus,
477 4074 587 4133 dicebat
612 4083 631 4110 ‘⁶
642 4092 698 4145 non
720 4084 849 4149 oportere
871 4078 921 4130 te'r
933 4072 1012 4130 illum
1033 4072 1201 4144 immergere
1216 4064 1266 4138 qni

359 4489 530 4590 4061666
509 4541 548 4590 vti.

360 4622 755 4694 bRescriptosdGeuelenttnm.
830 4666 871 4679 ,..
956 4619 1073 4690 ΞΜ
1129 4568 1323 4759 'imis‘
