2774 5056
136 287 196 345 82⁰
315 283 372 344 ltu
392 274 645 346 POTESTATE
667 283 941 348 REMITTENDI
961 286 1171 351 PEGOATA.

178 446 229 502 82.
253 440 321 522 obj.
339 447 386 503 10.
408 442 554 504 Videntur
567 443 679 503 Obristi
693 445 781 503 verba
793 443 829 504 ds
844 444 968 525 Spiritus
982 448 1082 507 Sancti
1095 449 1219 520 lumine,
1235 468 1293 525 qno
1305 453 1332 512 in

137 541 285 621 spiritibus
295 541 485 621 dijudicandis
496 542 685 622 dirigerentur
696 545 838 622 Apostoli,
850 544 1043 624 intelligenda,
1053 565 1111 622 qna
1119 548 1231 609 ratiooe
1239 549 1335 612 Petrus

94 707 99 719 Ι
136 639 288 709 maniam,
317 640 500 718 Sapphiram‚
521 650 550 698 et
569 641 719 700 Simonem
749 659 866 719 magum
886 642 984 702 novit:
1015 662 1083 703 nam
1111 645 1282 724 “Apostoli
1306 647 1334 707 in

136 737 260 815 negotiis
280 737 315 796 ad
336 737 505 814 religionem
530 736 759 797 constituendam
780 739 988 815 pertinentibus
1011 753 1185 819 acceperunt
1210 740 1336 813 διαιρέσεις

134 833 288 904 mordem-
322 835 354 894 1.·
368 835 502 895 Conxii.
517 838 653 896 7.-11.1

173 930 264 1011 Reep.
285 932 383 1000 Quum
396 941 521 1009 potestas
535 931 696 991 remittendi
710 942 826 1010 peccata
839 931 933 992 verbis
948 933 1128 1012 simplicibus
1143 942 1173 993 et
1184 933 1272 993 claris
1285 941 1334 992 tra·

135 1027 228 1097 (imur,
238 1047 297 1089 non
311 1038 405 1107 potest
414 1028 451 1088 iis
466 1048 530 1104 qne
544 1028 709 1108 praecedunt
722 1030 852 1098 vocibus,
864 1029 901 1089 de
913 1030 1023 1109 Spiritu
1036 1032 1144 1091 Sancto
1155 1029 1334 1110 accipiendo,

135 1145 237 1187 sensns
249 1126 319 1194 dari,
332 1129 381 1202 qni
392 1128 419 1186 ei
434 1147 491 1188 non
505 1139 651 1206 congruat.
673 1127 942 1197 Omniaeohoerent.
957 1129 1043 1188 obvio
1057 1139 1177 1208 accepta
1187 1148 1290 1197 sensu,
1301 1127 1333 1188 dc

136 1225 261 1304 Spiritus
275 1225 373 1284 Sancti
395 1226 559 1285 auctoritate
573 1226 785 1286 communicata
797 1225 946 1303 Apostolis
969 1225 1005 1284 ad
1024 1236 1143 1304 peecata
1154 1214 1333 1287 remittenda

134 1320 221 1391 Quod
234 1323 402 1401 hypocrisin
427 1323 545 1382 Ananiae
563 1333 592 1382 et
605 1322 768 1400 Sappbirae,
780 1333 809 1382 et
821 1342 938 1401 pravam
959 1323 1088 1383 Simonis
1110 1325 1189 1403 magi
1210 1333 1333 1385 mentem

132 1427 245 1488 noverit
257 1426 371 1495 Petrus,
386 1425 494 1504 Spiritu
508 1426 615 1483 Sancto
635 1423 790 1483 illustrante
813 1424 942 1501 contigit,
956 1422 1008 1483 ssd
1034 1442 1094 1483 non
1122 1424 1151 1482 vi
1181 1425 1333 1488 verborum

133 1525 255 1594 curisti,
271 1543 336 1598 quae
349 1532 517 1602 potestatam
532 1522 562 1581 in
575 1531 757 1598 peccatorum
771 1522 941 1581 remissione
955 1521 1146 1582 exercendam
1169 1520 1332 1583 ostendunt

134 1622 294 1700 Spirituum
308 1622 393 1699 igitur
412 1619 556 1687 discretio,
579 1635 636 1691 qua
658 1617 803 1695 pollebant
828 1618 972 1696 Apostoli,
986 1629 1046 1678 erat
1067 1618 1186 1693 quidem
1208 1620 1332 1698 Spiritus

133 1716 231 1776 Sancti
254 1734 369 1782 munus,
390 1713 441 1773 sed
462 1713 498 1773 ad
518 1722 703 1791 postestatem
724 1713 874 1772 ministerii
894 1732 953 1774 non
980 1715 1147 1792 spectabere
1176 1716 1332 1776 eratenim

133 1814 251 1874 cuilibet
263 1833 279 1874 e
293 1824 365 1873 coetn
380 1813 520 1880 fidelium,
540 1831 594 1889 pro
608 1811 732 1889 Spiritus
747 1810 845 1870 Sancti
859 1811 1103 1873 arbitriosnmmo
1125 1831 1280 1884 concessa,
1294 1813 1331 1874 nti

132 1930 171 1972 ex
182 1912 295 1990 objecto
306 1911 389 1971 Pauli
402 1911 467 1970 loco
481 1909 633 1987 colligitur.

173 2013 222 2069 3³.
248 2007 314 2088 obj.
333 2013 378 2067 ll.
401 2008 521 2082 Absque
535 2006 583 2065 illa
596 2003 690 2065 cordis
711 2024 877 2066 arcanorum
898 2006 999 2066 notitia
1018 2014 1146 2086 potestas
1169 2005 1329 2069 remittendi

133 2116 250 2186 peccata
263 2106 390 2166 exerceri
405 2104 515 2178 nequit.

128 2234 134 2241 ·
172 2203 261 2284 Resp.
283 2203 401 2281 Optime
421 2211 579 2270 exercetor,
593 2200 719 2260 adbibita
739 2201 818 2261 omni
831 2200 978 2280 diligentis
993 2211 1025 2261 ut
1037 2202 1175 2263 sacerdos
1189 2203 1229 2263 de
1243 2203 1330 2283 pmni·

130 2301 217 2361 tentis
244 2300 340 2360 animo
360 2298 463 2358 certior
485 2297 552 2366 fiat3
575 2315 689 2371 equum
712 2296 828 2367 idcirco,
844 2297 922 2372 qnod
947 2299 1029 2359 Deus
1048 2300 1154 2368 firmet,
1170 2301 1327 2380 prolaturus

127 2397 279 2476 judicium.
322 2397 450 2456 Necesse
475 2414 532 2454 non
547 2404 635 2453 estut
648 2394 722 2454 absit
741 2413 828 2454 omne
849 2394 960 2455 errandi
974 2396 1144 2473 periculum,
1160 2417 1231 2458 nam
1245 2399 1327 2477 preni-

130 2507 194 2555 tens
208 2494 342 2554 fiduciam
357 2507 460 2553 certam
476 2492 626 2569 concipere
635 2491 709 2550 valet
723 2493 823 2560 renim,
833 2493 988 2552 sacerdotis
997 2512 1093 2571 opera,
1106 2495 1326 2570 consequenda,

132 2593 287 2654 dummodo
310 2595 405 2651 animo
425 2594 477 2650 rite
499 2602 595 2668 parato
623 2592 686 2667 ejus
714 2602 807 2648 utatur
828 2592 1005 2650 ministerio:
1034 2591 1112 2666 quod
1134 2613 1206 2654 sane
1229 2595 1326 2654 divina

130 2692 333 2751 misericordiae
347 2691 561 2749 admirationem
576 2698 720 2766 provocat.
762 2688 846 2756 Quod
861 2699 955 2748 autem
970 2709 1027 2748 non
1039 2691 1210 2751 omnimoda
1226 2694 1264 2751 sit
1277 2711 1326 2752 cer·

130 2787 231 2857 titudo,
254 2807 341 2862 quum
369 2788 480 2845 animus
509 2786 648 2861 cujusque
676 2803 735 2843 non
761 2786 799 2843 sit
826 2787 939 2863 penitus
973 2786 1150 2864 exploratus,
1180 2789 1324 2849 humilitati

130 2885 216 2943 favet.
1255 2875 1258 2881 ⁴

167 2986 216 3040 34.
241 2981 307 3060 Obj.
324 2987 368 3039 12.
392 2980 480 3038 Nulla
501 2990 626 3057 potestas
648 2979 814 3038 aestimanda
834 2991 887 3049 est,
904 2981 952 3039 nbi
973 2982 1036 3058 ejus
1051 2984 1225 3044 exercitium
1241 3004 1278 3044 ex
1297 3001 1319 3044 re

127 3098 242 3158 prorsus
257 3081 353 3156 ignota
366 3089 395 3135 et
408 3077 514 3134 incerta
534 3075 648 3152 pendet,
662 3076 773 3134 scilicet
792 3096 829 3135 ex
848 3079 1046 3154 poenitentium
1062 3078 1318 3156 dispositionibus:

126 3178 228 3245 “Quae
242 3177 296 3234 erit
309 3176 417 3239 isthaec
437 3184 574 3250 potestas,
589 3174 699 3232 nescire
723 3174 790 3246 quid
816 3173 964 3252 ligandum
985 3176 1037 3242 sit,
1056 3187 1105 3234 ant
1125 3177 1317 3238 solvendum!

125 3276 213 3353 ligare
227 3287 319 3334 autem
335 3291 392 3330 non
407 3290 504 3349 posse,
519 3282 567 3329 ant
580 3271 702 3338 solvere,
718 3271 774 3329 nisi
788 3273 885 3331 scias?
913 3273 975 3330 Cur
988 3291 1057 3350 ergo
1069 3272 1171 3334 dicunt
1185 3296 1218 3335 se
1234 3276 1317 3336 absol·

122 3393 188 3434 vere
202 3376 365 3434 auctoritate
380 3373 434 3429 sibi
449 3371 522 3436 data,
539 3389 628 3444 quum
643 3372 748 3428 incerta
762 3374 799 3428 sit
813 3372 954 3429 absolutio
965 3371 996 3427 2⁹⁹
1039 3370 1083 3430 lta
1097 3373 1270 3434 Calvinus.¹

161 3472 249 3550 Rcap.
273 3472 349 3529 Vera
370 3481 414 3526 est
436 3479 570 3545 potestas,
593 3468 724 3540 quamvis
750 3468 812 3544 ejus
834 3469 1003 3528 exercitium
1029 3469 1170 3542 quasdam
1198 3473 1318 3549 postulet

124 3570 311 3628 conditiones.
354 3568 450 3633 Quum
465 3565 628 3623 hominibus
643 3565 681 3621 sit
694 3565 858 3632 commissa,
876 3566 1017 3642 judicium
1033 3586 1132 3626 eorum
1157 3569 1194 3626 de
1217 3571 1253 3628 iis
1277 3568 1319 3644 qni

125 3668 188 3741 ejus
202 3667 341 3723 beneficio
355 3664 409 3721 frui
425 3664 521 3729 velint,
538 3681 593 3720 non
615 3661 810 3720 omnimodam
832 3663 916 3721 habet
930 3663 1149 3734 certitudinem
1174 3667 1226 3725 sed
1250 3677 1318 3726 certe

126 3763 200 3820 valet
214 3763 275 3839 ejus
290 3764 457 3822 exercitium
472 3762 508 3818 iis
524 3762 572 3834 qui
588 3761 683 3820 animo
697 3761 749 3819 rite
763 3761 852 3838 parati
867 3771 943 3819 sunt.
976 3761 1065 3820 Nulla
1080 3776 1124 3820 est
1136 3766 1320 3825 absolutionis

126 3858 303 3926 incertitudo,
319 3858 395 3932 quod
410 3859 530 3935 pertinet
545 3856 579 3913 ad
595 3858 805 3925 auctoritatem
829 3856 879 3914 sed
902 3857 963 3914 fieri
978 3868 1072 3934 potest
1086 3869 1117 3916 nt
1138 3879 1230 3936 prava
1244 3879 1320 3921 mens

126 3974 224 4016 eorum
239 3957 287 4029 qui
303 3957 496 4032 poenitentiam
512 3954 679 4031 profitentur
693 3954 796 4021 obstet,
811 3972 847 4011 ne
864 3954 976 4012 veniam
993 3955 1115 4014 oblatam
1132 3959 1289 4037 accipiant.

164 4057 212 4112 35.
238 4052 304 4131 obj.
323 4058 368 4110 13.
391 4053 436 4110 Ea
460 4049 625 4110 absolvendi
651 4063 775 4126 potestas
797 4050 873 4108 idem
899 4060 991 4117 sonat,
1014 4071 1047 4109 ac
1069 4053 1127 4110 “si
1151 4059 1284 4127 mereris,
1298 4068 1322 4116 te

126 4152 253 4210 absolvo.
294 4156 337 4208 Ac
352 4149 526 4209 tantumdem
542 4160 649 4225 posset,
662 4167 720 4206 non
734 4147 799 4206 dico
813 4147 902 4206 laicus
916 4148 1045 4228 (quando
1060 4150 1088 4208 id
1103 4153 1197 4226 aequis
1213 4157 1325 4216 auribus

125 4268 183 4308 non
197 4246 324 4325 ferrent)
339 4245 390 4305 sed
405 4247 502 4305 Tucca
515 4256 564 4304 aut
576 4243 739 4304 diabolus.”
782 4243 922 4304 Calvinus
937 4246 1066 4305 iterum.³

426 4459 437 4523 (
441 4460 467 4524 1)
487 4458 658 4510 Rosenmiiller
665 4457 692 4507 in
703 4455 718 4506 J
720 4473 775 4507 can.
786 4472 830 4506 xx.

419 4545 468 4610 (2)
487 4543 545 4593 Inst.
557 4544 573 4592 l.
584 4544 619 4593 iii.
630 4560 651 4594 c.
663 4543 696 4593 iv.
706 4559 732 4596 n.
743 4545 784 4594 21.

428 4628 470 4696 (3)
491 4627 594 4678 lbidem.
