<?xml version="1.0" encoding="UTF-8"?>
<!DOCTYPE html PUBLIC "-//W3C//DTD XHTML 1.0 Transitional//EN"
    "http://www.w3.org/TR/xhtml1/DTD/xhtml1-transitional.dtd">
<html xmlns="http://www.w3.org/1999/xhtml" xml:lang="en" lang="en">
 <head>
  <title>
</title>
<meta http-equiv="Content-Type" content="text/html;charset=utf-8" />
  <meta name='ocr-system' content='tesseract 3.04.00' />
  <meta name='ocr-capabilities' content='ocr_page ocr_carea ocr_par ocr_line ocrx_word'/>
</head>
<body>
  <div class='ocr_page' id='page_1' title='image "./theologidogmati03kenrgoog_0066.png"; bbox 0 0 2774 5056; ppageno 0'>
   <div class='ocr_carea' id='block_1_1' title="bbox 378 324 978 391">
    <p class='ocr_par' dir='ltr' id='par_1_1' title="bbox 378 324 978 391">
     <span class='ocr_line' id='line_1_1' title="bbox 378 324 978 391; baseline 0.002 -3"><span class='ocrx_word' id='word_1_1' title='bbox 378 328 435 388; x_wconf 99' lang='lat' dir='ltr'><strong>DE</strong></span> <span class='ocrx_word' id='word_1_2' title='bbox 455 327 652 391; x_wconf 77' lang='lat' dir='ltr'><strong>DAPTISMI</strong></span> <span class='ocrx_word' id='word_1_3' title='bbox 673 324 978 389; x_wconf 76' lang='lat' dir='ltr'><strong>NECESSITATE.</strong></span> 
     </span>
    </p>
   </div>
   <div class='ocr_carea' id='block_1_2' title="bbox 577 791 777 853">
    <p class='ocr_par' dir='ltr' id='par_1_2' title="bbox 577 791 777 853">
     <span class='ocr_line' id='line_1_2' title="bbox 577 791 777 853; baseline 0.015 -3"><span class='ocrx_word' id='word_1_4' title='bbox 577 791 719 853; x_wconf 81' lang='lat' dir='ltr'><strong>CAPUT</strong></span> <span class='ocrx_word' id='word_1_5' title='bbox 738 794 777 853; x_wconf 82' lang='lat' dir='ltr'><strong>V.</strong></span> 
     </span>
    </p>
   </div>
   <div class='ocr_carea' id='block_1_3' title="bbox 346 968 1016 1024">
    <p class='ocr_par' dir='ltr' id='par_1_3' title="bbox 346 968 1016 1024">
     <span class='ocr_line' id='line_1_3' title="bbox 346 968 1016 1024; baseline 0.001 -4"><span class='ocrx_word' id='word_1_6' title='bbox 346 968 402 1021; x_wconf 87' lang='lat' dir='ltr'><strong>DE</strong></span> <span class='ocrx_word' id='word_1_7' title='bbox 429 969 651 1024; x_wconf 81' lang='lat' dir='ltr'>BAPTISMI</span> <span class='ocrx_word' id='word_1_8' title='bbox 674 968 1016 1023; x_wconf 76' lang='lat' dir='ltr'><strong>NECESSITATE.</strong></span> 
     </span>
    </p>
   </div>
   <div class='ocr_carea' id='block_1_4' title="bbox 88 1134 1335 3860">
    <p class='ocr_par' dir='ltr' id='par_1_4' title="bbox 88 1134 1291 3564">
     <span class='ocr_line' id='line_1_4' title="bbox 118 1134 1280 1215; baseline 0.006 -24"><span class='ocrx_word' id='word_1_9' title='bbox 118 1137 179 1192; x_wconf 80' lang='lat'>130.</span> <span class='ocrx_word' id='word_1_10' title='bbox 200 1134 361 1213; x_wconf 86' lang='lat' dir='ltr'><strong>Pelagiani</strong></span> <span class='ocrx_word' id='word_1_11' title='bbox 382 1136 553 1213; x_wconf 90' lang='lat' dir='ltr'><strong>baptismum</strong></span> <span class='ocrx_word' id='word_1_12' title='bbox 568 1137 761 1195; x_wconf 88' lang='lat' dir='ltr'><strong>necessarium</strong></span> <span class='ocrx_word' id='word_1_13' title='bbox 772 1155 836 1195; x_wconf 88' lang='lat' dir='ltr'><strong>esse</strong></span> <span class='ocrx_word' id='word_1_14' title='bbox 851 1137 1007 1195; x_wconf 74' lang='lat' dir='ltr'>fatebantur</span> <span class='ocrx_word' id='word_1_15' title='bbox 1016 1135 1050 1194; x_wconf 90' lang='lat' dir='ltr'><strong>ad</strong></span> <span class='ocrx_word' id='word_1_16' title='bbox 1063 1155 1180 1215; x_wconf 84' lang='lat' dir='ltr'><strong>regnum</strong></span> <span class='ocrx_word' id='word_1_17' title='bbox 1194 1137 1280 1199; x_wconf 83' lang='lat' dir='ltr'><strong>cuele-</strong></span> 
     </span>
     <span class='ocr_line' id='line_1_5' title="bbox 88 1230 1280 1311; baseline 0.007 -24"><span class='ocrx_word' id='word_1_18' title='bbox 88 1247 139 1288; x_wconf 89' lang='lat' dir='ltr'><strong>rum</strong></span> <span class='ocrx_word' id='word_1_19' title='bbox 162 1230 395 1305; x_wconf 87' lang='lat' dir='ltr'><strong>assequendum,</strong></span> <span class='ocrx_word' id='word_1_20' title='bbox 420 1230 455 1290; x_wconf 89' lang='lat' dir='ltr'><strong>ad</strong></span> <span class='ocrx_word' id='word_1_21' title='bbox 476 1232 679 1292; x_wconf 80' lang='lat' dir='ltr'><strong>beatitudinem</strong></span> <span class='ocrx_word' id='word_1_22' title='bbox 701 1233 810 1292; x_wconf 90' lang='lat' dir='ltr'><strong>scilicet</strong></span> <span class='ocrx_word' id='word_1_23' title='bbox 823 1234 987 1311; x_wconf 82' lang='lat' dir='ltr'><strong>etgloriam</strong></span> <span class='ocrx_word' id='word_1_24' title='bbox 1003 1233 1169 1292; x_wconf 78' lang='lat' dir='ltr'><strong>colestem:</strong></span> <span class='ocrx_word' id='word_1_25' title='bbox 1192 1253 1280 1309; x_wconf 88' lang='lat' dir='ltr'><strong>quum</strong></span> 
     </span>
     <span class='ocr_line' id='line_1_6' title="bbox 90 1333 1278 1411; baseline 0.003 -24"><span class='ocrx_word' id='word_1_26' title='bbox 90 1340 169 1390; x_wconf 90' lang='lat' dir='ltr'><strong>autem</strong></span> <span class='ocrx_word' id='word_1_27' title='bbox 197 1342 353 1408; x_wconf 90' lang='lat' dir='ltr'><strong>peccatum</strong></span> <span class='ocrx_word' id='word_1_28' title='bbox 381 1333 499 1411; x_wconf 85' lang='lat' dir='ltr'><strong>originis</strong></span> <span class='ocrx_word' id='word_1_29' title='bbox 526 1343 671 1411; x_wconf 78' lang='lat' dir='ltr'>negarent,</span> <span class='ocrx_word' id='word_1_30' title='bbox 686 1352 752 1391; x_wconf 88' lang='lat' dir='ltr'><strong>eum</strong></span> <span class='ocrx_word' id='word_1_31' title='bbox 781 1333 974 1391; x_wconf 88' lang='lat' dir='ltr'><strong>necessarium</strong></span> <span class='ocrx_word' id='word_1_32' title='bbox 1000 1351 1058 1391; x_wconf 90' lang='lat' dir='ltr'><strong>non</strong></span> <span class='ocrx_word' id='word_1_33' title='bbox 1080 1333 1216 1410; x_wconf 90' lang='lat' dir='ltr'><strong>putabant</strong></span> <span class='ocrx_word' id='word_1_34' title='bbox 1243 1334 1278 1392; x_wconf 92' lang='lat' dir='ltr'><strong>ad</strong></span> 
     </span>
     <span class='ocr_line' id='line_1_7' title="bbox 92 1430 1280 1505; baseline 0.004 -19"><span class='ocrx_word' id='word_1_35' title='bbox 92 1430 218 1489; x_wconf 84' lang='lat' dir='ltr'><strong>maculam</strong></span> <span class='ocrx_word' id='word_1_36' title='bbox 234 1430 362 1504; x_wconf 84' lang='lat' dir='ltr'><strong>aliquam</strong></span> <span class='ocrx_word' id='word_1_37' title='bbox 377 1431 539 1499; x_wconf 85' lang='lat' dir='ltr'><strong>tollendam,</strong></span> <span class='ocrx_word' id='word_1_38' title='bbox 556 1432 599 1490; x_wconf 91' lang='lat' dir='ltr'><strong>vel</strong></span> <span class='ocrx_word' id='word_1_39' title='bbox 621 1430 656 1490; x_wconf 90' lang='lat' dir='ltr'><strong>ad</strong></span> <span class='ocrx_word' id='word_1_40' title='bbox 677 1430 880 1490; x_wconf 82' lang='lat' dir='ltr'><strong>beatitudinem</strong></span> <span class='ocrx_word' id='word_1_41' title='bbox 894 1431 1036 1505; x_wconf 89' lang='lat' dir='ltr'><strong>quandam</strong></span> <span class='ocrx_word' id='word_1_42' title='bbox 1051 1442 1131 1489; x_wconf 84' lang='lat' dir='ltr'><strong>extra</strong></span> <span class='ocrx_word' id='word_1_43' title='bbox 1144 1433 1280 1491; x_wconf 82' lang='lat' dir='ltr'><strong>crelorum</strong></span> 
     </span>
     <span class='ocr_line' id='line_1_8' title="bbox 92 1529 1284 1606; baseline 0.003 -21"><span class='ocrx_word' id='word_1_44' title='bbox 92 1545 198 1604; x_wconf 83' lang='lat' dir='ltr'><strong>regnum</strong></span> <span class='ocrx_word' id='word_1_45' title='bbox 211 1529 438 1606; x_wconf 82' lang='lat' dir='ltr'><strong>adipiscendam.</strong></span> <span class='ocrx_word' id='word_1_46' title='bbox 480 1532 557 1589; x_wconf 93' lang='lat' dir='ltr'><strong>Inter</strong></span> <span class='ocrx_word' id='word_1_47' title='bbox 569 1529 673 1589; x_wconf 80' lang='lat' dir='ltr'><strong>decimi</strong></span> <span class='ocrx_word' id='word_1_48' title='bbox 682 1530 758 1588; x_wconf 87' lang='lat' dir='ltr'><strong>sexti</strong></span> <span class='ocrx_word' id='word_1_49' title='bbox 771 1531 868 1588; x_wconf 76' lang='lat' dir='ltr'><strong>saeculi</strong></span> <span class='ocrx_word' id='word_1_50' title='bbox 883 1541 1034 1589; x_wconf 80' lang='lat' dir='ltr'><strong>novatores</strong></span> <span class='ocrx_word' id='word_1_51' title='bbox 1046 1531 1173 1589; x_wconf 88' lang='lat' dir='ltr'><strong>Bucerus</strong></span> <span class='ocrx_word' id='word_1_52' title='bbox 1187 1530 1284 1590; x_wconf 87' lang='lat' dir='ltr'><strong>docuit</strong></span> 
     </span>
     <span class='ocr_line' id='line_1_9' title="bbox 94 1625 1285 1706; baseline 0.005 -24"><span class='ocrx_word' id='word_1_53' title='bbox 94 1625 299 1700; x_wconf 78' lang='lat' dir='ltr'><strong>predestinatos</strong></span> <span class='ocrx_word' id='word_1_54' title='bbox 314 1626 435 1704; x_wconf 84' lang='lat' dir='ltr'><strong>adipisci</strong></span> <span class='ocrx_word' id='word_1_55' title='bbox 447 1629 577 1697; x_wconf 88' lang='lat' dir='ltr'><strong>salutem,</strong></span> <span class='ocrx_word' id='word_1_56' title='bbox 590 1629 651 1686; x_wconf 83' lang='lat' dir='ltr'><strong>sive</strong></span> <span class='ocrx_word' id='word_1_57' title='bbox 660 1629 835 1706; x_wconf 89' lang='lat' dir='ltr'><strong>baptismum</strong></span> <span class='ocrx_word' id='word_1_58' title='bbox 846 1629 1034 1705; x_wconf 79' lang='lat' dir='ltr'><strong>susceperint.</strong></span> <span class='ocrx_word' id='word_1_59' title='bbox 1045 1628 1091 1686; x_wconf 89' lang='lat' dir='ltr'><strong>vel</strong></span> <span class='ocrx_word' id='word_1_60' title='bbox 1102 1647 1137 1687; x_wconf 93' lang='lat' dir='ltr'><strong>eo</strong></span> <span class='ocrx_word' id='word_1_61' title='bbox 1146 1633 1285 1688; x_wconf 86' lang='lat' dir='ltr'><strong>careant.¹</strong></span> 
     </span>
     <span class='ocr_line' id='line_1_10' title="bbox 95 1721 1284 1805; baseline 0.006 -27"><span class='ocrx_word' id='word_1_62' title='bbox 95 1721 223 1789; x_wconf 84' lang='lat' dir='ltr'><strong>Calvinus</strong></span> <span class='ocrx_word' id='word_1_63' title='bbox 238 1728 277 1784; x_wconf 89' lang='lat' dir='ltr'><strong>ait</strong></span> <span class='ocrx_word' id='word_1_64' title='bbox 291 1747 300 1784; x_wconf 83' lang='lat' dir='ltr'><strong>t</strong></span> <span class='ocrx_word' id='word_1_65' title='bbox 323 1727 369 1786; x_wconf 86' lang='lat' dir='ltr'><strong>“J</strong></span> <span class='ocrx_word' id='word_1_66' title='bbox 371 1746 417 1785; x_wconf 92' lang='lat' dir='ltr'><strong>am</strong></span> <span class='ocrx_word' id='word_1_67' title='bbox 431 1726 643 1805; x_wconf 86' lang='lat' dir='ltr'><strong>explodendum</strong></span> <span class='ocrx_word' id='word_1_68' title='bbox 657 1746 722 1786; x_wconf 89' lang='lat' dir='ltr'><strong>esse</strong></span> <span class='ocrx_word' id='word_1_69' title='bbox 736 1746 835 1785; x_wconf 88' lang='lat' dir='ltr'><strong>eorum</strong></span> <span class='ocrx_word' id='word_1_70' title='bbox 849 1737 1044 1786; x_wconf 87' lang='lat' dir='ltr'><strong>commentum</strong></span> <span class='ocrx_word' id='word_1_71' title='bbox 1059 1727 1154 1804; x_wconf 88' lang='lat' dir='ltr'><strong>palam</strong></span> <span class='ocrx_word' id='word_1_72' title='bbox 1168 1738 1222 1798; x_wconf 85' lang='lat' dir='ltr'><strong>est,</strong></span> <span class='ocrx_word' id='word_1_73' title='bbox 1234 1729 1284 1802; x_wconf 90' lang='lat' dir='ltr'><strong>qui</strong></span> 
     </span>
     <span class='ocr_line' id='line_1_11' title="bbox 95 1822 1284 1902; baseline 0.007 -27"><span class='ocrx_word' id='word_1_74' title='bbox 95 1836 184 1878; x_wconf 87' lang='lat' dir='ltr'><strong>omnes</strong></span> <span class='ocrx_word' id='word_1_75' title='bbox 198 1840 258 1880; x_wconf 92' lang='lat' dir='ltr'><strong>noo</strong></span> <span class='ocrx_word' id='word_1_76' title='bbox 277 1822 436 1900; x_wconf 84' lang='lat' dir='ltr'><strong>baptizatos</strong></span> <span class='ocrx_word' id='word_1_77' title='bbox 461 1836 571 1883; x_wconf 78' lang='lat' dir='ltr'><strong>eterne</strong></span> <span class='ocrx_word' id='word_1_78' title='bbox 586 1824 670 1882; x_wconf 90' lang='lat' dir='ltr'><strong>morti</strong></span> <span class='ocrx_word' id='word_1_79' title='bbox 684 1822 858 1901; x_wconf 88' lang='lat' dir='ltr'><strong>adjudicant.</strong></span> <span class='ocrx_word' id='word_1_80' title='bbox 899 1822 984 1883; x_wconf 83' lang='lat' dir='ltr'><strong>Clara</strong></span> <span class='ocrx_word' id='word_1_81' title='bbox 1005 1833 1050 1882; x_wconf 91' lang='lat' dir='ltr'><strong>est</strong></span> <span class='ocrx_word' id='word_1_82' title='bbox 1076 1823 1197 1883; x_wconf 89' lang='lat' dir='ltr'><strong>Domini</strong></span> <span class='ocrx_word' id='word_1_83' title='bbox 1219 1844 1284 1902; x_wconf 85' lang='lat' dir='ltr'><strong>pro·</strong></span> 
     </span>
     <span class='ocr_line' id='line_1_12' title="bbox 97 1908 1284 2001; baseline 0.006 -25"><span class='ocrx_word' id='word_1_84' title='bbox 97 1920 206 1978; x_wconf 88' lang='lat' dir='ltr'><strong>missio:</strong></span> <span class='ocrx_word' id='word_1_85' title='bbox 230 1921 451 1996; x_wconf 87' lang='lat' dir='ltr'><strong>Quicumquein</strong></span> <span class='ocrx_word' id='word_1_86' title='bbox 466 1923 571 1981; x_wconf 85' lang='lat' dir='ltr'><strong>Filium</strong></span> <span class='ocrx_word' id='word_1_87' title='bbox 586 1921 714 1989; x_wconf 82' lang='lat' dir='ltr'><strong>credidit,</strong></span> <span class='ocrx_word' id='word_1_88' title='bbox 731 1940 788 1980; x_wconf 90' lang='lat' dir='ltr'><strong>non</strong></span> <span class='ocrx_word' id='word_1_89' title='bbox 804 1923 931 1980; x_wconf 87' lang='lat' dir='ltr'><strong>visurum</strong></span> <span class='ocrx_word' id='word_1_90' title='bbox 944 1931 1074 1990; x_wconf 86' lang='lat' dir='ltr'><strong>mortem,</strong></span> <span class='ocrx_word' id='word_1_91' title='bbox 1090 1908 1142 1981; x_wconf 85' lang='lat' dir='ltr'><strong>uec</strong></span> <span class='ocrx_word' id='word_1_92' title='bbox 1156 1924 1186 1982; x_wconf 91' lang='lat' dir='ltr'><strong>in</strong></span> <span class='ocrx_word' id='word_1_93' title='bbox 1207 1923 1284 2001; x_wconf 91' lang='lat' dir='ltr'><strong>judi·</strong></span> 
     </span>
     <span class='ocr_line' id='line_1_13' title="bbox 97 2015 1284 2099; baseline 0.008 -29"><span class='ocrx_word' id='word_1_94' title='bbox 97 2015 161 2075; x_wconf 91' lang='lat' dir='ltr'><strong>cium</strong></span> <span class='ocrx_word' id='word_1_95' title='bbox 174 2030 336 2087; x_wconf 87' lang='lat' dir='ltr'><strong>venturum,</strong></span> <span class='ocrx_word' id='word_1_96' title='bbox 348 2019 399 2077; x_wconf 87' lang='lat' dir='ltr'><strong>sed</strong></span> <span class='ocrx_word' id='word_1_97' title='bbox 411 2020 558 2078; x_wconf 87' lang='lat' dir='ltr'><strong>transiisse</strong></span> <span class='ocrx_word' id='word_1_98' title='bbox 571 2039 589 2076; x_wconf 91' lang='lat' dir='ltr'><strong>a</strong></span> <span class='ocrx_word' id='word_1_99' title='bbox 600 2030 691 2077; x_wconf 89' lang='lat' dir='ltr'><strong>morte</strong></span> <span class='ocrx_word' id='word_1_100' title='bbox 707 2019 736 2077; x_wconf 91' lang='lat' dir='ltr'><strong>in</strong></span> <span class='ocrx_word' id='word_1_101' title='bbox 752 2019 837 2077; x_wconf 72' lang='lat' dir='ltr'><strong>vimen</strong></span> <span class='ocrx_word' id='word_1_102' title='bbox 859 2016 919 2097; x_wconf 89' lang='lat' dir='ltr'><strong>(Jo.</strong></span> <span class='ocrx_word' id='word_1_103' title='bbox 935 2023 964 2086; x_wconf 78' lang='lat' dir='ltr'><strong>b,</strong></span> <span class='ocrx_word' id='word_1_104' title='bbox 978 2020 1029 2096; x_wconf 76' lang='lat' dir='ltr'><strong>at)</strong></span> <span class='ocrx_word' id='word_1_105' title='bbox 1044 2039 1053 2077; x_wconf 82' lang='lat' dir='ltr'><strong>r</strong></span> <span class='ocrx_word' id='word_1_106' title='bbox 1075 2020 1202 2080; x_wconf 91' lang='lat' dir='ltr'><strong>nondum</strong></span> <span class='ocrx_word' id='word_1_107' title='bbox 1217 2022 1284 2099; x_wconf 90' lang='lat' dir='ltr'><strong>bap·</strong></span> 
     </span>
     <span class='ocr_line' id='line_1_14' title="bbox 99 2113 1283 2196; baseline 0.008 -27"><span class='ocrx_word' id='word_1_108' title='bbox 99 2113 200 2174; x_wconf 85' lang='lat' dir='ltr'><strong>tizatum</strong></span> <span class='ocrx_word' id='word_1_109' title='bbox 218 2117 318 2175; x_wconf 90' lang='lat' dir='ltr'><strong>nullibi</strong></span> <span class='ocrx_word' id='word_1_110' title='bbox 340 2117 492 2176; x_wconf 86' lang='lat' dir='ltr'><strong>damnasse</strong></span> <span class='ocrx_word' id='word_1_111' title='bbox 516 2117 698 2195; x_wconf 89' lang='lat' dir='ltr'><strong>comperitur.</strong></span> <span class='ocrx_word' id='word_1_112' title='bbox 741 2115 826 2182; x_wconf 87' lang='lat' dir='ltr'><strong>Quod</strong></span> <span class='ocrx_word' id='word_1_113' title='bbox 847 2117 876 2174; x_wconf 90' lang='lat' dir='ltr'><strong>in</strong></span> <span class='ocrx_word' id='word_1_114' title='bbox 891 2135 955 2175; x_wconf 91' lang='lat' dir='ltr'><strong>eam</strong></span> <span class='ocrx_word' id='word_1_115' title='bbox 969 2135 986 2175; x_wconf 88' lang='lat' dir='ltr'><strong>a</strong></span> <span class='ocrx_word' id='word_1_116' title='bbox 999 2135 1045 2175; x_wconf 87' lang='lat' dir='ltr'><strong>me</strong></span> <span class='ocrx_word' id='word_1_117' title='bbox 1058 2131 1167 2194; x_wconf 92' lang='lat' dir='ltr'><strong>partem</strong></span> <span class='ocrx_word' id='word_1_118' title='bbox 1191 2120 1283 2196; x_wconf 86' lang='lat' dir='ltr'><strong>accipi</strong></span> 
     </span>
     <span class='ocr_line' id='line_1_15' title="bbox 100 2212 1280 2295; baseline 0.007 -28"><span class='ocrx_word' id='word_1_119' title='bbox 100 2212 164 2279; x_wconf 89' lang='lat' dir='ltr'><strong>nolo,</strong></span> <span class='ocrx_word' id='word_1_120' title='bbox 190 2214 307 2290; x_wconf 80' lang='lat' dir='ltr'><strong>perinde</strong></span> <span class='ocrx_word' id='word_1_121' title='bbox 322 2235 354 2272; x_wconf 90' lang='lat' dir='ltr'><strong>ac</strong></span> <span class='ocrx_word' id='word_1_122' title='bbox 368 2215 393 2272; x_wconf 90' lang='lat' dir='ltr'><strong>si</strong></span> <span class='ocrx_word' id='word_1_123' title='bbox 407 2215 581 2291; x_wconf 91' lang='lat' dir='ltr'><strong>baptismum</strong></span> <span class='ocrx_word' id='word_1_124' title='bbox 606 2216 751 2273; x_wconf 83' lang='lat' dir='ltr'><strong>contemni</strong></span> <span class='ocrx_word' id='word_1_125' title='bbox 775 2219 893 2291; x_wconf 92' lang='lat' dir='ltr'><strong>impune</strong></span> <span class='ocrx_word' id='word_1_126' title='bbox 915 2232 1002 2289; x_wconf 84' lang='lat' dir='ltr'><strong>posse</strong></span> <span class='ocrx_word' id='word_1_127' title='bbox 1030 2214 1179 2274; x_wconf 84' lang='lat' dir='ltr'><strong>innuerem</strong></span> <span class='ocrx_word' id='word_1_128' title='bbox 1208 2214 1280 2295; x_wconf 89' lang='lat' dir='ltr'><strong>(quo</strong></span> 
     </span>
     <span class='ocr_line' id='line_1_16' title="bbox 101 2311 1287 2389; baseline 0.004 -23"><span class='ocrx_word' id='word_1_129' title='bbox 101 2324 251 2389; x_wconf 87' lang='lat' dir='ltr'><strong>contemptu</strong></span> <span class='ocrx_word' id='word_1_130' title='bbox 267 2313 403 2372; x_wconf 91' lang='lat' dir='ltr'><strong>violatum</strong></span> <span class='ocrx_word' id='word_1_131' title='bbox 418 2314 452 2371; x_wconf 91' lang='lat' dir='ltr'><strong>iri</strong></span> <span class='ocrx_word' id='word_1_132' title='bbox 480 2313 598 2371; x_wconf 89' lang='lat' dir='ltr'><strong>Domini</strong></span> <span class='ocrx_word' id='word_1_133' title='bbox 612 2312 705 2371; x_wconf 84' lang='lat' dir='ltr'><strong>fredus</strong></span> <span class='ocrx_word' id='word_1_134' title='bbox 721 2311 850 2369; x_wconf 88' lang='lat' dir='ltr'><strong>affirmo:</strong></span> <span class='ocrx_word' id='word_1_135' title='bbox 873 2322 979 2369; x_wconf 90' lang='lat' dir='ltr'><strong>tantum</strong></span> <span class='ocrx_word' id='word_1_136' title='bbox 991 2313 1080 2378; x_wconf 87' lang='lat' dir='ltr'><strong>abest,</strong></span> <span class='ocrx_word' id='word_1_137' title='bbox 1096 2322 1127 2369; x_wconf 93' lang='lat' dir='ltr'><strong>ut</strong></span> <span class='ocrx_word' id='word_1_138' title='bbox 1149 2330 1287 2371; x_wconf 77' lang='lat' dir='ltr'><strong>excusare</strong></span> 
     </span>
     <span class='ocr_line' id='line_1_17' title="bbox 101 2406 1285 2486; baseline 0.005 -23"><span class='ocrx_word' id='word_1_139' title='bbox 101 2410 280 2486; x_wconf 85' lang='lat' dir='ltr'><strong>sustineam):</strong></span> <span class='ocrx_word' id='word_1_140' title='bbox 316 2421 424 2470; x_wconf 89' lang='lat' dir='ltr'><strong>tanturn</strong></span> <span class='ocrx_word' id='word_1_141' title='bbox 449 2412 580 2471; x_wconf 88' lang='lat' dir='ltr'><strong>evincere</strong></span> <span class='ocrx_word' id='word_1_142' title='bbox 608 2410 724 2476; x_wconf 85' lang='lat' dir='ltr'><strong>sufficit,</strong></span> <span class='ocrx_word' id='word_1_143' title='bbox 753 2427 811 2467; x_wconf 92' lang='lat' dir='ltr'><strong>non</strong></span> <span class='ocrx_word' id='word_1_144' title='bbox 840 2427 905 2467; x_wconf 84' lang='lat' dir='ltr'><strong>esse</strong></span> <span class='ocrx_word' id='word_1_145' title='bbox 928 2406 1001 2466; x_wconf 86' lang='lat' dir='ltr'><strong>adeo</strong></span> <span class='ocrx_word' id='word_1_146' title='bbox 1024 2411 1228 2479; x_wconf 85' lang='lat' dir='ltr'><strong>necessarium,</strong></span> <span class='ocrx_word' id='word_1_147' title='bbox 1253 2419 1285 2468; x_wconf 87' lang='lat' dir='ltr'><strong>ut</strong></span> 
     </span>
     <span class='ocr_line' id='line_1_18' title="bbox 101 2505 1286 2586; baseline 0 -22"><span class='ocrx_word' id='word_1_148' title='bbox 101 2509 206 2581; x_wconf 88' lang='lat' dir='ltr'><strong>periisse</strong></span> <span class='ocrx_word' id='word_1_149' title='bbox 221 2509 351 2586; x_wconf 90' lang='lat' dir='ltr'><strong>protinus</strong></span> <span class='ocrx_word' id='word_1_150' title='bbox 376 2510 554 2568; x_wconf 83' lang='lat' dir='ltr'><strong>existimetur</strong></span> <span class='ocrx_word' id='word_1_151' title='bbox 578 2507 625 2566; x_wconf 92' lang='lat' dir='ltr'><strong>cui</strong></span> <span class='ocrx_word' id='word_1_152' title='bbox 637 2507 702 2584; x_wconf 89' lang='lat' dir='ltr'><strong>ejus</strong></span> <span class='ocrx_word' id='word_1_153' title='bbox 716 2505 862 2565; x_wconf 89' lang='lat' dir='ltr'><strong>obtinendi</strong></span> <span class='ocrx_word' id='word_1_154' title='bbox 877 2505 1009 2583; x_wconf 89' lang='lat' dir='ltr'><strong>adempta</strong></span> <span class='ocrx_word' id='word_1_155' title='bbox 1022 2505 1106 2564; x_wconf 88' lang='lat' dir='ltr'><strong>fuerit</strong></span> <span class='ocrx_word' id='word_1_156' title='bbox 1119 2506 1286 2566; x_wconf 82' lang='lat' dir='ltr'><strong>facultas.&#39;’⁸</strong></span> 
     </span>
     <span class='ocr_line' id='line_1_19' title="bbox 102 2603 1285 2684; baseline 0.003 -22"><span class='ocrx_word' id='word_1_157' title='bbox 102 2605 199 2667; x_wconf 89' lang='lat' dir='ltr'><strong>Patrem</strong></span> <span class='ocrx_word' id='word_1_158' title='bbox 215 2627 300 2666; x_wconf 86' lang='lat' dir='ltr'><strong>suum</strong></span> <span class='ocrx_word' id='word_1_159' title='bbox 322 2619 480 2681; x_wconf 85' lang='lat' dir='ltr'><strong>sequuntur</strong></span> <span class='ocrx_word' id='word_1_160' title='bbox 501 2605 714 2682; x_wconf 88' lang='lat' dir='ltr'><strong>Presbyteriani</strong></span> <span class='ocrx_word' id='word_1_161' title='bbox 736 2603 891 2663; x_wconf 82' lang='lat' dir='ltr'><strong>hodierni.⁸</strong></span> <span class='ocrx_word' id='word_1_162' title='bbox 932 2604 1055 2663; x_wconf 92' lang='lat' dir='ltr'><strong>Unitarii</strong></span> <span class='ocrx_word' id='word_1_163' title='bbox 1080 2605 1188 2663; x_wconf 88' lang='lat' dir='ltr'><strong>nullam</strong></span> <span class='ocrx_word' id='word_1_164' title='bbox 1214 2606 1285 2684; x_wconf 84' lang='lat' dir='ltr'><strong>bap·</strong></span> 
     </span>
     <span class='ocr_line' id='line_1_20' title="bbox 102 2702 1285 2784; baseline 0.003 -23"><span class='ocrx_word' id='word_1_165' title='bbox 102 2703 165 2763; x_wconf 90' lang='lat' dir='ltr'><strong>tismi</strong></span> <span class='ocrx_word' id='word_1_166' title='bbox 180 2708 222 2764; x_wconf 88' lang='lat' dir='ltr'><strong>vel</strong></span> <span class='ocrx_word' id='word_1_167' title='bbox 238 2707 448 2774; x_wconf 88' lang='lat' dir='ltr'><strong>necessitatem,</strong></span> <span class='ocrx_word' id='word_1_168' title='bbox 464 2706 509 2763; x_wconf 89' lang='lat' dir='ltr'><strong>vel</strong></span> <span class='ocrx_word' id='word_1_169' title='bbox 523 2706 644 2764; x_wconf 91' lang='lat' dir='ltr'><strong>fructum</strong></span> <span class='ocrx_word' id='word_1_170' title='bbox 657 2712 825 2782; x_wconf 85' lang='lat' dir='ltr'><strong>agnoscunt,</strong></span> <span class='ocrx_word' id='word_1_171' title='bbox 840 2702 890 2761; x_wconf 89' lang='lat' dir='ltr'><strong>sed</strong></span> <span class='ocrx_word' id='word_1_172' title='bbox 903 2721 968 2761; x_wconf 89' lang='lat' dir='ltr'><strong>eum</strong></span> <span class='ocrx_word' id='word_1_173' title='bbox 985 2702 1091 2762; x_wconf 87' lang='lat' dir='ltr'><strong>habent</strong></span> <span class='ocrx_word' id='word_1_174' title='bbox 1103 2704 1191 2763; x_wconf 82' lang='lat' dir='ltr'><strong>veluti</strong></span> <span class='ocrx_word' id='word_1_175' title='bbox 1204 2722 1285 2784; x_wconf 81' lang='lat' dir='ltr'><strong>sym·</strong></span> 
     </span>
     <span class='ocr_line' id='line_1_21' title="bbox 102 2800 1283 2881; baseline 0 -20"><span class='ocrx_word' id='word_1_176' title='bbox 102 2803 183 2862; x_wconf 88' lang='lat' dir='ltr'><strong>bolum</strong></span> <span class='ocrx_word' id='word_1_177' title='bbox 197 2804 342 2879; x_wconf 85' lang='lat' dir='ltr'><strong>quoddam</strong></span> <span class='ocrx_word' id='word_1_178' title='bbox 357 2803 543 2881; x_wconf 77' lang='lat' dir='ltr'><strong>professionis</strong></span> <span class='ocrx_word' id='word_1_179' title='bbox 555 2802 718 2862; x_wconf 82' lang='lat' dir='ltr'><strong>christianae</strong></span> <span class='ocrx_word' id='word_1_180' title='bbox 729 2801 760 2859; x_wconf 91' lang='lat' dir='ltr'><strong>in</strong></span> <span class='ocrx_word' id='word_1_181' title='bbox 774 2800 936 2877; x_wconf 85' lang='lat' dir='ltr'><strong>primordiis</strong></span> <span class='ocrx_word' id='word_1_182' title='bbox 951 2800 1091 2859; x_wconf 77' lang='lat' dir='ltr'><strong>Ecclesia</strong></span> <span class='ocrx_word' id='word_1_183' title='bbox 1104 2813 1283 2878; x_wconf 87' lang='lat' dir='ltr'><strong>usurpatum.</strong></span> 
     </span>
     <span class='ocr_line' id='line_1_22' title="bbox 103 2896 1285 2978; baseline -0.003 -19"><span class='ocrx_word' id='word_1_184' title='bbox 103 2900 229 2978; x_wconf 83' lang='lat' dir='ltr'><strong>baptismi</strong></span> <span class='ocrx_word' id='word_1_185' title='bbox 257 2901 456 2961; x_wconf 88' lang='lat' dir='ltr'><strong>necessitatem</strong></span> <span class='ocrx_word' id='word_1_186' title='bbox 485 2899 642 2958; x_wconf 87' lang='lat' dir='ltr'><strong>absolutam</strong></span> <span class='ocrx_word' id='word_1_187' title='bbox 670 2917 729 2957; x_wconf 87' lang='lat' dir='ltr'><strong>non</strong></span> <span class='ocrx_word' id='word_1_188' title='bbox 750 2896 901 2956; x_wconf 89' lang='lat' dir='ltr'><strong>admittunt</strong></span> <span class='ocrx_word' id='word_1_189' title='bbox 928 2897 1075 2974; x_wconf 72' lang='lat' dir='ltr'><strong>Baptistae,</strong></span> <span class='ocrx_word' id='word_1_190' title='bbox 1100 2916 1155 2956; x_wconf 90' lang='lat' dir='ltr'><strong>nec</strong></span> <span class='ocrx_word' id='word_1_191' title='bbox 1176 2899 1285 2957; x_wconf 88' lang='lat' dir='ltr'><strong>enirna</strong></span> 
     </span>
     <span class='ocr_line' id='line_1_23' title="bbox 101 2995 1284 3081; baseline -0.001 -26"><span class='ocrx_word' id='word_1_192' title='bbox 101 3001 177 3059; x_wconf 88' lang='lat' dir='ltr'><strong>salute</strong></span> <span class='ocrx_word' id='word_1_193' title='bbox 190 3000 347 3060; x_wconf 82' lang='lat' dir='ltr'><strong>excludunt</strong></span> <span class='ocrx_word' id='word_1_194' title='bbox 360 3018 410 3057; x_wconf 91' lang='lat' dir='ltr'><strong>eos</strong></span> <span class='ocrx_word' id='word_1_195' title='bbox 424 2998 472 3072; x_wconf 90' lang='lat' dir='ltr'><strong>qui</strong></span> <span class='ocrx_word' id='word_1_196' title='bbox 482 2997 547 3055; x_wconf 91' lang='lat' dir='ltr'><strong>fidei</strong></span> <span class='ocrx_word' id='word_1_197' title='bbox 562 3016 619 3055; x_wconf 91' lang='lat' dir='ltr'><strong>non</strong></span> <span class='ocrx_word' id='word_1_198' title='bbox 633 3007 710 3065; x_wconf 78' lang='lat' dir='ltr'><strong>sunt.</strong></span> <span class='ocrx_word' id='word_1_199' title='bbox 725 2996 832 3055; x_wconf 80' lang='lat' dir='ltr'><strong>radone</strong></span> <span class='ocrx_word' id='word_1_200' title='bbox 847 2995 947 3064; x_wconf 79' lang='lat' dir='ltr'><strong>etatis,</strong></span> <span class='ocrx_word' id='word_1_201' title='bbox 958 3014 1088 3081; x_wconf 82' lang='lat' dir='ltr'><strong>capaces,</strong></span> <span class='ocrx_word' id='word_1_202' title='bbox 1103 3014 1157 3055; x_wconf 92' lang='lat' dir='ltr'><strong>nec</strong></span> <span class='ocrx_word' id='word_1_203' title='bbox 1171 2996 1284 3054; x_wconf 88' lang='lat' dir='ltr'><strong>infanti·</strong></span> 
     </span>
     <span class='ocr_line' id='line_1_24' title="bbox 102 3092 1288 3163; baseline -0.003 -8"><span class='ocrx_word' id='word_1_204' title='bbox 102 3098 145 3156; x_wconf 91' lang='lat' dir='ltr'><strong>bus</strong></span> <span class='ocrx_word' id='word_1_205' title='bbox 158 3120 222 3158; x_wconf 88' lang='lat' dir='ltr'><strong>eum</strong></span> <span class='ocrx_word' id='word_1_206' title='bbox 237 3099 445 3158; x_wconf 85' lang='lat' dir='ltr'><strong>administrant.</strong></span> <span class='ocrx_word' id='word_1_207' title='bbox 488 3097 566 3154; x_wconf 89' lang='lat' dir='ltr'><strong>Eum</strong></span> <span class='ocrx_word' id='word_1_208' title='bbox 580 3107 675 3154; x_wconf 90' lang='lat' dir='ltr'><strong>tamen</strong></span> <span class='ocrx_word' id='word_1_209' title='bbox 689 3108 793 3154; x_wconf 84' lang='lat' dir='ltr'><strong>vocant</strong></span> <span class='ocrx_word' id='word_1_210' title='bbox 807 3113 940 3163; x_wconf 81' lang='lat' dir='ltr'><strong>una-cum</strong></span> <span class='ocrx_word' id='word_1_211' title='bbox 954 3113 1036 3153; x_wconf 87' lang='lat' dir='ltr'><strong>coena</strong></span> <span class='ocrx_word' id='word_1_212' title='bbox 1047 3092 1159 3153; x_wconf 83' lang='lat' dir='ltr'><strong>Christi</strong></span> <span class='ocrx_word' id='word_1_213' title='bbox 1168 3093 1288 3153; x_wconf 90' lang='lat' dir='ltr'><strong>Domini</strong></span> 
     </span>
     <span class='ocr_line' id='line_1_25' title="bbox 102 3191 1289 3269; baseline -0.003 -15"><span class='ocrx_word' id='word_1_214' title='bbox 102 3195 215 3256; x_wconf 86' lang='lat' dir='ltr'><strong>instituta</strong></span> <span class='ocrx_word' id='word_1_215' title='bbox 228 3209 257 3256; x_wconf 91' lang='lat' dir='ltr'><strong>et</strong></span> <span class='ocrx_word' id='word_1_216' title='bbox 271 3195 427 3255; x_wconf 87' lang='lat' dir='ltr'><strong>mandata.⁴</strong></span> <span class='ocrx_word' id='word_1_217' title='bbox 466 3193 514 3251; x_wconf 86' lang='lat' dir='ltr'><strong>Ex</strong></span> <span class='ocrx_word' id='word_1_218' title='bbox 537 3204 578 3251; x_wconf 91' lang='lat' dir='ltr'><strong>tot</strong></span> <span class='ocrx_word' id='word_1_219' title='bbox 601 3193 743 3251; x_wconf 81' lang='lat' dir='ltr'><strong>erroribus</strong></span> <span class='ocrx_word' id='word_1_220' title='bbox 758 3191 884 3250; x_wconf 84' lang='lat' dir='ltr'><strong>derivata</strong></span> <span class='ocrx_word' id='word_1_221' title='bbox 905 3201 950 3249; x_wconf 89' lang='lat' dir='ltr'><strong>est</strong></span> <span class='ocrx_word' id='word_1_222' title='bbox 973 3192 1023 3250; x_wconf 91' lang='lat' dir='ltr'><strong>illa</strong></span> <span class='ocrx_word' id='word_1_223' title='bbox 1043 3191 1179 3267; x_wconf 87' lang='lat' dir='ltr'><strong>baptismi</strong></span> <span class='ocrx_word' id='word_1_224' title='bbox 1199 3192 1289 3269; x_wconf 77' lang='lat' dir='ltr'><strong>negli-</strong></span> 
     </span>
     <span class='ocr_line' id='line_1_26' title="bbox 101 3288 1291 3370; baseline -0.007 -17"><span class='ocrx_word' id='word_1_225' title='bbox 101 3296 193 3370; x_wconf 74' lang='lat' dir='ltr'><strong>gentia,</strong></span> <span class='ocrx_word' id='word_1_226' title='bbox 217 3296 247 3353; x_wconf 92' lang='lat' dir='ltr'><strong>in</strong></span> <span class='ocrx_word' id='word_1_227' title='bbox 280 3295 327 3352; x_wconf 88' lang='lat' dir='ltr'><strong>his</strong></span> <span class='ocrx_word' id='word_1_228' title='bbox 345 3291 508 3368; x_wconf 85' lang='lat' dir='ltr'><strong>regionibus</strong></span> <span class='ocrx_word' id='word_1_229' title='bbox 530 3289 673 3366; x_wconf 88' lang='lat' dir='ltr'><strong>plerisque</strong></span> <span class='ocrx_word' id='word_1_230' title='bbox 694 3289 822 3348; x_wconf 80' lang='lat' dir='ltr'><strong>sectariis</strong></span> <span class='ocrx_word' id='word_1_231' title='bbox 847 3289 1018 3347; x_wconf 86' lang='lat' dir='ltr'><strong>communis.</strong></span> <span class='ocrx_word' id='word_1_232' title='bbox 1075 3288 1291 3365; x_wconf 87' lang='lat' dir='ltr'><strong>Episcopaliani</strong></span> 
     </span>
     <span class='ocr_line' id='line_1_27' title="bbox 101 3385 1288 3473; baseline -0.008 -19"><span class='ocrx_word' id='word_1_233' title='bbox 101 3396 225 3473; x_wconf 76' lang='lat' dir='ltr'><strong>precepti</strong></span> <span class='ocrx_word' id='word_1_234' title='bbox 249 3393 459 3456; x_wconf 89' lang='lat' dir='ltr'><strong>necessitatem,</strong></span> <span class='ocrx_word' id='word_1_235' title='bbox 479 3408 536 3446; x_wconf 94' lang='lat' dir='ltr'><strong>non</strong></span> <span class='ocrx_word' id='word_1_236' title='bbox 562 3386 654 3446; x_wconf 77' lang='lat' dir='ltr'><strong>medii</strong></span> <span class='ocrx_word' id='word_1_237' title='bbox 668 3386 819 3446; x_wconf 89' lang='lat' dir='ltr'><strong>admittunt</strong></span> <span class='ocrx_word' id='word_1_238' title='bbox 828 3390 851 3445; x_wconf 84' lang='lat'><strong>:⁸</strong></span> <span class='ocrx_word' id='word_1_239' title='bbox 871 3386 941 3460; x_wconf 90' lang='lat' dir='ltr'><strong>quin</strong></span> <span class='ocrx_word' id='word_1_240' title='bbox 960 3385 1134 3444; x_wconf 87' lang='lat' dir='ltr'><strong>diffiteantur</strong></span> <span class='ocrx_word' id='word_1_241' title='bbox 1153 3388 1182 3443; x_wconf 90' lang='lat' dir='ltr'><strong>in</strong></span> <span class='ocrx_word' id='word_1_242' title='bbox 1199 3386 1288 3444; x_wconf 88' lang='lat' dir='ltr'><strong>veteri</strong></span> 
     </span>
     <span class='ocr_line' id='line_1_28' title="bbox 103 3486 686 3564; baseline -0.014 -12"><span class='ocrx_word' id='word_1_243' title='bbox 103 3492 223 3551; x_wconf 82' lang='lat' dir='ltr'><strong>Ecclesia</strong></span> <span class='ocrx_word' id='word_1_244' title='bbox 234 3491 434 3551; x_wconf 88' lang='lat' dir='ltr'><strong>necessitatem</strong></span> <span class='ocrx_word' id='word_1_245' title='bbox 450 3486 539 3546; x_wconf 85' lang='lat' dir='ltr'><strong>medii</strong></span> <span class='ocrx_word' id='word_1_246' title='bbox 552 3488 686 3564; x_wconf 86' lang='lat' dir='ltr'><strong>agnitam.</strong></span> 
     </span>
    </p>

    <p class='ocr_par' dir='ltr' id='par_1_5' title="bbox 104 3579 1335 3860">
     <span class='ocr_line' id='line_1_29' title="bbox 147 3579 1284 3660; baseline -0.007 -11"><span class='ocrx_word' id='word_1_247' title='bbox 147 3595 209 3649; x_wconf 80' lang='lat'>131.</span> <span class='ocrx_word' id='word_1_248' title='bbox 245 3588 456 3649; x_wconf 85' lang='lat' dir='ltr'><strong>Necessitatem</strong></span> <span class='ocrx_word' id='word_1_249' title='bbox 483 3584 618 3660; x_wconf 91' lang='lat' dir='ltr'><strong>baptismi</strong></span> <span class='ocrx_word' id='word_1_250' title='bbox 646 3601 746 3642; x_wconf 84' lang='lat' dir='ltr'><strong>omnes</strong></span> <span class='ocrx_word' id='word_1_251' title='bbox 770 3593 929 3658; x_wconf 79' lang='lat' dir='ltr'><strong>agnoscunt</strong></span> <span class='ocrx_word' id='word_1_252' title='bbox 951 3579 1116 3638; x_wconf 77' lang='lat' dir='ltr'><strong>Catholici:</strong></span> <span class='ocrx_word' id='word_1_253' title='bbox 1152 3579 1284 3641; x_wconf 77' lang='lat' dir='ltr'><strong>doctores</strong></span> 
     </span>
     <span class='ocr_line' id='line_1_30' title="bbox 104 3679 1335 3762; baseline -0.005 -13"><span class='ocrx_word' id='word_1_254' title='bbox 104 3705 185 3751; x_wconf 88' lang='lat' dir='ltr'><strong>autem</strong></span> <span class='ocrx_word' id='word_1_255' title='bbox 213 3687 383 3749; x_wconf 88' lang='lat' dir='ltr'><strong>Scholastici</strong></span> <span class='ocrx_word' id='word_1_256' title='bbox 410 3685 555 3762; x_wconf 87' lang='lat' dir='ltr'><strong>duplicem</strong></span> <span class='ocrx_word' id='word_1_257' title='bbox 581 3683 658 3741; x_wconf 90' lang='lat' dir='ltr'><strong>illam</strong></span> <span class='ocrx_word' id='word_1_258' title='bbox 684 3701 770 3756; x_wconf 89' lang='lat' dir='ltr'><strong>quam</strong></span> <span class='ocrx_word' id='word_1_259' title='bbox 795 3699 863 3740; x_wconf 85' lang='lat' dir='ltr'><strong>mox</strong></span> <span class='ocrx_word' id='word_1_260' title='bbox 883 3679 1082 3747; x_wconf 80' lang='lat' dir='ltr'><strong>indicavimus,</strong></span> <span class='ocrx_word' id='word_1_261' title='bbox 1110 3680 1286 3760; x_wconf 81' lang='lat' dir='ltr'><strong>distinguere</strong></span> <span class='ocrx_word' id='word_1_262' title='bbox 1332 3706 1335 3713; x_wconf 91' lang='lat'>·</span> 
     </span>
     <span class='ocr_line' id='line_1_31' title="bbox 104 3776 1288 3860; baseline -0.009 -11"><span class='ocrx_word' id='word_1_263' title='bbox 104 3789 187 3848; x_wconf 80' lang='lat' dir='ltr'><strong>solent</strong></span> <span class='ocrx_word' id='word_1_264' title='bbox 207 3788 418 3848; x_wconf 78' lang='lat' dir='ltr'><strong>necessitatem.</strong></span> <span class='ocrx_word' id='word_1_265' title='bbox 439 3781 579 3860; x_wconf 75' lang='lat' dir='ltr'><strong>precepti</strong></span> <span class='ocrx_word' id='word_1_266' title='bbox 592 3780 704 3838; x_wconf 90' lang='lat' dir='ltr'><strong>scilicet</strong></span> <span class='ocrx_word' id='word_1_267' title='bbox 716 3791 745 3838; x_wconf 91' lang='lat' dir='ltr'><strong>et</strong></span> <span class='ocrx_word' id='word_1_268' title='bbox 763 3777 864 3838; x_wconf 82' lang='lat' dir='ltr'><strong>medii.</strong></span> <span class='ocrx_word' id='word_1_269' title='bbox 905 3778 959 3837; x_wconf 89' lang='lat' dir='ltr'><strong>Illa</strong></span> <span class='ocrx_word' id='word_1_270' title='bbox 971 3778 1061 3837; x_wconf 87' lang='lat' dir='ltr'><strong>oritur</strong></span> <span class='ocrx_word' id='word_1_271' title='bbox 1073 3796 1110 3836; x_wconf 83' lang='lat' dir='ltr'><strong>ex</strong></span> <span class='ocrx_word' id='word_1_272' title='bbox 1124 3776 1187 3856; x_wconf 88' lang='lat' dir='ltr'><strong>lege</strong></span> <span class='ocrx_word' id='word_1_273' title='bbox 1202 3797 1288 3853; x_wconf 90' lang='lat' dir='ltr'><strong>quam</strong></span> 
     </span>
    </p>
   </div>
   <div class='ocr_carea' id='block_1_5' title="bbox 107 3983 1292 4648">
    <p class='ocr_par' dir='ltr' id='par_1_6' title="bbox 133 3983 383 4052">
     <span class='ocr_line' id='line_1_32' title="bbox 133 3983 383 4052; baseline -0.008 -18"><span class='ocrx_word' id='word_1_274' title='bbox 133 3987 172 4052; x_wconf 87' lang='lat'><strong>(1)</strong></span> <span class='ocrx_word' id='word_1_275' title='bbox 192 3986 222 4036; x_wconf 91' lang='lat' dir='ltr'><strong>ln</strong></span> <span class='ocrx_word' id='word_1_276' title='bbox 237 4001 259 4036; x_wconf 84' lang='lat' dir='ltr'><strong>c.</strong></span> <span class='ocrx_word' id='word_1_277' title='bbox 274 3984 310 4035; x_wconf 84' lang='lat' dir='ltr'><strong>iii.</strong></span> <span class='ocrx_word' id='word_1_278' title='bbox 321 3983 383 4034; x_wconf 81' lang='lat' dir='ltr'><strong>Met.</strong></span> 
     </span>
    </p>

    <p class='ocr_par' dir='ltr' id='par_1_7' title="bbox 134 4067 504 4138">
     <span class='ocr_line' id='line_1_33' title="bbox 134 4067 504 4138; baseline -0.005 -17"><span class='ocrx_word' id='word_1_279' title='bbox 134 4072 172 4138; x_wconf 73' lang='lat'><strong>(2)</strong></span> <span class='ocrx_word' id='word_1_280' title='bbox 191 4073 250 4123; x_wconf 81' lang='lat' dir='ltr'><strong>lust</strong></span> <span class='ocrx_word' id='word_1_281' title='bbox 260 4072 277 4122; x_wconf 84' lang='lat' dir='ltr'><strong>l.</strong></span> <span class='ocrx_word' id='word_1_282' title='bbox 287 4071 320 4121; x_wconf 84' lang='lat' dir='ltr'><strong>iv.</strong></span> <span class='ocrx_word' id='word_1_283' title='bbox 333 4085 354 4119; x_wconf 85' lang='lat' dir='ltr'><strong>c.</strong></span> <span class='ocrx_word' id='word_1_284' title='bbox 365 4067 416 4119; x_wconf 82' lang='lat' dir='ltr'><strong>xvi.</strong></span> <span class='ocrx_word' id='word_1_285' title='bbox 424 4083 450 4118; x_wconf 89' lang='lat' dir='ltr'><strong>n.</strong></span> <span class='ocrx_word' id='word_1_286' title='bbox 462 4067 504 4119; x_wconf 78' lang='lat'><strong>26·</strong></span> 
     </span>
    </p>

    <p class='ocr_par' dir='ltr' id='par_1_8' title="bbox 107 4141 1292 4390">
     <span class='ocr_line' id='line_1_34' title="bbox 134 4141 1291 4222; baseline -0.01 -14"><span class='ocrx_word' id='word_1_287' title='bbox 134 4161 168 4220; x_wconf 82' lang='grc'><strong>(3)</strong></span> <span class='ocrx_word' id='word_1_288' title='bbox 183 4166 198 4191; x_wconf 84' lang='grc'>“</span> <span class='ocrx_word' id='word_1_289' title='bbox 207 4157 334 4222; x_wconf 70' lang='lat' dir='ltr'><strong>Altbouglr</strong></span> <span class='ocrx_word' id='word_1_290' title='bbox 342 4156 363 4206; x_wconf 89' lang='lat' dir='ltr'><strong>it</strong></span> <span class='ocrx_word' id='word_1_291' title='bbox 377 4157 408 4205; x_wconf 85' lang='lat' dir='ltr'><strong>be</strong></span> <span class='ocrx_word' id='word_1_292' title='bbox 419 4171 435 4204; x_wconf 89' lang='lat' dir='ltr'><strong>a</strong></span> <span class='ocrx_word' id='word_1_293' title='bbox 445 4159 513 4216; x_wconf 82' lang='lat' dir='ltr'><strong>great</strong></span> <span class='ocrx_word' id='word_1_294' title='bbox 523 4150 563 4200; x_wconf 86' lang='lat' dir='ltr'><strong>sin</strong></span> <span class='ocrx_word' id='word_1_295' title='bbox 574 4156 600 4199; x_wconf 88' lang='lat' dir='ltr'><strong>te</strong></span> <span class='ocrx_word' id='word_1_296' title='bbox 610 4153 726 4199; x_wconf 81' lang='lat' dir='ltr'><strong>contentu</strong></span> <span class='ocrx_word' id='word_1_297' title='bbox 735 4160 762 4194; x_wconf 88' lang='lat' dir='ltr'><strong>or</strong></span> <span class='ocrx_word' id='word_1_298' title='bbox 771 4145 868 4207; x_wconf 79' lang='lat' dir='ltr'><strong>neglect</strong></span> <span class='ocrx_word' id='word_1_299' title='bbox 879 4143 928 4195; x_wconf 90' lang='lat' dir='ltr'><strong>this</strong></span> <span class='ocrx_word' id='word_1_300' title='bbox 939 4141 1081 4208; x_wconf 86' lang='lat' dir='ltr'><strong>ordinance,</strong></span> <span class='ocrx_word' id='word_1_301' title='bbox 1100 4155 1143 4213; x_wconf 81' lang='lat' dir='ltr'><strong>yet</strong></span> <span class='ocrx_word' id='word_1_302' title='bbox 1160 4163 1231 4211; x_wconf 73' lang='lat' dir='ltr'><strong>grace</strong></span> <span class='ocrx_word' id='word_1_303' title='bbox 1242 4147 1291 4198; x_wconf 83' lang='lat' dir='ltr'><strong>and</strong></span> 
     </span>
     <span class='ocr_line' id='line_1_35' title="bbox 107 4231 1292 4306; baseline -0.011 -12"><span class='ocrx_word' id='word_1_304' title='bbox 107 4245 211 4297; x_wconf 74' lang='lat' dir='ltr'><strong>niratica</strong></span> <span class='ocrx_word' id='word_1_305' title='bbox 223 4263 262 4296; x_wconf 90' lang='lat' dir='ltr'><strong>are</strong></span> <span class='ocrx_word' id='word_1_306' title='bbox 273 4254 318 4296; x_wconf 91' lang='lat' dir='ltr'><strong>not</strong></span> <span class='ocrx_word' id='word_1_307' title='bbox 328 4259 357 4294; x_wconf 82' lang='lat' dir='ltr'><strong>so</strong></span> <span class='ocrx_word' id='word_1_308' title='bbox 366 4239 519 4306; x_wconf 86' lang='lat' dir='ltr'><strong>inseparably</strong></span> <span class='ocrx_word' id='word_1_309' title='bbox 530 4235 642 4288; x_wconf 86' lang='lat' dir='ltr'><strong>annexed</strong></span> <span class='ocrx_word' id='word_1_310' title='bbox 655 4243 716 4284; x_wconf 94' lang='lat' dir='ltr'><strong>unto</strong></span> <span class='ocrx_word' id='word_1_311' title='bbox 727 4233 755 4294; x_wconf 82' lang='lat' dir='ltr'><strong>it,</strong></span> <span class='ocrx_word' id='word_1_312' title='bbox 763 4248 790 4282; x_wconf 87' lang='lat' dir='ltr'><strong>as</strong></span> <span class='ocrx_word' id='word_1_313' title='bbox 801 4231 854 4282; x_wconf 87' lang='lat' dir='ltr'><strong>that</strong></span> <span class='ocrx_word' id='word_1_314' title='bbox 864 4247 898 4281; x_wconf 85' lang='lat' dir='ltr'><strong>no</strong></span> <span class='ocrx_word' id='word_1_315' title='bbox 908 4247 997 4296; x_wconf 86' lang='lat' dir='ltr'><strong>parson</strong></span> <span class='ocrx_word' id='word_1_316' title='bbox 1008 4251 1055 4285; x_wconf 79' lang='lat' dir='ltr'><strong>cen</strong></span> <span class='ocrx_word' id='word_1_317' title='bbox 1062 4237 1092 4286; x_wconf 91' lang='lat' dir='ltr'><strong>be</strong></span> <span class='ocrx_word' id='word_1_318' title='bbox 1099 4234 1253 4298; x_wconf 75' lang='lat' dir='ltr'><strong>regenerated</strong></span> <span class='ocrx_word' id='word_1_319' title='bbox 1265 4249 1292 4284; x_wconf 92' lang='lat' dir='ltr'><strong>or</strong></span> 
     </span>
     <span class='ocr_line' id='line_1_36' title="bbox 108 4316 980 4390; baseline -0.015 -11"><span class='ocrx_word' id='word_1_320' title='bbox 108 4331 170 4382; x_wconf 73' lang='lat' dir='ltr'><strong>eret</strong></span> <span class='ocrx_word' id='word_1_321' title='bbox 179 4331 281 4383; x_wconf 75' lang='lat' dir='ltr'><strong>without</strong></span> <span class='ocrx_word' id='word_1_322' title='bbox 288 4328 331 4381; x_wconf 84' lang='lat' dir='ltr'><strong>it.”</strong></span> <span class='ocrx_word' id='word_1_323' title='bbox 365 4323 535 4390; x_wconf 85' lang='lat' dir='ltr'><strong>Presbyterian</strong></span> <span class='ocrx_word' id='word_1_324' title='bbox 546 4321 683 4373; x_wconf 80' lang='lat' dir='ltr'><strong>confession</strong></span> <span class='ocrx_word' id='word_1_325' title='bbox 695 4317 797 4376; x_wconf 72' lang='lat' dir='ltr'><strong>offrith,</strong></span> <span class='ocrx_word' id='word_1_326' title='bbox 807 4316 845 4366; x_wconf 89' lang='lat' dir='ltr'><strong>ch.</strong></span> <span class='ocrx_word' id='word_1_327' title='bbox 857 4316 945 4370; x_wconf 70' lang='lat' dir='ltr'><strong>ravin.</strong></span> <span class='ocrx_word' id='word_1_328' title='bbox 956 4322 980 4368; x_wconf 81' lang='lat'><strong>5.</strong></span> 
     </span>
    </p>

    <p class='ocr_par' dir='ltr' id='par_1_9' title="bbox 110 4403 1291 4648">
     <span class='ocr_line' id='line_1_37' title="bbox 138 4403 1288 4484; baseline -0.014 -15"><span class='ocrx_word' id='word_1_329' title='bbox 138 4418 174 4484; x_wconf 83' lang='grc'><strong>(4)</strong></span> <span class='ocrx_word' id='word_1_330' title='bbox 189 4426 204 4450; x_wconf 84' lang='grc'><strong>“</strong></span> <span class='ocrx_word' id='word_1_331' title='bbox 214 4417 325 4484; x_wconf 85' lang='lat' dir='ltr'><strong>Baptism</strong></span> <span class='ocrx_word' id='word_1_332' title='bbox 336 4414 385 4464; x_wconf 89' lang='lat' dir='ltr'><strong>and</strong></span> <span class='ocrx_word' id='word_1_333' title='bbox 396 4412 438 4463; x_wconf 89' lang='lat' dir='ltr'><strong>the</strong></span> <span class='ocrx_word' id='word_1_334' title='bbox 449 4409 538 4462; x_wconf 83' lang='lat' dir='ltr'><strong>Lord&#39;a</strong></span> <span class='ocrx_word' id='word_1_335' title='bbox 549 4409 645 4474; x_wconf 78' lang='lat' dir='ltr'><strong>snpper</strong></span> <span class='ocrx_word' id='word_1_336' title='bbox 657 4423 697 4456; x_wconf 87' lang='lat' dir='ltr'><strong>are</strong></span> <span class='ocrx_word' id='word_1_337' title='bbox 708 4405 852 4457; x_wconf 84' lang='lat' dir='ltr'><strong>ordinanoes</strong></span> <span class='ocrx_word' id='word_1_338' title='bbox 862 4405 892 4455; x_wconf 84' lang='lat' dir='ltr'><strong>of</strong></span> <span class='ocrx_word' id='word_1_339' title='bbox 899 4405 1002 4471; x_wconf 79' lang='lat' dir='ltr'><strong>positiva</strong></span> <span class='ocrx_word' id='word_1_340' title='bbox 1012 4404 1062 4455; x_wconf 87' lang='lat' dir='ltr'><strong>and</strong></span> <span class='ocrx_word' id='word_1_341' title='bbox 1076 4403 1202 4466; x_wconf 75' lang='lat' dir='ltr'><strong>sovmeign</strong></span> <span class='ocrx_word' id='word_1_342' title='bbox 1220 4403 1288 4453; x_wconf 85' lang='lat' dir='ltr'><strong>insti·</strong></span> 
     </span>
     <span class='ocr_line' id='line_1_38' title="bbox 110 4488 1291 4571; baseline -0.013 -17"><span class='ocrx_word' id='word_1_343' title='bbox 110 4505 185 4566; x_wconf 75' lang='lat' dir='ltr'><strong>tatium</strong></span> <span class='ocrx_word' id='word_1_344' title='bbox 195 4503 323 4571; x_wconf 86' lang='lat' dir='ltr'><strong>appointed</strong></span> <span class='ocrx_word' id='word_1_345' title='bbox 333 4504 369 4567; x_wconf 57' lang='lat' dir='ltr'><strong>by*</strong></span> <span class='ocrx_word' id='word_1_346' title='bbox 377 4501 419 4552; x_wconf 90' lang='lat' dir='ltr'><strong>tbe</strong></span> <span class='ocrx_word' id='word_1_347' title='bbox 429 4498 496 4550; x_wconf 89' lang='lat' dir='ltr'><strong>Lord</strong></span> <span class='ocrx_word' id='word_1_348' title='bbox 511 4498 591 4556; x_wconf 83' lang='lat' dir='ltr'><strong>lesus,</strong></span> <span class='ocrx_word' id='word_1_349' title='bbox 602 4495 644 4546; x_wconf 86' lang='lat' dir='ltr'><strong>tha</strong></span> <span class='ocrx_word' id='word_1_350' title='bbox 663 4495 722 4558; x_wconf 79' lang='lat' dir='ltr'><strong>only</strong></span> <span class='ocrx_word' id='word_1_351' title='bbox 734 4491 870 4554; x_wconf 73' lang='lat' dir='ltr'><strong>Lawgiven</strong></span> <span class='ocrx_word' id='word_1_352' title='bbox 878 4501 904 4543; x_wconf 93' lang='lat' dir='ltr'><strong>to</strong></span> <span class='ocrx_word' id='word_1_353' title='bbox 915 4495 945 4543; x_wconf 84' lang='lat' dir='ltr'><strong>be</strong></span> <span class='ocrx_word' id='word_1_354' title='bbox 955 4491 1091 4543; x_wconf 77' lang='lat' dir='ltr'><strong>continued</strong></span> <span class='ocrx_word' id='word_1_355' title='bbox 1107 4490 1134 4540; x_wconf 88' lang='lat' dir='ltr'><strong>in</strong></span> <span class='ocrx_word' id='word_1_356' title='bbox 1151 4489 1190 4540; x_wconf 77' lang='lat' dir='ltr'><strong>bic</strong></span> <span class='ocrx_word' id='word_1_357' title='bbox 1199 4488 1291 4541; x_wconf 71' lang='lat' dir='ltr'><strong>durch</strong></span> 
     </span>
     <span class='ocr_line' id='line_1_39' title="bbox 112 4575 952 4648; baseline -0.014 -10"><span class='ocrx_word' id='word_1_358' title='bbox 112 4595 133 4638; x_wconf 91' lang='lat' dir='ltr'><strong>to</strong></span> <span class='ocrx_word' id='word_1_359' title='bbox 141 4590 179 4640; x_wconf 87' lang='lat' dir='ltr'><strong>the</strong></span> <span class='ocrx_word' id='word_1_360' title='bbox 187 4589 233 4640; x_wconf 91' lang='lat' dir='ltr'><strong>end</strong></span> <span class='ocrx_word' id='word_1_361' title='bbox 243 4590 271 4639; x_wconf 86' lang='lat' dir='ltr'><strong>of</strong></span> <span class='ocrx_word' id='word_1_362' title='bbox 276 4588 319 4639; x_wconf 88' lang='lat' dir='ltr'><strong>the</strong></span> <span class='ocrx_word' id='word_1_363' title='bbox 329 4583 430 4636; x_wconf 85' lang='lat' dir='ltr'><strong>world.”</strong></span> <span class='ocrx_word' id='word_1_364' title='bbox 463 4580 562 4648; x_wconf 86' lang='lat' dir='ltr'><strong>Baptist</strong></span> <span class='ocrx_word' id='word_1_365' title='bbox 569 4577 708 4630; x_wconf 79' lang='lat' dir='ltr'><strong>confession</strong></span> <span class='ocrx_word' id='word_1_366' title='bbox 719 4576 748 4628; x_wconf 87' lang='lat' dir='ltr'><strong>of</strong></span> <span class='ocrx_word' id='word_1_367' title='bbox 754 4575 826 4636; x_wconf 79' lang='lat' dir='ltr'><strong>saith,</strong></span> <span class='ocrx_word' id='word_1_368' title='bbox 833 4577 874 4627; x_wconf 84' lang='lat' dir='ltr'><strong>cb.</strong></span> <span class='ocrx_word' id='word_1_369' title='bbox 881 4576 952 4629; x_wconf 82' lang='lat' dir='ltr'><strong>xxix.</strong></span> 
     </span>
    </p>
   </div>
   <div class='ocr_carea' id='block_1_6' title="bbox 141 4640 1306 4736">
    <p class='ocr_par' dir='ltr' id='par_1_10' title="bbox 141 4640 1306 4736">
     <span class='ocr_line' id='line_1_40' title="bbox 141 4640 1306 4736; baseline -0.021 -13"><span class='ocrx_word' id='word_1_370' title='bbox 141 4677 175 4736; x_wconf 79' lang='grc' dir='ltr'><strong>(ι)</strong></span> <span class='ocrx_word' id='word_1_371' title='bbox 191 4669 436 4736; x_wconf 76' lang='lat' dir='ltr'><strong>Bme’annalyste,</strong></span> <span class='ocrx_word' id='word_1_372' title='bbox 447 4663 692 4731; x_wconf 77' lang='lat' dir='ltr'><strong>nrtxxritp.4tt.</strong></span> <span class='ocrx_word' id='word_1_373' title='bbox 1295 4640 1306 4731; x_wconf 90' lang='grc'>(</span> 
     </span>
    </p>
   </div>
   <div class='ocr_carea' id='block_1_7' title="bbox 0 0 1421 5056">
    <p class='ocr_par' dir='ltr' id='par_1_11' title="bbox 0 0 1421 5056">
     <span class='ocr_line' id='line_1_41' title="bbox 0 0 1421 5056; baseline 0 0"><span class='ocrx_word' id='word_1_374' title='bbox 0 0 1421 5056; x_wconf 95' lang='lat' dir='ltr'><strong> </strong></span> 
     </span>
    </p>
   </div>
  </div>
 </body>
</html>
