2774 5056
92 302 153 361 m
496 300 556 363 DE
575 301 886 365 conumtuonu

93 460 168 519 acris
186 459 256 519 satis
275 458 457 538 disceptatio,
478 470 572 522 utrum
586 459 712 535 aliqum
735 461 794 522 Dei
814 462 999 524 dilectionem
1018 463 1127 525 attritio
1147 463 1303 526 includere

94 558 204 625 debeat.
213 570 246 616 ut
257 557 402 617 sufficeret
410 558 532 637 justitiae
546 559 575 618 in
589 572 766 621 soerameuto
778 560 999 635 consequenda.
1034 561 1160 623 Plurimi
1174 563 1304 625 affirma·

93 666 169 724 runt,
183 655 337 733 Scriptura
351 654 503 715 afferentes
522 657 707 717 testimonias
728 667 750 696 ⁴⁶
760 659 812 732 qui
824 678 883 719 non
900 659 1001 736 diliget
1013 671 1112 721 maaet
1131 661 1163 720 in
1177 664 1301 731 ¹morte3

93 766 124 815 et
153 753 209 813 alia
231 752 418 832 hujusmodit
450 753 565 814 aoncilii
586 755 673 814 etiam
703 754 868 816 Tridentini
892 756 1048 834 allegantes
1073 757 1302 829 authoritatemr

92 868 159 910 uam
173 849 289 909 modum
313 868 371 924 quo
391 860 584 928 praeparantur
601 862 765 929 peccatores
785 851 822 911 ad
838 853 980 931 justitiam
1000 853 1032 911 in
1051 853 1200 931 baptismo
1222 873 1304 914 arse·

90 945 234 1021 quendam
244 945 420 1016 describens,
430 945 516 1007 dicit:
532 956 552 986 ‘⁴
562 947 644 1007 illum
654 946 779 1028 (Deum)
789 958 935 1023 tamquam
946 950 1042 1008 omnis
1051 950 1174 1028 justitie
1185 951 1301 1012 fontem

91 1044 210 1124 diligere
223 1044 397 1123 incipiunt.”
437 1045 574 1122 Plerique
588 1047 759 1107 attritionem
770 1045 1015 1128 formidolosum,
1036 1048 1134 1108 omnis
1148 1049 1301 1110 charitatis

90 1154 249 1218 expertem.
264 1141 396 1202 sufficere
409 1143 574 1212 ceuwbant,
589 1142 743 1203 accedente
763 1143 920 1203 sacerdotis
944 1144 1142 1214 absolutione;
1163 1165 1234 1206 nam
1249 1146 1301 1207 de·

91 1242 185 1318 posita
206 1240 350 1301 voluntate
375 1242 524 1321 peccandi,
547 1251 577 1300 et
599 1260 742 1302 converso
762 1242 859 1301 animo
879 1242 916 1301 ad
936 1241 1044 1310 Deum,
1059 1243 1130 1301 licet
1153 1243 1299 1322 gehennae

92 1350 183 1408 metu,
206 1339 280 1399 obex
313 1341 409 1400 omnis
434 1341 581 1417 potestatis
604 1339 769 1401 remittendi
789 1350 908 1417 peccata
926 1341 1066 1401 exercitio
1086 1342 1218 1403 sublaurs
1239 1344 1300 1405 illis

91 1439 248 1498 videbatur.
269 1439 300 1498 N
301 1457 318 1497 e
331 1458 397 1498 cum
411 1440 555 1498 eharitatis
569 1438 723 1516 dispendio
736 1439 772 1499 lis
786 1448 928 1515 ageretur,
941 1440 1033 1498 vetuit
1045 1439 1214 1501 Alexander
1223 1423 1297 1503 vllss

91 1554 167 1596 auno
183 1539 270 1604 test.
291 1537 441 1609 utriusque
462 1537 613 1596 senentis
633 1536 760 1612 patronis
781 1535 1011 1595 &romariorum
1032 1537 1147 1615 placitis
1168 1537 1300 1614 aliquam

91 1636 204 1695 inurere
217 1645 325 1693 notam.
366 1633 411 1694 De
426 1635 481 1693 hac
498 1635 701 1695 sententiarum
722 1634 856 1695 varietate
876 1627 955 1694 nlulla
967 1653 1022 1695 uos
1036 1645 1117 1695 tenet
1128 1636 1298 1709 solicitudo,

81 1751 180 1808 -quum
189 1731 265 1809 apud
275 1750 377 1791 omues
386 1733 417 1791 iu
426 1732 560 1792 coalesco
570 1733 618 1800 sit,
626 1732 771 1793 neminem
781 1751 868 1810 posse
876 1732 1063 1793 absolutionis
1072 1734 1131 1793 frui
1141 1734 1299 1806 Ruricio,

90 1831 141 1902 qui
155 1827 287 1887 affectum
303 1828 443 1905 peccandi
456 1847 515 1888 non
529 1827 716 1907 deposuerit;
737 1838 768 1887 et
789 1829 998 1891 aconieasario
1018 1848 1136 1891 omnem
1158 1829 1300 1895 adhiben-

90 1925 156 1986 dam
170 1925 346 2004 diligentiam
359 1937 390 1985 nt
403 1926 546 2003 paenitens
560 1925 597 1985 ad
619 1926 821 1987 contritionem
841 1927 991 1987 excitetur.
1032 1926 1102 1987 Hoc
1115 1927 1298 1988 animadver-

90 2020 207 2081 tendum
222 2020 358 2081 duximus
372 2034 404 2080 ut
417 2023 579 2081 obstruatur
592 2040 626 2081 os
639 2021 878 2081 calumniantibus
900 2022 1069 2102 Theologos
1088 2024 1249 2085 catholicos
1266 2034 1298 2085 et

91 2117 254 2179 Ecclesiam
268 2119 385 2195 ipsam
407 2129 476 2178 aunt
495 2119 574 2185 enim
592 2118 668 2179 inter
686 2119 863 2179 nouissimos
875 2119 1029 2197 scriptores
1048 2119 1229 2198 Διιςίὶωιιοι
1243 2122 1296 2197 qui

90 2214 249 2275 doctrinam
263 2213 299 2274 de
313 2215 455 2274 attritione
471 2214 560 2275 relati
572 2226 734 2292 portentum
746 2214 891 2290 quoddam
905 2225 935 2274 et
948 2227 1110 2277 monstrum
1123 2226 1236 2279 notam.

129 2318 180 2374 71.
202 2312 289 2391 Apud
307 2312 464 2391 Baptistae,
472 2312 603 2388 aliosque
615 2314 764 2382 securior,
779 2313 841 2388 qui,
853 2313 884 2372 in
894 2313 1122 2373 occidentalibus
1136 2315 1298 2393 pmsertim

90 2411 258 2486 provinciis,
274 2411 355 2469 omni
380 2422 438 2469 arte
458 2409 575 2469 student
594 2421 750 2477 secutores
770 2428 885 2489 augere,
905 2409 1058 2473 hominum
1080 2411 1296 2489 mulierumque

89 2508 232 2585 imprimis
243 2508 374 2567 excitatis
389 2508 557 2585 phantasiis,
573 2509 730 2586 prasertim
746 2510 776 2567 in
791 2508 846 2567 illis
857 2509 1045 2567 conventibus
1057 2526 1110 2586 per
1123 2509 1224 2587 plures
1233 2510 1294 2570 dies

89 2606 272 2674 continuatis,
283 2607 312 2663 in
324 2607 426 2682 sylvis,
438 2605 708 2684 (Compensatinga
722 2605 808 2683 vulgd
823 2605 930 2685 dictis)
947 2616 1036 2665 totum
1050 2608 1293 2668 reconciliationis

89 2704 236 2780 negotium
253 2705 349 2782 peragi
363 2714 504 2771 censetur,
520 2718 625 2763 terrore
639 2706 718 2782 prius
741 2705 870 2773 incusso,
886 2714 914 2764 et
938 2714 1088 2781 peccatore
1111 2705 1146 2764 ad
1161 2706 1293 2785 despera·

89 2800 197 2857 tionem
212 2799 270 2858 sere
285 2799 408 2868 redacto,
424 2802 577 2874 quiquam
595 2802 690 2860 statim
705 2802 871 2880 conceperit
890 2812 996 2860 certam
1017 2801 1154 2862 fiduciam
1177 2813 1293 2880 peecata

89 2917 141 2955 sua
163 2898 218 2955 sibi
238 2899 360 2956 remissa
382 2917 456 2967 esse,
478 2899 531 2956 hac
552 2900 606 2958 sibi
628 2899 777 2958 blanditur.
820 2899 905 2959 Hanc
933 2900 1151 2977 persuasionem
1173 2903 1290 2962 Lutheri

90 2994 238 3071 principiis
255 2992 409 3052 admodum
432 3012 587 3071 congruam
613 2995 757 3053 sanatismi
771 2996 931 3055 soeeundam
953 3005 1100 3072 parentem
1125 2999 1210 3057 novit
1232 2999 1291 3072 qui·

89 3109 213 3164 eumque
227 3109 279 3149 eoa
295 3091 423 3148 inviserit
438 3102 606 3149 conventus.
636 3092 863 3159 Quantomelius
875 3092 1037 3152 Tridentini
1052 3103 1149 3171 patres
1164 3095 1288 3157 dolorem

89 3190 178 3249 animi
192 3188 228 3248 de
242 3200 360 3267 peccato
375 3187 501 3248 admisso
516 3209 582 3248 eum
600 3191 749 3268 proposito
771 3210 827 3251 non
842 3191 979 3268 peccandi
994 3191 1161 3263 decaetero,
1176 3195 1212 3254 ad
1225 3213 1287 3272 pee-

90 3301 219 3349 catorum
241 3287 441 3346 remissionem
469 3287 547 3364 exigi
572 3287 739 3355 docuerunt.
761 3288 939 3348 anathemate
959 3288 1035 3348 dicto
1055 3290 1083 3348 ei
1112 3293 1164 3366 qui
1193 3290 1284 3350 “duaa

90 3398 198 3446 tantum
232 3404 297 3445 esse
326 3385 499 3462 poenitentiae
524 3396 628 3462 partes,
654 3398 774 3445 terrores
801 3387 911 3445 scilieet
934 3388 1066 3446 incussos
1093 3391 1283 3458 conscientia,

88 3486 185 3562 agnito
206 3496 333 3562 peceato,
349 3496 377 3544 et
401 3483 488 3542 fidem
514 3494 682 3561 conceptam
709 3502 746 3542 ex
767 3484 937 3562 Evangelio,
960 3486 1005 3544 vel
1025 3485 1219 3560 absolutione,
1232 3507 1282 3564 qua

90 3583 180 3642 eredit
193 3584 257 3657 quis
272 3584 327 3641 sibi
342 3601 394 3660 per
408 3582 556 3640 Christum
568 3582 688 3639 remissa
701 3582 866 3658 peccata.'’²

467 3740 510 3806 (l)
530 3739 595 3791 Sese.
606 3741 658 3792 xiv.
669 3757 724 3794 can.
735 3743 769 3794 iv.
779 3741 809 3792 de
821 3742 912 3794 Poenit.
