2774 5056
158 333 217 390 sos
453 329 509 391 nn
530 314 1055 391 mansunsranrrarrovs.

199 492 267 549 llil.
291 488 359 569 otj.
371 492 421 549 29.
442 488 595 567 Repugnat
605 498 637 547 ut
646 488 803 548 accidentia
815 501 956 564 maneant,
972 489 1128 548 substantia
1142 489 1173 547 in
1186 487 1273 547 aliam
1284 499 1352 540 con·

157 606 249 655 versa,
264 586 419 647 accidentia
433 588 509 646 enim
524 587 689 645 substantie
701 598 768 645 sunt
781 587 858 647 modi
875 607 883 646 r
905 606 993 662 quum
1008 606 1076 666 ergo
1090 587 1224 645 omnibus
1239 583 1352 643 fatenti·

157 684 210 743 bus
221 683 376 744 accidentia
390 685 471 761 panis
486 684 587 742 etvini
602 695 743 752 maneant,
758 685 821 762 ipsa
834 684 991 743 substantia
1004 684 1077 742 adsit
1087 699 1206 742 neeesse
1220 691 1276 739 est.

196 778 285 858 Resp.
301 779 477 848 decidentia,
487 799 573 838 sensu
589 780 800 858 philosophico,
813 779 891 839 modi
903 790 969 838 sunt
983 780 1158 847 substantie,
1168 776 1221 836 sed
1234 776 1350 854 species

157 887 281 935 externas
301 877 454 951 aliquando
474 878 516 936 sic
537 887 744 954 nuncupantur.
786 877 930 952 Equidem
952 896 1008 936 non
1029 886 1169 954 repugnat
1188 885 1221 933 ut
1240 873 1349 951 speciei

157 987 280 1032 externae
295 976 336 1033 rei
349 976 452 1034 veritas
473 994 531 1034 nou
546 974 725 1051 respoudeat,
741 975 857 1054 angelos
871 976 947 1033 enirn
963 976 1016 1032 sub
1038 975 1161 1032 humana
1174 973 1268 1031 forma
1281 971 1351 1029 latu·

156 1070 214 1128 isse
228 1072 373 1142 novimus,
385 1081 414 1130 st
425 1071 546 1148 plurima
555 1072 658 1129 visioni
670 1071 871 1148 prophetarum
883 1071 1019 1137 exhibita,
1030 1088 1092 1144 que
1102 1078 1196 1129 rerum
1208 1069 1349 1146 imagines

155 1180 184 1226 et
208 1169 271 1247 typi
298 1169 495 1245 potiusquam
516 1169 586 1245 ipsae
607 1187 652 1226 res
673 1178 764 1226 erant.
806 1168 879 1235 Quis
894 1167 970 1226 dicet
989 1185 1156 1244 repugnare,
1172 1179 1203 1224 ut
1216 1165 1307 1227 forma
1320 1174 1350 1223 et

155 1264 234 1322 color
246 1265 330 1341 panis
345 1265 437 1324 oculis
452 1264 648 1333 exhibeantur,
661 1265 731 1339 quin
744 1263 821 1322 adsit
833 1283 898 1322 vare
913 1264 1016 1341 pauisl
1043 1264 1115 1330 Quis
1130 1277 1238 1321 asseret
1250 1261 1348 1319 Deum

155 1379 212 1419 non
227 1379 313 1438 posse
330 1361 442 1420 efficere
456 1373 488 1420 ut
500 1371 601 1439 gustus
613 1362 672 1420 vini
687 1361 832 1429 sentiatur,
842 1362 911 1434 quin
927 1362 1023 1419 vinum
1038 1359 1175 1438 potaturi
1217 1358 1350 1417 Philoso-

154 1465 247 1543 plriore
261 1465 476 1542 disceptationis
490 1464 525 1522 de
540 1463 732 1523 accidentibus
746 1463 823 1522 haud
843 1465 957 1532 soliciti,
972 1463 1146 1522 affirmamus
1160 1462 1283 1521 fidenter
1295 1461 1349 1520 sor·

154 1580 230 1620 mam
245 1574 274 1620 st
287 1561 410 1621 colorem
424 1580 537 1620 manere
552 1563 658 1634 absque
672 1562 837 1620 substantia.

155 1688 158 1693 ·
196 1660 262 1715 192.
287 1655 354 1737 obj.
371 1662 419 1716 30.
441 1658 473 1715 Si
488 1657 620 1716 sensibus
634 1657 819 1716 referentibus
834 1657 917 1735 panis
932 1657 1047 1730 vinique
1062 1657 1147 1715 stiam
1168 1665 1235 1732 post
1248 1673 1348 1714 conse·

153 1756 309 1814 orationem
325 1755 513 1832 presentiam,
529 1753 643 1813 credere
657 1773 714 1813 nou
729 1753 822 1823 liceat,
837 1753 873 1813 de
894 1757 1027 1814 omnibus
1043 1756 1126 1813 rebus
1148 1754 1275 1812 externis
1295 1754 1350 1812 erit

153 1851 357 1911 dubitandum:
379 1870 468 1926 quum
483 1853 560 1910 enim
581 1853 681 1930 figura,
696 1853 784 1920 solor,
799 1864 910 1930 gustus,
925 1861 953 1910 et
973 1864 1075 1911 cetera
1095 1852 1193 1910 omnia
1217 1850 1300 1929 panis
1322 1862 1350 1908 et

154 1950 214 2008 viui
228 1949 360 2029 adjuncta
375 1962 517 2019 maneant,
543 1952 602 2010 imo
616 1952 728 2029 species
743 1951 816 2027 ipsae
834 1963 1062 2029 corrumpantur,
1076 1960 1105 2008 et
1117 1950 1143 2007 si
1156 1950 1258 2008 nimio*
1269 1960 1338 2026 potu

153 2048 219 2119 quis
242 2045 388 2124 indulgeat
409 2037 530 2106 ebrietas
552 2058 695 2120 sequatur,
710 2059 758 2107 aut
777 2049 802 2106 si
824 2066 966 2106 venenum
993 2048 1059 2126 pani
1073 2047 1231 2105 admixtum
1254 2047 1348 2113 suerit,

152 2144 289 2211 moriatur
303 2144 486 2213 manducans,
498 2145 636 2205 certitudo
646 2145 683 2203 de
694 2145 849 2204 substantia
862 2148 945 2223 panis
959 2147 1057 2205 etvini
1072 2156 1211 2222 presente
1224 2146 1350 2204 maxima

151 2250 215 2310 est;
230 2242 275 2301 rel
289 2242 362 2302 nihil
376 2261 501 2317 unquam
516 2241 661 2301 fidendum
677 2252 723 2301 est
734 2260 872 2301 sensuum
884 2243 1026 2302 relationi.

190 2338 279 2418 Resp.
302 2341 446 2401 Sensuum
460 2341 559 2400 relatio
574 2341 691 2400 minime
706 2341 873 2409 infirmatur,
888 2342 942 2400 etsi
956 2341 1104 2400 credamus
1121 2342 1348 2401 mentisnostrae

148 2439 289 2518 judicium
303 2459 360 2500 non
375 2440 478 2500 debere
489 2460 553 2500 eam
565 2442 658 2515 sequi,
670 2440 788 2499 Christo
798 2440 909 2499 dicente
921 2458 1024 2518 corpus
1038 2458 1122 2498 suum
1133 2450 1162 2499 et
1176 2441 1347 2518 sanguinem

152 2557 294 2612 esseque
316 2540 398 2597 nobis
413 2539 523 2597 dantur.
566 2539 698 2597 Proiecto
722 2557 810 2616 penes
830 2538 925 2598 Deum
949 2550 1001 2606 est,
1017 2539 1051 2597 ad
1067 2557 1133 2596 suas
1156 2539 1346 2615 perfectiones

151 2632 352 2700 ostendendas,
372 2647 539 2692 consuetum
563 2653 657 2691 rerum
672 2635 801 2693 ordinem
820 2654 1025 2708 nonuunquam
1047 2646 1166 2702 mutare,
1189 2636 1346 2712 praesertim

152 2748 241 2804 quum
255 2730 337 2788 nobis
351 2729 405 2786 alia
416 2732 522 2788 ratione
534 2748 626 2787 rerum
638 2731 761 2788 veritatis
773 2744 877 2791 certam
890 2733 1014 2808 prebeat
1024 2733 1163 2790 notitiam.
1187 2732 1346 2789 Possumus

88 2894 95 2911 ,
152 2825 267 2900 quidem
283 2825 317 2883 de
332 2828 416 2884 rebus
431 2828 557 2884 externis
574 2828 658 2903 juxta
679 2846 794 2886 sensum
817 2829 981 2887 relationem
997 2828 1137 2906 judicare,
1154 2831 1346 2903 quotiescum·

152 2943 209 2997 que
218 2942 275 2982 non
287 2936 398 2982 constat
412 2925 506 2983 Deum
519 2944 599 2983 suam
612 2926 817 3003 interposuisse
828 2929 995 3004 potentiam.
1017 2927 1239 3004 sapientissime
1254 2927 1346 2986 statuit

153 3021 287 3079 Christus
302 3021 461 3079 nullatenus
476 3023 622 3080 variandas
637 3036 772 3082 externas
788 3025 963 3083 sacramenti
978 3025 1100 3101 species.
1116 3024 1167 3082 sed
1189 3026 1287 3084 omnia
1300 3042 1346 3082 ex·

153 3120 240 3178 terius
255 3118 354 3178 eadem
370 3120 470 3187 videri,
485 3121 659 3194 eosdemque
682 3123 765 3194 sequi
786 3123 967 3192 effectus-ne
982 3123 1048 3180 fidei
1061 3122 1176 3180 deesset
1196 3123 1340 3187 meritum,

151 3217 196 3274 vel
224 3217 373 3275 temeritati
410 3236 441 3274 ac
478 3217 636 3275 infidelitati
662 3228 769 3294 pateret
801 3220 960 3296 periculum
992 3219 1094 3277 divirrae
1122 3219 1248 3277 veritatis
1282 3218 1345 3275 saci·

150 3311 217 3372 endi
237 3314 318 3371 ratio.
349 3314 467 3371 Manent
486 3314 571 3390 igitur
595 3315 694 3392 figura,
720 3316 807 3384 color,
833 3324 861 3374 et
881 3326 991 3392 gustus,
1013 3328 1136 3374 externae
1159 3315 1345 3393 corruptionis

151 3409 264 3486 species
280 3408 420 3475 videntur,
436 3409 611 3483 effectusque
626 3410 713 3469 iidem
727 3424 884 3485 sequuntur
898 3412 1058 3494 specierum
1078 3413 1285 3488 receptionem,
1300 3409 1347 3485 qui

44 3540 47 3545 ·
150 3523 187 3564 ex
201 3506 264 3582 ipsa
280 3507 361 3582 panis
376 3506 491 3578 vinique
506 3507 661 3564 substantia
682 3508 836 3566 orirentur.
879 3508 952 3566 Haec
973 3508 1070 3566 omnia
1085 3520 1181 3566 tamen
1197 3527 1301 3584 panem
1321 3515 1350 3566 et

151 3601 249 3658 vinum
259 3619 373 3658 manere
384 3620 442 3659 non
457 3603 584 3678 probant,
599 3602 716 3660 Christo
727 3602 856 3661 dicente:
873 3603 926 3662 doc
938 3611 980 3661 est
995 3622 1099 3681 corpus
1113 3622 1234 3662 meum:
1249 3604 1298 3664 uic
1308 3606 1351 3663 est

151 3695 279 3772 sanguia
299 3715 393 3755 meus.
436 3698 519 3765 Quod
545 3699 579 3756 de
606 3719 717 3758 veneno
743 3700 872 3759 admixto
895 3701 1006 3768 dicitur,
1025 3701 1053 3758 vi
1080 3713 1166 3767 caret,
1192 3721 1246 3759 nec
1272 3701 1354 3760 enirn

151 3793 285 3851 Christus
308 3813 461 3862 venenum,
477 3795 527 3852 sed
550 3816 651 3873 panem
667 3800 695 3856 in
718 3817 800 3857 suum
822 3818 925 3875 corpus
946 3801 1073 3856 mutavit.
1116 3799 1202 3857 Hanc
1223 3812 1354 3858 nostram

150 3894 369 3969 responsionem
384 3895 538 3972 Augustini
555 3897 646 3955 verbis
667 3897 761 3974 placet
781 3898 959 3955 confirmare.
1003 3897 1091 3955 “Sed
1108 3916 1143 3956 ne
1159 3899 1216 3974 ipsi
1232 3896 1356 3971 quidem
1383 3898 1385 3905 '

150 3989 225 4048 oculi
239 3989 348 4057 fallunt,
365 4011 421 4049 non
452 3992 529 4049 enim
544 3995 703 4051 renuntiare
726 4007 847 4071 possunt
862 3995 967 4062 animo,
984 3995 1038 4052 uisi
1059 3994 1240 4054 affectionem
1256 3998 1354 4052 suam·

150 4083 235 4152 Quod
250 4087 274 4141 si
296 4104 353 4144 non
368 4087 461 4144 solum
476 4088 542 4164 ipsi.
558 4087 607 4146 sed
623 4090 707 4146 etiam
731 4109 831 4148 omnes
846 4083 973 4166 corporis
995 4109 1097 4148 sensus
1119 4091 1158 4148 ita
1172 4092 1351 4149 renuntiant,

152 4194 185 4240 ut
198 4182 367 4252 afficiuntur,
383 4185 450 4258 quid
467 4187 500 4243 ab
515 4187 557 4244 eis
573 4187 694 4261 amplius
706 4188 824 4264 exigere
839 4188 992 4246 debeamus
1008 4189 1118 4266 ignoro.
1140 4230 1148 4246 .
1172 4231 1179 4247 .
1204 4232 1212 4247 .
1234 4189 1268 4247 Si
1281 4184 1354 4262 quis

149 4392 218 4457 Holy
232 4393 307 4459 Spirit
318 4395 421 4457 exceeds
438 4411 482 4445 our
500 4413 569 4446 sense
592 4397 639 4446 and
657 4413 702 4447 our
716 4397 903 4463 apprehension,
915 4399 963 4448 and
979 4399 1037 4449 hosv
1048 4399 1137 4450 absurd
1154 4400 1174 4450 it
1185 4401 1266 4451 would
1283 4401 1313 4449 bs
1327 4399 1363 4440 ¹⁰

146 4479 284 4529 undertake
296 4488 321 4530 to
332 4497 442 4531 measure
461 4481 510 4531 His
526 4483 666 4548 immensity
689 4485 721 4548 by
739 4500 784 4534 our
800 4486 927 4535 wealaness
949 4485 997 4535 and
1012 4501 1108 4535 narrow
1119 4487 1245 4553 capacit53
1263 4487 1311 4538 aad
1328 4483 1368 4526 ³⁰

143 4564 215 4613 make
226 4578 271 4613 our
281 4565 344 4615 raith
355 4572 380 4615 to
392 4566 507 4616 conceive
519 4567 566 4617 and
577 4569 669 4618 believe
681 4568 747 4618 what
757 4585 802 4619 our
813 4586 899 4619 reason
906 4577 998 4620 cannot
1008 4571 1198 4636 comprehend.’'
1223 4572 1279 4623 The
1290 4562 1373 4622 Ηὶ*

142 4653 196 4713 tory
207 4649 337 4716 oioPopislr
349 4649 612 4713 Transubstantiation,
624 4655 656 4718 by
668 4654 682 4703 J
685 4653 735 4704 ohn
747 4653 833 4715 Corin,
845 4655 937 4720 Bishop
948 4655 977 4705 of
984 4656 1105 4719 Durham,
1113 4657 1153 4708 ch.
1164 4657 1199 4708 iii.
