2774 5056
139 317 197 374 1114
374 316 431 375 DE
452 298 759 375 INSTITUTIONE
780 306 1090 370 uucflatusttm.

137 472 343 534 immolandum
357 484 426 541 erat.
440 471 491 531 sed
514 481 600 551 prout
623 480 690 529 tunc
711 469 838 537 dabatur,
855 481 884 527 et
907 467 1106 527 immolabatur
1124 464 1155 522 in
1180 464 1335 538 mysterio,

139 573 225 631 verba
238 573 314 631 enim
329 590 392 646 quae
416 569 574 648 adjungunt
596 568 690 627 Lucas
705 579 734 627 et
747 567 853 627 Paulus
875 566 1022 642 praesentis
1031 572 1103 622 'sunt
1123 561 1336 638 temporis—ro

137 664 571 739 tuorum-assumptura
585 673 680 722 tamen
703 681 807 740 corpus
822 661 898 735 quod
918 661 964 719 die
989 673 1103 737 postero
1124 656 1336 717 immolandum

139 757 241 815 eratin
256 778 348 819 cruce.
391 762 514 841 Sanguis
537 772 597 821 erat
609 761 656 819 ille
671 761 721 834 qui
747 759 839 818 adhuc
859 760 889 817 in
911 759 992 816 venis
1016 755 1126 814 Christi
1150 754 1271 838 fluebat..
1283 753 1336 826 qui

138 853 224 912 simul
237 873 297 913 sure
312 860 457 933 potestatis
473 860 545 918 miro
559 877 646 936 opere
660 859 691 917 in
704 859 791 916 calice
806 865 875 924 erat,
890 856 943 914 sub
955 855 1012 913 vini
1024 853 1188 931 speciebus,
1203 853 1253 924 qui
1265 862 1335 909 tunc

137 948 385 1020 fundebatur-n,
395 955 735 1030 ramosum-oblatione
749 954 812 1032 ejus
826 952 892 1011 Deo
912 952 994 1019 faeta,
1010 963 1039 1010 et
1053 950 1157 1027 poculo
1179 949 1334 1026 propinato

139 1052 284 1128 Apostolis
298 1065 331 1115 ut
344 1075 380 1114 ex
397 1064 432 1116 'eo
445 1058 591 1127 bibereut3
607 1059 683 1118 idem
696 1059 760 1136 ipse
781 1058 908 1134 sanguis,
932 1058 981 1129 qui
1003 1074 1071 1114 mox
1085 1072 1172 1112 manu
1195 1063 1336 1111 tortorum

137 1157 198 1206 crat
210 1148 380 1211 fundendus.
424 1152 538 1231 Copula
553 1161 596 1213 est
609 1155 768 1232 subjeetum
790 1172 854 1212 cum
877 1151 1028 1230 predicato
1041 1151 1150 1227 optime
1173 1149 1335 1226 conjungit,

139 1245 379 1323 quiasubjectum
393 1250 527 1324 estquod
550 1252 662 1310 tenebat
682 1251 815 1310 Christus
830 1250 954 1309 dandum
977 1247 1134 1326 Apostolis,
1150 1246 1338 1323 praedicatum

137 1351 182 1399 est
195 1361 299 1419 corpus
314 1363 398 1404 suum
408 1347 484 1420 quod
498 1366 598 1425 reapse
613 1347 708 1406 dedit:
724 1367 782 1407 non
796 1348 881 1424 igitur
892 1346 927 1404 de
941 1365 1013 1423 pane
1025 1363 1129 1422 corpus
1145 1342 1335 1420 praedicatum

139 1439 190 1498 sed
204 1440 239 1501 de
252 1460 288 1501 eo
303 1444 378 1516 quod
393 1445 444 1503 suit
458 1447 551 1522 panis,
568 1448 661 1505 verbis
676 1457 771 1506 tamen
784 1446 893 1505 Christi
907 1455 936 1504 et
950 1454 1088 1522 potestate
1103 1444 1133 1501 in
1147 1460 1253 1520 corpus
1268 1460 1339 1500 con·

142 1557 233 1598 verso.
275 1541 324 1599 Sic
339 1543 364 1600 si
379 1542 513 1603 Christus
527 1544 562 1603 de
572 1565 646 1620 aqua
659 1546 688 1604 in
701 1546 806 1623 nuptiis
821 1545 957 1604 dixisset:
989 1552 1008 1579 ‘⁸
1019 1542 1086 1601 Hoc
1100 1551 1144 1600 est
1159 1539 1293 1608 vinum‚”
1310 1551 1340 1598 et

140 1634 207 1695 dum
221 1638 385 1711 loqueretur
397 1659 460 1700 eam
474 1643 505 1701 iu
519 1645 618 1702 vinum
632 1653 818 1712 converteret,
834 1643 943 1701 nemini
964 1641 1072 1700 insulse
1085 1639 1166 1713 loqui
1180 1639 1338 1706 videretur.
1357 1706 1360 1711 .

140 1733 203 1810 ipse
218 1737 294 1794 enim
309 1756 412 1797 sensus
424 1743 584 1800 eommunis
600 1742 749 1801 homiuum
764 1751 930 1819 agnosceret
944 1740 1029 1799 verba
1048 1739 1097 1797 illa
1117 1738 1266 1815 aptissime
1288 1737 1338 1795 de-

139 1833 254 1910 signare
268 1839 454 1898 mutationem
470 1859 555 1914 quam
569 1840 723 1901 efficerent.
765 1840 864 1901 Inania
879 1841 964 1920 igitur
978 1851 1045 1896 sunt
1058 1857 1121 1911 quae
1135 1837 1171 1897 de
1192 1837 1341 1896 attributo·

140 1950 204 1991 rum
218 1952 284 1993 cum
298 1937 426 2012 corporis
440 1939 579 1997 attributis
594 1941 798 2018 permutatione
811 1950 908 1997 mutua
922 1937 1104 2015 objiciuntur,
1114 1954 1169 1994 nec
1182 1936 1261 1994 enim
1273 1934 1338 1993 haec

140 2044 298 2105 sequuntur
311 2053 347 2094 ex
361 2037 423 2113 ejus
438 2038 467 2096 in
482 2057 585 2116 corpus
599 2040 799 2099 conversione.
822 2036 911 2096 Nulla
926 2045 969 2094 est
983 2034 1168 2094 contradictio
1184 2032 1338 2092 Christum

142 2146 246 2208 corpus
261 2149 344 2190 suum
359 2132 478 2211 fregisse
493 2137 523 2193 in
544 2133 693 2212 mysterio,
714 2145 866 2208 antequam
886 2144 949 2192 actu
964 2132 1168 2200 immolaretur.
1184 2149 1237 2190 nec
1258 2130 1340 2189 enim

140 2225 190 2284 illa
203 2228 301 2288 fractio
315 2243 360 2288 est
371 2231 459 2290 instar
472 2233 581 2292 ossium
596 2232 808 2300 confractionis,
820 2231 872 2290 sed
884 2231 1007 2308 mystica
1016 2229 1175 2288 immolatio
1185 2229 1341 2305 speciebus

140 2333 248 2402 tantum
263 2328 387 2386 externis
402 2329 484 2406 panis
499 2347 562 2388 eam
576 2329 762 2390 subeuntibus
776 2329 972 2388 mutationem.
1016 2327 1065 2385 Sic
1076 2345 1130 2385 nec
1144 2334 1288 2403 repugnat
1307 2336 1342 2383 ut

140 2420 171 2479 in
185 2423 325 2498 mysterio
339 2425 443 2500 pariter
456 2427 625 2503 sauguinem
640 2445 724 2485 suum
739 2425 851 2493 fuderit,
867 2425 928 2501 pari
949 2423 1101 2490 oblatione,
1116 2441 1180 2496 quoe
1195 2421 1342 2480 afusione

142 2516 266 2576 violenta
287 2521 405 2578 omnino
429 2521 526 2580 distat.
567 2523 638 2590 Quae
653 2522 746 2580 adhuc
767 2523 799 2578 fit
812 2522 841 2580 in
863 2521 967 2579 divinis
990 2518 1166 2577 celebrandis
1189 2519 1341 2594 mysteriis

143 2615 300 2674 immolatio
314 2619 457 2694 ejusmodi
470 2631 523 2688 est,
540 2640 602 2693 quae
625 2621 729 2678 idcirco
750 2621 881 2697 gloriosae
903 2619 1031 2696 corporis
1047 2619 1158 2677 Christi
1180 2617 1344 2677 conditioni

108 2767 111 2778 .
143 2729 200 2769 non
213 2723 359 2789 repugnat,
371 2715 512 2785 estss'enim,
525 2718 565 2774 uti
577 2738 593 2773 a
606 2719 732 2792 patribus
744 2718 893 2775 consuevit
904 2717 1056 2793 designari,
1067 2718 1213 2774 incruenta
1222 2715 1343 2784 oblatio,

144 2808 173 2864 vi
195 2808 303 2866 scilicet
323 2812 438 2887 sanguis
453 2832 511 2870 non
536 2813 670 2880 funditur,
686 2816 815 2888 quamvis
831 2829 896 2872 vere
917 2814 999 2880 adsit,
1014 2823 1043 2870 et
1063 2813 1197 2871 offeratur
1217 2812 1284 2871 Deo
1312 2814 1345 2872 in

145 2906 313 2963 memoriam
326 2906 446 2966 fusionis
461 2910 524 2986 ejus
536 2910 565 2966 in
580 2929 672 2968 eruce.

184 3006 234 3058 75.
260 3000 326 3079 otj.
344 3007 391 3062 12.
414 3004 573 3064 Consuevit
593 3008 717 3064 convivii
739 3007 881 3084 paschalis
903 3007 1047 3084 magister,
1062 3024 1114 3063 seu
1137 3005 1344 3082 paterfamilias

146 3117 252 3175 panem
268 3100 437 3177 porrigendo
453 3102 566 3160 dicere:
590 3111 609 3140 “
622 3104 680 3161 Hic
701 3116 744 3160 est
759 3106 840 3180 panis
862 3104 1023 3163 afflictionis
1047 3122 1132 3177 quem
1154 3103 1347 3161 comedebant

146 3205 240 3271 patres
256 3198 345 3255 nostri
359 3198 388 3255 in
404 3197 570 3275 AEgypto.'’
611 3199 701 3277 Igitur
716 3200 825 3258 Christi
842 3202 926 3258 verba
936 3200 1018 3257 facile
1033 3199 1260 3277 intelligebantur
1274 3200 1347 3273 quid

147 3295 229 3370 panis
243 3281 456 3372 repraesentaret
469 3297 640 3373 significare.

185 3391 274 3470 Resp.
298 3393 342 3451 De
357 3394 562 3452 consuetudine
577 3395 624 3453 illa
647 3414 705 3452 non
728 3399 862 3462 constat‚¹
877 3415 942 3453 nam
967 3395 996 3452 in
1011 3394 1153 3452 veteribus
1175 3392 1347 3454 Judaeorum

146 3491 226 3551 libris
240 3494 269 3551 in
284 3494 387 3566 quibus
402 3492 545 3570 paschalis
559 3494 684 3552 convivii
698 3495 768 3552 ritus
783 3488 990 3561 deseri-buntur.
1002 3495 1119 3551 omnino
1134 3492 1170 3550 de
1181 3512 1215 3551 ea
1230 3493 1346 3561 siletur,

147 3591 229 3666 cujus
244 3592 343 3666 primis
358 3592 489 3650 meminit
504 3591 696 3651 Maimonides
710 3593 807 3650 saeculi
827 3591 989 3651 duodecimi
1010 3591 1157 3668 scriptor.⁸
1198 3591 1349 3650 Caeterum

148 3686 232 3743 verba
246 3686 293 3743 illa
306 3688 387 3745 initio
402 3688 504 3765 hymni
518 3688 659 3756 dicuntur,
675 3688 750 3747 haud
764 3689 846 3766 panis
868 3686 1031 3766 porrigendi
1045 3688 1208 3756 occasione,
1222 3702 1252 3745 et
1267 3689 1348 3748 huno

147 3783 251 3843 habent
264 3804 399 3844 sensum:
415 3788 503 3845 Panis
518 3788 571 3845 iste
586 3807 643 3861 quo
657 3807 733 3847 nunc
750 3789 893 3846 vescimur
907 3785 1036 3864 ejusdem
1052 3797 1096 3843 est
1116 3786 1230 3862 generis
1246 3805 1281 3845 ac
1295 3788 1347 3846 ille

150 3898 208 3953 quo
222 3892 316 3956 patres
331 3883 420 3940 nostri
433 3885 463 3941 in
478 3883 611 3961 AEgypto
632 3885 828 3943 vescebantur.
870 3884 1056 3942 Recentiores
1076 3880 1171 3940 Judaei
1192 3895 1350 3943 consuetu·

150 3976 232 4035 dines
247 3977 351 4035 habent
364 3978 500 4055 plurimas
515 3979 657 4037 veteribus
671 3980 792 4058 ignotas,
808 3998 871 4052 quae
888 3978 929 4038 nil
942 3978 1037 4036 valent
1050 3977 1080 4036 in
1101 3977 1212 4035 Christi
1227 3977 1351 4038 Domini

150 4075 234 4135 dictis
249 4076 293 4134 vel
307 4076 391 4134 rebus
406 4077 494 4154 gestis
516 4077 699 4166 illustrandis.
742 4076 874 4137 Profectd
897 4077 970 4135 actio
991 4077 1053 4153 ejus
1068 4094 1172 4154 panem
1192 4075 1224 4135 iu
1244 4095 1349 4136 manus

143 4356 148 4367 Ι
185 4295 229 4362 (1)
249 4295 307 4360 lpse
318 4292 437 4345 Calvinus
448 4293 497 4345 ait:
515 4300 530 4326 “
539 4294 662 4346 Incertum
673 4301 711 4345 est
728 4309 761 4344 1111
779 4293 840 4343 ritus
850 4291 894 4357 qui
904 4290 977 4342 hodie
992 4291 1092 4342 celebris
1108 4297 1146 4341 est
1162 4272 1227 4341 inter
1242 4291 1352 4354 iudeus,

150 4387 211 4432 tunc
221 4380 295 4431 etism
306 4379 379 4430 fuerit
394 4381 511 4431 usitatus:
528 4396 588 4432 nam
606 4379 789 4446 paterfamilias
804 4378 968 4441 fragmentum
979 4393 995 4427 a
1005 4377 1131 4428 communi
1148 4391 1213 4442 pane
1223 4387 1351 4444 sumptum

150 4466 196 4518 sub
206 4480 295 4531 mappa
306 4465 422 4526 recondit,
433 4467 505 4532 cujus
515 4475 595 4531 partes
605 4466 702 4518 famssim
713 4463 862 4517 distribuat”
895 4463 928 4517 ln
936 4462 1049 4514 Hermon
1059 4463 1157 4526 Eveng.
1167 4478 1193 4530 p.
1209 4463 1236 4517 it
1247 4479 1273 4517 n.
1293 4465 1348 4516 tur.

153 4567 226 4602 sacru
237 4550 322 4602 Coens
333 4551 463 4604 institutio.

187 4638 230 4706 (2)
250 4637 313 4688 Vide
321 4635 438 4690 Lecturss
447 4655 480 4690 on
492 4637 534 4690 the
544 4637 677 4689 Eucharist
685 4639 719 4704 by
730 4636 869 4690 Wisemsu·
902 4633 1013 4687 Lectum.
1022 4633 1065 4687 vii.
