2774 5056
144 314 206 372 ms
302 266 311 299 '³
559 310 617 373 ns
639 311 944 373 consessione

143 472 250 540 reniet,
263 469 446 545 coloremque
464 469 533 531 lidai
552 489 651 531 sarum
678 489 764 545 quem
783 471 936 550 acceperit,
956 468 1096 531 ostendat.
1137 469 1256 530 Cretera
1273 482 1340 527 raro

143 571 223 639 vitia,
237 579 381 643 umquam
396 569 575 640 valetudinis,
584 583 613 629 at
623 570 705 645 quasi
714 571 906 629 membrorum
915 570 1018 630 animae
1028 578 1115 644 atque
1127 584 1281 636 sensnum
1292 582 1340 644 pm

143 668 273 747 seipsum
287 669 406 727 interius
427 668 458 727 in
478 668 652 728 conscientia
670 678 701 726 et
719 667 863 728 intellectu
878 667 1021 727 Dominus
1041 676 1124 726 sanat
1137 676 1169 724 et
1181 661 1340 744 corrigit-”¹

145 768 226 845 Ergo
238 766 380 826 sacerdoti
393 768 495 827 horum
509 766 654 826 malassio
664 784 723 825 non
736 777 780 825 est
793 764 933 826 facienda.

184 864 275 943 Besp.
297 865 384 925 Mens
404 874 448 923 est
468 863 638 923 venerabilis
662 863 810 941 scriptoris
829 881 880 922 eos
894 880 967 937 quos
980 870 1110 922 secanam
1122 860 1160 920 ad
1179 860 1340 922 Ecclesiam

146 960 282 1022 acoeders
309 960 423 1030 debere,
443 972 476 1020 ut
495 980 513 1020 a
531 960 611 1038 lepra
630 960 812 1028 mundantur,
833 959 933 1019 fideles
953 968 1046 1017 autam
1067 958 1183 1036 inipso
1209 957 1341 1018 Ecclesia

145 1056 326 1127 munditiam,
340 1059 366 1117 si
379 1077 436 1134 qua
448 1075 499 1117 sos
512 1056 642 1116 infecerit
654 1057 743 1125 labes,
755 1074 932 1134 recuperare,
945 1073 1033 1132 opera
1042 1062 1139 1114 tamen
1151 1053 1344 1121 sacerdommt

146 1155 275 1216 sitenim
289 1155 376 1215 alibi:
398 1164 420 1193 ‘⁸
431 1154 522 1215 Porro
541 1153 679 1233 gravioris
699 1154 786 1231 lepre
805 1152 1016 1213 immunditiam
1026 1151 1111 1229 juxte
1129 1151 1225 1229 legam
1242 1166 1340 1208 sacar·

147 1250 208 1311 doti
222 1251 390 1329 pandamus,
405 1262 490 1327 atque
505 1251 539 1310 sd
554 1252 617 1329 ejus
630 1250 775 1311 arbitrium
789 1249 909 1325 qualiter
921 1258 1064 1323 etqusnto
1073 1260 1203 1325 tempora
1212 1247 1340 1327 jusserit,

148 1349 293 1427 purificari
320 1348 500 1409 caremus.’'¹
538 1349 607 1427 Ipsa
633 1360 729 1407 autem
759 1356 854 1407 narrat
878 1345 999 1405 militem
1025 1344 1170 1420 quendam
1198 1343 1341 1403 Conrado

148 1445 211 1523 regi
242 1447 474 1523 acceptissimum
508 1445 615 1522 sapius
648 1443 683 1503 ab
715 1461 752 1503 ao
784 1442 961 1502 admonitum
995 1452 1015 1479 ‘⁸
1030 1450 1062 1499 nt
1093 1441 1280 1500 confiteretur
1312 1450 1340 1499 et

148 1542 312 1603 emendaret
323 1563 357 1603 sc
376 1544 549 1618 relinqueret
561 1552 677 1619 peccata
689 1559 742 1599 sna
753 1540 784 1610 ;”
799 1540 955 1608 distulisse,
970 1549 999 1598 at
1008 1539 1040 1599 in
1052 1541 1154 1599 mortis
1174 1537 1339 1598 discrimine

147 1641 273 1716 positum
288 1642 415 1700 noluisse
427 1659 462 1699 aa
474 1639 613 1707 confiteri,
627 1656 664 1697 ne
678 1651 756 1697 matu
769 1638 868 1697 mortis
882 1635 1024 1696 videratur
1034 1636 1148 1714 egisset
1161 1645 1193 1695 st
1211 1636 1340 1714 despera·

137 1736 225 1796 tione
244 1737 375 1796 obmtum
389 1736 507 1804 obiisse,
521 1753 610 1809 quum
624 1733 737 1794 demon
750 1733 792 1794 illi
803 1734 882 1792 viana
895 1734 934 1791 sit
943 1732 1072 1792 codicem
1086 1732 1227 1793 obnrlissa
1241 1733 1271 1793 in
1283 1750 1338 1807 quo

147 1840 169 1871 ‘⁶
180 1833 278 1891 omnia
290 1833 408 1901 scalers,
422 1831 583 1893 nonsolum
596 1850 661 1906 qum
671 1849 758 1909 opere
769 1831 814 1890 vel
828 1831 925 1899 verbo,
934 1829 1081 1889 sedetiam
1092 1848 1158 1904 quc
1173 1831 1338 1891 tenuissima

146 1930 339 2009 cogitatione”
355 1940 521 2009 peccaverat
529 1929 731 1989 referebantur.
772 1926 889 1988 “Hanc
902 1927 1060 1996 historiam,
1071 1927 1172 1987 sicuta
1186 1926 1338 1987 venarabili

147 2028 272 2089 antistite
285 2028 452 2088 Pechtalmo
466 2025 563 2096 didici,
577 2027 768 2105 simplicitati
795 2026 833 2086 ob
847 2025 968 2084 salutem
981 2024 1137 2102 lugentium
1151 2025 1215 2084 sive
1225 2022 1337 2083 audien

147 2126 229 2191 tium,
244 2122 412 2183 narrandam
422 2142 487 2182 esse
499 2123 644 2200 puuvi.’¹⁸
663 2123 706 2182 lta
716 2121 886 2182 venerabilis
893 2123 1025 2198 scriptor.

189 2227 257 2283 117.
281 2221 348 2300 obj.
362 2227 409 2282 1⁰.
432 2221 586 2282 Gonl'essio
591 2221 665 2299 juris
673 2220 763 2279 divini
771 2220 869 2280 baberi
877 2221 986 2294 nequit,
994 2238 1059 2281 nam
1072 2228 1177 2279 “carta
1186 2217 1337 2281 nullamda

146 2338 181 2380 aa
199 2320 292 2379 statim
307 2319 396 2379 luisse
410 2320 503 2398 legem
518 2328 567 2378 aut
586 2319 818 2379 constitutionem
836 2327 902 2378 ants
922 2316 1084 2378 Innocentii
1103 2316 1162 2378 111.
1176 2316 1338 2397 ternpora”⁴

146 2429 259 2480 constat
270 2436 307 2477 ax
322 2418 471 2478 annalibus
485 2417 697 2477 ecclesiasticis.

186 2515 275 2594 Hesp.
299 2516 450 2574 Calvinum
462 2534 499 2573 ex
511 2532 559 2572 ore
570 2533 623 2572 suo
634 2513 813 2581 damnamus,
825 2533 890 2572 nam
902 2513 1091 2573 confessionis
1102 2512 1338 2573 vetustissimum

146 2630 208 2671 csse
222 2631 312 2671 usum
327 2614 437 2678 fatetur,
459 2630 544 2684 quem
568 2611 645 2669 nulla
658 2611 722 2687 lege
743 2623 791 2668 aut
804 2611 1004 2669 constitutione
1025 2609 1221 2668 ecclesiastica
1242 2611 1337 2668 nixum

147 2730 212 2770 asse
226 2711 357 2769 declarat.
399 2711 444 2769 Ad
461 2712 510 2787 jus
525 2709 653 2768 divinum
669 2711 753 2786 igitur
767 2710 931 2768 referendus
945 2722 999 2778 est,
1014 2728 1068 2768 nec
1083 2712 1161 2768 enim
1177 2711 1335 2768 existiman·

147 2809 215 2867 dum
230 2808 328 2866 fideles
349 2820 426 2866 tanto
446 2808 526 2867 oneri
546 2827 611 2865 sese
631 2827 668 2866 ex
690 2810 896 2882 antiquissimis
924 2809 1098 2885 temporibus
1127 2818 1233 2885 sponte
1254 2806 1335 2865 veluti

147 2908 314 2983 subjecisse,
330 2907 407 2964 nulla
420 2906 483 2980 lege
505 2916 634 2982 cogente.
676 2906 765 2963 Recte
780 2906 814 2963 ad
829 2906 988 2964 innocentii
998 2917 1126 2983 tempora
1135 2905 1186 2964 lex
1195 2904 1336 2964 ecclesias·

146 3005 202 3063 tica
215 3004 341 3070 refertur,
357 3002 407 3060 aad
422 3003 560 3077 exipsius
576 3004 669 3061 verbis
683 3003 773 3076 liquet
786 3023 844 3062 non
858 3023 960 3062 noram
970 3022 1004 3061 ea
1015 3003 1111 3062 induci
1127 3004 1335 3080 obligationem,

145 3101 197 3160 sed
215 3100 341 3158 divinum
352 3101 402 3177 jus
416 3099 519 3176 urgeri,
535 3118 618 3176 poena
632 3100 831 3159 ecclesiasticae
843 3120 969 3160 censurae
983 3102 1119 3160 intentata
1132 3101 1160 3159 ei
1171 3102 1223 3174 qui
1236 3117 1335 3160 annum

146 3199 287 3278 integrum
303 3201 329 3258 ei
344 3198 505 3256 satisfacere
517 3198 683 3275 negligeret.

188 3301 255 3355 118.
280 3294 346 3373 obj.
364 3299 410 3352 ll.
432 3295 585 3371 Apostolos
600 3296 750 3372 excepisse
764 3296 970 3372 baptizatorum
980 3296 1130 3355 hominum
1141 3297 1333 3356 confessiones

146 3394 247 3454 nullibi
261 3393 392 3470 legimus.
433 3389 480 3448 De
494 3409 611 3449 rnunere
625 3410 673 3449 aas
694 3390 826 3449 audiendi
847 3392 911 3450 silet
932 3392 964 3449 S.
985 3392 1093 3450 Paulus
1108 3392 1139 3450 in
1159 3393 1290 3470 epistolis
1304 3388 1334 3449 ad

147 3492 334 3550 Timotheum
354 3499 384 3547 et
403 3488 513 3557 Titum,
534 3489 601 3546 licet
620 3489 717 3547 munia
743 3507 887 3548 sacrorum
918 3490 1113 3548 ministrorum
1141 3507 1180 3548 ex
1209 3490 1333 3566 professo

147 3589 281 3664 explicet.

186 3684 275 3762 Resp.
297 3684 356 3742 Res
370 3693 457 3760 gestae
468 3683 670 3757 Apostolorum
682 3701 778 3760 paucae
788 3683 955 3751 reseruntur,
967 3694 994 3741 et
1005 3701 1068 3756 quae
1081 3685 1177 3760 potius
1190 3683 1225 3743 ad
1240 3684 1333 3747 Ecule-

147 3784 197 3841 siae
212 3781 328 3841 exordia
341 3791 370 3838 et
383 3780 566 3838 diffusionem
580 3782 731 3857 pertinent,
747 3801 832 3855 quam
847 3781 880 3840 ad
893 3783 1050 3840 animarum
1064 3783 1204 3859 regimen.
1248 3784 1332 3842 Caete·

145 3899 209 3940 rum
223 3890 288 3957 post
299 3879 415 3937 relatum
430 3877 597 3936 doemoniaci
612 3878 736 3938 hominis
751 3881 888 3956 impetum
903 3881 932 3937 in
946 3890 1055 3955 septem
1065 3880 1141 3939 filios
1154 3881 1257 3950 Saeva,
1269 3883 1331 3941 Jesu

147 3977 355 4038 invocationem
369 3977 398 4034 in
412 3993 480 4033 suos
494 3994 562 4033 usus
578 3975 754 4045 adhibentes,
766 3977 867 4035 dicitur
879 3979 1035 4036 innotuisse
1049 3978 1067 4035 J
1071 3977 1161 4037 udaeis
1177 3991 1205 4038 et
1220 3979 1330 4039 Gentili-

146 4079 199 4136 bus
214 4075 325 4152 Ephesi
339 4072 523 4142 morantibus,
539 4082 597 4131 “et
611 4074 714 4133 cecidit
728 4075 811 4134 timor
825 4094 911 4152 super
925 4094 1024 4134 omnes
1040 4075 1116 4145 illos,
1132 4087 1163 4136 et
1177 4078 1329 4154 magnilica-

147 4174 226 4232 batur
240 4190 344 4231 nomen
356 4168 474 4230 Domini
488 4169 506 4227 J
508 4188 569 4228 ean.
611 4170 754 4244 Multique
768 4170 942 4231 credentium
954 4172 1115 4242 veniebant,
1131 4173 1297 4234 confitentes
1307 4181 1329 4231 et

443 4365 484 4432 (1)
503 4363 534 4414 L.
544 4379 567 4412 r.
580 4362 635 4413 inc.
644 4363 702 4414 xvii.
714 4363 776 4417 Luc.

443 4449 483 4515 (2)
503 4451 535 4500 In
545 4465 567 4498 c.
577 4465 600 4498 v.
612 4464 650 4513 ep.
660 4449 752 4500 Jacobi.

444 4536 484 4600 (3)
503 4533 534 4584 L.
540 4551 564 4585 r.
574 4535 630 4586 hist
641 4536 709 4587 Ecol.
720 4536 800 4586 cxiv.

445 4619 488 4685 (4)
507 4617 626 4672 Calvinum
637 4621 696 4672 Inst.
708 4621 766 4672 tiit
776 4637 798 4672 c.
805 4620 837 4672 iv.
847 4636 874 4672 ιι.
885 4625 909 4672 7.
