2812 5062
70 359 78 381 ,
103 313 160 371 182
548 307 849 371 OBJEOTIONES.

101 468 246 530 Ethnicos
260 466 539 537 scribens,.lostinus
553 476 608 537 est,
623 468 672 541 qui
685 469 765 547 gravi
775 468 944 528 necessitate
956 467 1036 529 adid
1049 467 1166 528 adactus
1179 484 1300 527 eonsen-
1347 460 1350 517 ἷ

102 568 157 629 dus
171 575 224 638 est,
239 566 345 642 quique
369 565 524 625 erratione
538 565 663 641 loquitur
683 569 748 640 qom'
761 565 829 626 fidei
843 567 1001 626 Catholicae
1019 568 1139 627 omnino
1159 573 1208 627 est
1231 585 1300 626 eon·

102 685 182 746 grus.
224 664 331 724 Ceteri
349 664 503 742 objeotioni
524 662 560 722 de
580 664 674 741 epulis
696 665 836 742 thyesteis
856 665 1062 744 respondentes
1076 664 1112 725 tle
1127 666 1299 725 eucharistie

101 763 248 831 siluerunt,
265 779 401 839 magnum
415 761 534 819 subesse
549 780 683 820 manum
697 761 823 840 prolenis
844 762 920 822 haud
941 761 1125 822 revelandum
1140 763 1207 840 ipso
1220 762 1299 836 quod

102 868 249 920 servarunt
257 858 373 917 silentio
388 856 556 917 indicantes.
598 859 631 917 Si
645 859 816 919 eucharistia
829 859 901 920 adeo
914 870 1096 920 sacrosancta
1109 878 1169 919 non
1183 859 1297 929 fuisset,

100 969 130 1018 ot
142 954 283 1034 symbolis
306 954 417 1015 Christi
438 956 538 1015 mortis
558 965 667 1014 tantmn
687 957 872 1025 constitisset,
894 976 960 1017 eum
981 957 1085 1031 quavis
1111 956 1229 1026 virtute,
1253 956 1299 1015 vel

101 1055 222 1134 spiritali
235 1073 321 1130 quam
334 1055 446 1132 fingunt
460 1054 620 1130 presentia,
635 1053 712 1113 nollo
725 1055 827 1115 fuisset
841 1056 911 1115 ratio
924 1074 975 1115 our
989 1055 1107 1115 Ethnisi
1121 1067 1151 1115 et
1164 1036 1298 1115 catechu-

102 1152 180 1212 meni
194 1151 229 1210 ab
243 1151 306 1229 ejus
320 1150 508 1210 celebratione
522 1160 702 1220 arcerenturr
717 1169 806 1225 quum
816 1153 911 1230 potius
920 1151 1058 1212 invitandi
1072 1162 1171 1212 essent
1183 1170 1298 1222 omnes,

101 1249 138 1311 ad
150 1249 308 1311 calumniae
322 1248 496 1308 Christianis
511 1249 650 1327 impactas
665 1249 778 1328 penitus
792 1250 984 1329 dissipandas.

136 1406 180 1475 (1)
200 1406 363 1474 Disciplinam
375 1406 458 1459 mesni
468 1404 561 1458 erudite
573 1408 675 1474 exponit
681 1415 900 1474 argumentumque
911 1407 968 1460 inde
979 1407 1085 1461 desumit
1091 1408 1202 1460 eruditos
1212 1411 1304 1476 mosol

101 1493 218 1554 Trevern,
229 1494 339 1559 inopere
349 1492 414 1544 ‹lioto
425 1490 573 1542 nomem
581 1492 692 1545 eminete.
725 1492 808 1545 Lethe
819 1493 869 1544 viii.
897 1493 948 1544 Sed
958 1493 1059 1545 felieitm
1069 1493 1143 1545 eham
1154 1502 1180 1546 et
1189 1503 1304 1548 maante

101 1579 210 1630 loannes
229 1577 339 1647 Baptista
355 1579 441 1630 Palma
451 1578 562 1645 inopere
583 1579 675 1646 pluries
684 1579 797 1632 landate:
816 1579 986 1632 Pmleetiones
1002 1579 1068 1632 Hist.
1085 1580 1154 1634 Eeel.
1165 1588 1182 1632 t
1193 1581 1212 1633 i.
1224 1581 1305 1632 axvi.
