2774 5056
396 311 960 403 ouummsrusrunormus.
1237 318 1273 374 u

90 476 273 551 unusquisque
290 483 423 535 vestrum
435 474 467 533 in
486 473 603 534 nomine
615 471 687 532 Jeso
700 471 811 532 Christi
824 471 855 531 in
875 471 1074 531 remissionem
1095 482 1275 550 peecatorum

91 584 245 643 vestrorum,
273 585 308 632 et
337 573 479 652 accipietis
509 571 615 633 donum
642 573 765 650 Spiritus
794 564 953 629 Sancti.”¹'
976 571 1142 649 Baptismus
1176 572 1273 650 igitur,

92 666 192 730 Christi
221 671 391 730 auctoritate
417 670 619 748 penitentibus
649 669 778 738 collatus,
807 668 837 728 iu
863 668 1061 728 remissionem
1096 680 1276 747 peccatorum

92 766 209 845 prodest,
233 771 296 828 imo
323 769 357 827 ad
381 769 488 828 donum
511 768 634 846 Spiritus
662 767 764 827 Sancti
782 766 1010 841 assequendum:
1031 766 1144 826 divinus
1171 768 1280 828 scilicet

92 864 207 944 Spiritus
220 867 341 926 remittit
353 866 417 944 ipse
430 865 579 944 baptisatis
593 865 756 925 hominibus
770 876 896 943 peccata,
910 882 1017 938 cosque
1029 864 1093 923 Deo
1107 876 1212 943 gratos,
1223 884 1276 925 suo

94 962 164 1025 (ἱοιιο
176 976 287 1034 auctos,
303 965 401 1023 efficit.

126 1065 174 1119 89.
195 1062 324 1120 Ananias
339 1061 474 1120 divinitus
488 1061 594 1120 missus
605 1069 635 1119 ut
648 1059 767 1119 Saulum
788 1060 955 1139 baptizaret,
970 1071 1150 1139 peccatorum
1165 1061 1278 1120 veniam

95 1159 225 1220 ablutioni
239 1161 354 1230 tribuit3
376 1161 419 1220 sic
439 1160 516 1218 enirn
529 1159 647 1219 Saulum
661 1157 801 1218 allocutus
816 1159 953 1218 refertur:
976 1168 995 1196 “
1007 1158 1135 1237 Exurge,
1150 1170 1179 1218 et
1191 1160 1280 1237 bapti·

94 1261 162 1328 aare,
178 1268 207 1316 et
216 1259 299 1318 ablue
314 1269 430 1336 peccata
444 1258 535 1317 tua-”⁸
573 1257 653 1336 Ergo
667 1257 809 1334 baptismo
820 1256 969 1315 abluuntur
982 1267 1108 1335 peccato.

127 1361 177 1416 99.
198 1358 309 1416 Paulus
323 1360 386 1435 ipse
399 1359 541 1436 baptismo
555 1356 652 1414 tribuit
660 1363 841 1433 peccatorum
855 1354 1038 1422 ablutionem,
1053 1374 1187 1415 unacum
1202 1374 1282 1414 sanc·

100 1454 172 1513 titate
193 1465 224 1513 et
251 1456 388 1531 justitia,
417 1455 565 1514 recensitis
599 1454 677 1513 enim
697 1452 773 1511 vitiis
801 1453 904 1527 quibus
919 1453 1057 1526 inquinati
1081 1456 1150 1514 olim
1177 1453 1287 1513 fuerant

97 1551 245 1623 Corinthii,
274 1555 444 1633 subjungit:
467 1554 539 1613 “Et
558 1554 620 1613 hac
643 1552 759 1627 quidem
787 1553 900 1611 inistis:
931 1554 982 1612 sed
1009 1554 1096 1612 abluti
1123 1556 1203 1622 estis,
1231 1555 1282 1612 sed

97 1652 256 1710 unchlicati
270 1653 350 1721 estis,
364 1651 415 1710 sed
425 1651 573 1729 justificati
587 1651 666 1719 estis,
676 1651 706 1709 in
720 1649 836 1708 nomine
847 1650 967 1708 Domini
978 1653 1066 1711 nostri
1075 1651 1145 1710 Jesu
1161 1651 1281 1721 Christi,

97 1758 121 1806 st
132 1749 161 1806 in
174 1749 284 1826 Spiritu
299 1749 355 1808 Dei
370 1749 505 1808 nostri.'’⁸
532 1748 647 1807 hblutio
658 1747 693 1806 de
708 1766 764 1821 qua
777 1747 903 1820 loquitur
916 1747 951 1806 ad
964 1748 1136 1825 baptismum
1151 1749 1279 1817 refertur,

99 1862 149 1917 quo
171 1846 322 1904 abluuntur
348 1855 473 1923 peccata,
496 1846 598 1904 virtute
620 1855 648 1903 et
671 1838 779 1904 meritis
795 1843 922 1913 christi,
952 1845 1060 1922 Spiritu
1085 1846 1202 1915 Sancto,
1225 1866 1283 1906 sua

100 1944 185 2018 pana
196 1942 285 2012 dono,
301 1944 426 2003 animam
440 1954 567 2002 sanctam
581 1954 609 2001 et
618 1943 726 2019 justam
738 1941 890 2000 efficiente.
1362 2019 1367 2025 Ι

133 2045 179 2100 91.
200 2042 248 2101 Ad
262 2042 380 2103 Galatas
395 2044 502 2103 Paulus
516 2041 631 2100 scribit:
655 2039 797 2099 “Omnes
810 2042 888 2099 enim
902 2041 954 2099 filii
968 2042 1025 2101 Dei
1039 2043 1107 2101 estis
1123 2061 1174 2120 per
1188 2043 1286 2111 iidem,

102 2151 223 2214 quaest
251 2143 281 2200 in
302 2140 420 2200 Christo
441 2142 523 2200 Jesu.
564 2140 746 2212 Quicumque
771 2139 892 2197 enimin
908 2138 1026 2198 Christo
1045 2142 1181 2219 baptizati
1204 2143 1284 2210 estis,

105 2235 242 2297 Christum
256 2237 440 2296 induistis.”⁴
478 2238 628 2314 Baptismo
643 2234 792 2294 Christum
807 2234 962 2304 induimus,
977 2237 1085 2296 meritis
1100 2239 1210 2297 scilicet
1224 2240 1287 2317 ejus

105 2339 282 2414 cooperimur,
310 2346 340 2394 et
365 2337 417 2395 filii
450 2336 507 2394 Dei
542 2333 692 2401 efficimur,
720 2333 783 2410 ejus
810 2351 896 2390 causa
919 2333 955 2391 ad
989 2343 1094 2393 uotam
1121 2335 1286 2414 dignitatem

108 2436 195 2493 esech.

138 2530 353 2610 sumptiones
379 2533 419 2589 ita
444 2529 592 2587 hortatur:
628 2526 722 2585 “Viri
745 2524 854 2603 diligite
880 2543 986 2585 uxores
1012 2536 1132 2598 vestras,
1160 2532 1235 2591 sicut
1262 2544 1291 2590 et

105 2624 227 2688 umbus
242 2628 345 2688 dilexit
361 2626 535 2694 Ecclesiam,
549 2633 578 2683 et
601 2624 730 2701 seipsum
744 2620 857 2681 tradidit
869 2641 921 2700 pro
934 2643 978 2683 ea.
1020 2624 1061 2684 Ut
1074 2626 1152 2687 illam
1166 2630 1291 2690 sanctifi·

104 2734 178 2794 caret,
193 2725 336 2784 mundans
349 2725 461 2783 lavacro
476 2741 556 2797 aqua
570 2723 601 2781 in
618 2721 706 2779 verbo
719 2720 794 2778 vitoe.
837 2718 877 2778 Ut
897 2721 1045 2782 exhiberet
1058 2723 1123 2801 ipse
1137 2726 1192 2785 sibi
1207 2727 1292 2805 glori·
1354 2794 1362 2809 ·

105 2839 176 2882 utam
184 2822 359 2891 Ecclesiam,
371 2840 430 2881 non
439 2822 590 2880 habentem
600 2819 750 2886 maculam,
762 2825 810 2875 ant
819 2836 929 2894 rugam,
942 2830 989 2878 aut
1000 2820 1106 2895 aliquid
1115 2822 1291 2902 hujusmodi,

105 2919 147 2978 ssd
157 2930 188 2979 ut
200 2923 238 2980 sit
251 2929 349 2980 sancta
362 2928 392 2978 et
404 2916 628 2990 immaculatast’,
668 2915 795 2974 Lavocro
816 2933 897 2987 aqua
912 2916 942 2975 in
964 2919 1060 2987 verbo,
1080 2920 1223 2997 baptismo
1238 2925 1293 2982 sci·

105 3014 172 3087 licet,
185 3017 337 3077 mundatur
350 3016 491 3083 Ecclesia,
506 3015 577 3073 etfit
590 3012 723 3092 gloriosa,
738 3019 845 3078 sancta,
860 3021 888 3069 et
909 3013 1097 3074 immaculata.
1139 3015 1292 3077 Tolluntur

108 3130 166 3191 ergo
177 3116 321 3192 baptismo
334 3124 460 3192 peccata,
476 3112 546 3171 adeo
561 3121 591 3172 ut
611 3110 745 3190 baptizati
767 3109 908 3170 elavacro
929 3111 1075 3189 prodeant,
1090 3115 1169 3174 omni
1182 3116 1293 3175 macula

110 3209 255 3270 immunes.

107 3331 110 3334 ·
141 3310 186 3365 93.
206 3307 253 3365 Ad
267 3307 368 3366 Titum
383 3307 490 3375 scribit,
507 3305 661 3366 Salvatoris
685 3304 774 3363 nostri
795 3303 852 3362 Dei
866 3305 1069 3365 commendans
1092 3307 1291 3368 clementiam:

52 3478 55 3489 Ι
112 3406 289 3464 “seeundum
304 3424 387 3463 suam
402 3402 626 3464 miscricordiam
647 3403 740 3461 salvos
755 3421 808 3460 nos
823 3402 899 3470 lecit,
915 3421 965 3479 per
985 3421 1143 3485 nsvsqaurr
1156 3423 1293 3464 unusua-

52 3498 62 3571 t·
113 3516 236 3562 umerus
249 3520 291 3560 nu
310 3519 527 3560 unucvsrrorus
550 3501 688 3559 Summos
711 3497 1051 3572 Ssucr1,quomeffudit
1070 3499 1099 3557 iu
1114 3518 1167 3558 nos
1182 3501 1293 3561 abunde

52 3542 59 3705 l
114 3614 156 3673 per
173 3598 274 3659 lesum
303 3599 453 3657 Christum
482 3598 658 3657 salvatorem
683 3606 830 3662 nostrumt
851 3605 883 3652 ut
901 3594 1049 3671 justificati
1077 3597 1166 3674 gratia
1189 3599 1292 3677 ipsius,
1346 3648 1348 3656 .

52 3714 54 3725 ·
114 3690 226 3754 heredes
240 3696 332 3755 simus
345 3692 501 3752 secundum
512 3711 593 3770 spem
607 3692 672 3750 vitae
687 3688 845 3748 aeteruae.'’³
877 3689 1035 3749 Lavacrum
1048 3691 1083 3751 de
1099 3711 1157 3767 quo
1169 3695 1293 3768 loquitur

52 3826 54 3855 ;
116 3789 254 3867 Apostolus
276 3792 436 3871 baptismus
461 3801 514 3858 ast,
535 3808 590 3848 nec
616 3787 694 3847 enim
714 3787 792 3845 aliud
812 3798 915 3846 norunt
930 3787 1041 3847 Christi
1061 3788 1204 3869 discipuli.
1247 3792 1292 3851 Eo

116 3905 297 3967 mgsueramur
310 3901 340 3951 et
366 3908 546 3957 renovamur,
574 3888 682 3967 Spiritu
708 3888 813 3947 Sancto
839 3887 868 3946 iu
883 3904 935 3946 nos
957 3887 1060 3956 effuso,
1075 3907 1160 3962 quam
1175 3891 1291 3966 gratiam

52 4042 55 4075 Ι
119 3975 291 4066 adipiscimur,
306 3989 419 4052 Christi
440 3988 510 4047 Jesu
533 3987 686 4070 Salvatoris
700 3987 790 4046 nostri
803 3987 915 4046 intuitu.
956 3984 1032 4045 Justi
1045 3987 1129 4065 igitur
1143 3987 1290 4055 efficimur,
1369 4000 1380 4037 t

532 4286 534 4291 ,
602 4176 640 4281 ll)
655 4219 712 4270 Act.
722 4217 748 4269 ii.
760 4220 802 4268 38.

601 4307 642 4374 (2)
661 4306 717 4356 Act.
728 4304 788 4356 xxii.
803 4307 842 4356 16.

598 4390 640 4460 (³)
658 4389 744 4441 LCor.
756 4389 789 4440 ri.
803 4392 841 4440 11.

599 4478 640 4543 (4)
659 4476 715 4526 (ιιι
725 4473 760 4525 ιιι.
772 4477 813 4525 as.

600 4562 640 4629 (s)
657 4560 708 4614 'rte
720 4560 754 4612 ιιι.
766 4562 789 4611 o.
