2774 5056
89 318 128 374 et
426 315 483 375 DE
505 313 711 375 MINISTRO
733 314 942 376 BAPTISMI.

88 472 186 534 dicunt
199 472 348 535 interatum
358 493 415 535 non
430 493 516 553 pesse
527 475 741 534 Sacramentum
753 474 889 534 frustrari.
930 472 1076 547 Equidem
1090 472 1163 532 inter
1172 469 1291 529 damna·

90 581 133 631 tas
145 574 355 651 propositiones
367 573 429 632 haec
442 574 599 650 reperitur:
622 573 738 633 “Valet
750 574 908 649 baptismus
920 572 1038 631 collatus
1051 591 1068 630 a
1080 571 1223 638 ministro,
1239 569 1291 643 qni

89 685 206 728 omnem
217 671 302 728 ritum
313 679 473 739 externum,
485 670 663 744 formamque
670 669 834 746 baptizandi
842 669 982 736 observat,
994 670 1070 727 intus
1079 666 1146 727 verd
1161 668 1191 726 in
1203 665 1291 725 corde

89 783 142 823 suo
156 766 231 843 apud
251 785 282 824 se
303 768 436 827 resolvit:
459 786 517 829 uon
538 767 654 826 intendo
675 767 778 835 iacere,
793 767 870 840 quod
884 767 953 826 facit
973 764 1154 826 Ecclesis.’'¹
1196 764 1287 823 Suam

90 865 258 922 sententiam
273 863 386 923 defendi
401 874 496 925 tamen
510 884 597 943 posse
610 864 756 924 contendit
768 864 920 933 tuentius,
935 865 1002 938 quia
1016 875 1110 942 potoat
1123 863 1172 921 illa
1186 879 1292 940 propo·

90 960 157 1018 sitio
170 960 206 1019 de
217 979 252 1019 eo
266 961 387 1040 intelligi
401 963 451 1035 qui
464 962 503 1020 ita
516 962 574 1040 agit
587 962 623 1020 iis
634 962 664 1020 in
679 980 773 1020 rerum
786 960 928 1039 adjunctis
938 962 967 1020 in
982 962 1085 1035 quibus
1099 979 1132 1019 se
1146 958 1292 1018 Ecclesia

90 1058 206 1116 nomine
220 1077 302 1135 agere
314 1077 372 1117 non
386 1058 511 1118 simulat.
554 1068 574 1096 ‘⁶
587 1058 633 1117 Ea
646 1058 682 1117 de
696 1058 815 1126 causa‚’'
826 1058 928 1133 inquit,
944 1067 964 1095 ‘⁶
975 1057 1066 1116 valide
1080 1075 1140 1116 non
1153 1056 1291 1132 baptizat,

90 1155 140 1228 qui
155 1174 171 1213 a
185 1157 300 1214 nemine
325 1154 495 1233 postulatus,
510 1155 588 1214 domi
613 1175 678 1215 cnm
699 1174 836 1233 expressa
861 1155 916 1215 SS.
938 1153 1087 1213 Trinitatis
1109 1151 1291 1211 invocatione

89 1253 228 1312 infantem
243 1253 341 1322 abluit,
356 1255 381 1312 si
396 1255 469 1313 intra
482 1273 514 1313 se
529 1255 652 1313 resolvat
664 1254 694 1312 id
709 1254 786 1328 quod
807 1254 862 1312 fert
875 1255 1034 1332 propositio
1046 1252 1083 1311 de
1108 1270 1166 1325 qua
1188 1251 1289 1327 agitur,

90 1350 160 1409 Non
175 1350 291 1410 intendo
303 1351 395 1410 facere
410 1350 487 1426 quod
500 1352 568 1411 lacit
581 1351 761 1410 Ecclesia.'’¹
801 1352 946 1410 Oaeterunr
960 1349 1141 1408 dissimulare
1154 1364 1215 1407 non
1225 1364 1291 1423 pos·

90 1466 191 1506 sumus
206 1448 432 1524 propositionem
447 1446 608 1506 damnatam
623 1449 659 1506 iis
672 1449 785 1525 concipi
800 1448 894 1507 verbis
908 1466 972 1521 quae
993 1444 1141 1504 sententioe
1164 1442 1292 1501 Theolo-

79 1564 202 1624 ·gorum,
224 1548 274 1620 qni
296 1544 448 1607 externum
468 1557 581 1606 tuentur
600 1548 799 1616 intentionem,
823 1565 887 1620 quae
907 1546 1017 1605 scilicet
1040 1554 1102 1603 actu
1128 1560 1161 1601 ee
1186 1541 1292 1619 prodit,

89 1643 236 1702 simillima
249 1657 336 1716 sunt3
357 1646 402 1703 cui
418 1643 537 1721 proinde
552 1663 636 1722 grave
658 1646 760 1723 vulnus
775 1644 886 1703 illatum
900 1642 1073 1702 Benedictus
1089 1640 1174 1700 xlv.
1190 1635 1292 1698 metitd

89 1737 182 1798 dicit⁸
221 1740 317 1808 Quum
329 1751 423 1800 autern
437 1742 499 1801 haec
510 1743 638 1820 insignes
654 1742 756 1801 habeat
770 1740 923 1809 vindices‚⁴
935 1753 973 1808 et,
989 1739 1118 1799 Summis
1141 1737 1295 1797 Pontifici·

90 1835 144 1894 hus
158 1838 292 1906 consciis,
304 1840 485 1908 sustineatur,
497 1847 626 1898 nostrum
640 1857 699 1897 non
713 1849 757 1896 est
776 1856 840 1898 earn
855 1838 1034 1919 improbare3
1056 1837 1083 1895 ei
1104 1833 1218 1895 scilicet
1230 1853 1294 1912 gra·

90 1932 217 1993 vissimae
232 1935 354 1994 rationes
368 1935 474 2005 favent,
486 1936 536 1995 sed
549 1936 722 1995 auctoritatis
736 1935 849 2014 pondus
865 1934 920 1994 alid
935 1934 1062 1993 inclinat.

104 2058 109 2067 ·
132 2033 200 2113 Ι188.
221 2033 372 2111 Episcopi,
394 2043 492 2110 utpote
513 2034 718 2112 Apostolorum
739 2051 932 2102 successores,
945 2032 1060 2111 proprio
1084 2050 1140 2091 suo
1155 2031 1222 2108 jure
1237 2030 1295 2089 sibi

89 2144 196 2189 munus
216 2129 379 2207 baptizandi
393 2129 555 2189 vindicante
577 2130 628 2190 sed
643 2141 672 2188 et
691 2131 853 2208 presbyteri
867 2129 902 2188 ad
916 2129 945 2189 id
970 2127 1174 2197 exercendum,
1189 2128 1218 2187 vi
1231 2146 1294 2187 suts

88 2224 276 2287 ordinationis
297 2240 364 2288 sunt
377 2228 484 2296 idonei,
500 2230 631 2303 quamvis
645 2231 729 2289 venia
740 2247 791 2288 seu
807 2228 974 2309 auctoritate
985 2228 1119 2309 episcopi
1133 2226 1294 2305 indigeant.

91 2323 216 2384 “Dandi
231 2325 346 2399 quidem
363 2324 567 2405 (baptismum)
582 2325 668 2385 hahet
676 2327 726 2404 jus
748 2344 879 2384 summus
902 2312 1047 2392 smerdes,
1059 2324 1109 2397 qui
1123 2333 1168 2381 est
1180 2323 1296 2400 episco-

89 2441 165 2500 pust
187 2423 291 2483 dehinc
312 2425 470 2501 presbytcri
485 2435 514 2484 et
533 2425 664 2493 diaconis
686 2444 744 2484 non
759 2436 854 2484 tamen
869 2424 932 2483 sine
949 2423 1087 2501 ¹episcopi
1111 2422 1296 2490 authoritate,

90 2531 207 2599 propter
220 2523 360 2580 Ecclesiae
376 2523 525 2592 honorem,
541 2542 599 2597 quo
613 2524 703 2592 salvo,
720 2526 798 2581 salva
813 2543 871 2600 pax
884 2522 975 2581 est.''³
1015 2521 1059 2580 lta
1084 2521 1295 2579 Tertullianus.

93 2618 240 2679 Diaconos
255 2621 416 2696 baptizasse
438 2623 472 2679 ab
494 2621 564 2698 ipsis
590 2621 754 2697 primordiis
770 2621 911 2680 Ecclesiae
926 2631 1048 2690 constat,
1063 2620 1194 2698 Philippi
1214 2621 1295 2679 enirn

89 2734 127 2774 ex
142 2717 242 2793 primis
258 2729 370 2794 septem
386 2716 514 2776 diaconis
530 2721 629 2794 operit,
646 2719 816 2777 Samaritani
840 2730 868 2777 et
881 2720 1029 2778 eunuchus
1051 2718 1166 2776 salutari
1180 2718 1296 2779 lavacro

88 2814 178 2874 renati
192 2825 268 2873 sunt.
302 2815 457 2884 Ceterum,
472 2815 580 2874 ordinis
595 2835 691 2885 cansa,
702 2817 837 2875 Gelasius
857 2819 946 2895 Papa,
961 2819 1049 2876 veteri
1062 2819 1136 2877 mori
1150 2817 1296 2876 inherens

91 2910 128 2970 de
151 2911 187 2968 iis
202 2912 333 2970 censuit:
357 2913 510 2987 “Absque
531 2914 679 2991 episcopo,
696 2914 741 2972 rel
762 2916 942 2993 presbytero,
963 2915 1107 2991 baptizare
1122 2933 1182 2972 non
1207 2914 1296 2973 aude-

96 3007 188 3067 ant.”⁶
237 3008 315 3067 Hinc
329 3006 456 3067 diaconis
466 3011 528 3087 jam
542 3030 600 3069 non
614 3011 680 3070 licet
693 3012 847 3089 baptizare,
863 3013 919 3071 nisi
939 3012 1058 3088 jubente
1081 3012 1233 3089 episcopo,
1248 3012 1295 3071 sel

91 3107 226 3184 parocho,
248 3108 284 3165 ob
306 3126 437 3184 magnam
458 3110 656 3168 necessitatem
677 3111 723 3168 vel
738 3111 881 3170 Ecclesiae
900 3111 1061 3179 utilitatem,
1083 3111 1125 3168 uti
1145 3122 1246 3170 monet
1259 3111 1295 3171 S.

91 3205 257 3281 Alphonsus
272 3203 307 3262 de
328 3205 456 3282 Ligurio.
496 3207 742 3281 Quandocumque
770 3220 864 3266 autem
886 3207 1014 3267 diaconis
1039 3206 1207 3266 conceditur
1227 3208 1297 3286 bap·

92 3305 172 3362 tismi
186 3302 402 3372 administratio,
415 3304 537 3362 solemni
552 3315 668 3364 utuntur
681 3307 747 3364 ritu.

134 3404 200 3459 184.
222 3401 302 3458 Laici
316 3412 432 3478 urgente
447 3403 616 3460 necessitate
630 3403 706 3461 licite
724 3403 879 3478 baptizant,
892 3402 984 3461 valide
998 3404 1082 3461 etiam
1098 3412 1179 3461 extra
1193 3420 1295 3460 ncces·

90 3500 213 3558 sitatem.
254 3498 297 3557 Ita
307 3500 390 3576 juxta
411 3500 606 3576 Apostolicam
631 3500 811 3559 traditionem
833 3501 929 3560 docuit
950 3501 1180 3569 Tertulllianns3
1202 3520 1297 3574 quum

91 3600 169 3655 enim
184 3599 327 3674 episcopis
339 3599 388 3675 jus
403 3599 584 3669 vindicasset,
600 3599 717 3658 honoris
732 3619 826 3669 causa,
840 3601 1007 3677 subjunxit:
1032 3600 1190 3672 “alioquin
1207 3601 1297 3659 etiam
1329 3598 1336 3609 ”

93 3692 173 3751 laicis
181 3694 230 3770 jus
243 3704 306 3751 est:
330 3694 413 3762 Quod
435 3697 512 3755 enim
527 3715 657 3770 exaequo
672 3699 819 3775 accipitur,
831 3716 869 3755 ex
881 3715 964 3770 aeqoo
978 3696 1038 3755 dari
1052 3706 1149 3775 potest
1150 3739 1294 3757 .....
1328 3726 1331 3731 ·

128 3852 169 3917 (l)
190 3851 262 3916 Prop.
273 3852 359 3901 xxviii.
370 3853 433 3902 inter
444 3854 570 3904 damnatus
582 3857 612 3904 ab
623 3856 763 3906 Alexandro
775 3855 846 3908 VIII.
859 3871 925 3905 anno
939 3858 1011 3905 1690.

127 3936 169 4002 (2)
189 3937 255 3986 Dies.
267 3937 284 3985 i.
295 3937 325 3986 de
337 3937 501 3989 Sacramentis
513 3941 539 3988 in
557 3956 651 4002 genere,
663 3958 705 4005 qn.
717 3958 739 3990 v.
752 3943 799 4007 obj.
811 3943 835 3990 4.
870 3941 971 3991 Drouen
981 3942 1040 3993 dicit
1050 3949 1066 3974 ‘⁸
1075 3940 1136 3993 Nou
1148 3952 1242 4005 nostra,
1254 3942 1297 3992 sed

92 4039 167 4088 prava
178 4022 280 4073 Lntheri
291 4024 407 4085 doctrine,
419 4042 493 4090 quem
504 4027 668 4091 imprudenter
680 4027 760 4090 Belgm
772 4028 872 4092 quidam
883 4027 1004 4092 Theologi
1021 4029 1047 4079 in
1059 4029 1231 4083 nanuum
1242 4048 1297 4097 pro·

92 4109 228 4159 sinciarum
250 4109 340 4159 vicinis
362 4120 544 4171 renovaverant,
566 4112 684 4164 Romane
706 4113 872 4178 inquisitionis
894 4114 989 4165 decreto
1010 4117 1086 4181 petita
1104 4114 1167 4167 ΜΡ
1200 4116 1242 4169 De
1259 4117 1298 4167 Re

92 4196 286 4246 sacramentaria
296 4197 312 4245 l.
324 4195 340 4246 i.
351 4213 372 4247 c
383 4197 417 4248 iii.
429 4203 443 4259 ς
456 4199 480 4250 ii.
492 4202 559 4266 prob.
571 4201 664 4265 quinta.

130 4282 173 4348 (³)
192 4280 222 4332 L.
233 4281 273 4330 vii
284 4280 315 4330 de
326 4281 428 4345 Synodo
439 4300 461 4334 c.
469 4284 501 4334 iv.
1093 4294 1096 4299 '

130 4370 173 4436 (4)
192 4368 313 4419 Plurimos
330 4376 439 4420 recenset
460 4369 561 4421 Drousn
577 4371 604 4422 in
621 4387 693 4439 opere
708 4387 782 4437 snpra
799 4371 913 4425 laudatos
928 4372 968 4425 Dc
979 4370 1018 4425 Rc
1029 4372 1298 4437 memmii.

96 4471 119 4507 c·
130 4456 164 4506 iii.
176 4454 188 4514 i
201 4459 224 4504 2.
815 4472 818 4485 ·

132 4542 161 4608 (t
193 4543 360 4595 Tertullianus
371 4539 426 4590 Lib.
437 4538 468 4589 de
480 4539 605 4604 Baptismo
616 4559 637 4593 o.
648 4541 707 4594 xvii.

133 4545 175 4694 (δὲ
195 4627 241 4693 Ep.
253 4629 284 4680 sd
294 4627 431 4693 Episcopus
442 4639 484 4689 per
495 4623 631 4677 Lucaniam
642 4634 667 4678 et
680 4627 777 4678 Brittios
788 4636 813 4679 et
823 4629 933 4703 Sicilism
944 4628 1095 4681 constitutos
