2774 5056
389 320 447 383 us
468 286 745 399 sacernantur
764 319 994 383 vnnrrarn.
1229 325 1289 384 ros

89 500 151 546 uon
163 480 264 542 suadet
277 480 312 540 de
327 480 472 541 miraculis
488 479 545 557 agi,
558 497 625 539 nam
645 479 736 541 oratio
755 497 794 539 ex
814 480 957 539 Ecclesiae
980 480 1144 540 auctoritate
1165 481 1285 559 prolata.

90 581 160 640 nixa
174 577 243 637 fidei
256 577 423 637 certissimis
439 576 596 655 principiis,
611 575 679 635 fidei
693 576 782 635 oratio
796 577 954 636 rectissime
968 576 1080 636 dicitur.
1123 579 1286 638 Leibnitius

91 675 311 739 animadvertit:
344 672 515 733 “Videmus
530 673 598 733 olim
612 682 642 731 et
657 671 765 732 donum
779 673 934 732 curationis
949 692 1026 752 saepe
1047 673 1185 745 affuiss03
1207 675 1289 752 cujus
1336 746 1339 755 ,

90 793 162 834 usus
177 792 254 833 nunc
268 790 333 832 cum
349 771 412 831 eliis
427 770 656 830 extraordinariis
668 770 827 839 beneficiis,
836 771 960 829 stabilita
971 771 1115 841 Ecclesia,
1126 772 1288 846 infrequen-

90 872 147 932 tior
159 871 251 930 factus
265 879 319 938 est,
341 886 457 946 semper
475 877 571 927 tamen
584 886 621 927 ue
642 877 709 927 tunc
729 867 846 941 quidem
870 879 984 928 sanatos
1003 868 1094 927 fuisse
1113 867 1288 929 credendum

91 980 148 1038 est,
163 969 213 1043 qui
227 966 453 1045 ungebantur.''²

133 1072 184 1126 22.
211 1064 278 1144 obj.
295 1071 325 1124 3.
350 1074 370 1102 ‘⁶
383 1065 504 1122 Sacrum
530 1065 615 1122 ritum
639 1062 790 1122 unctionis
812 1068 958 1132 extremae,
980 1082 1044 1136 quae
1069 1063 1213 1123 morituris
1229 1064 1292 1142 jam

91 1165 277 1244 impenditur,
293 1164 411 1224 minime
425 1181 463 1223 ex
476 1163 532 1223 hoc
545 1162 611 1223 loco
630 1180 717 1241 posse
738 1161 925 1221 demonstrari
945 1161 1027 1220 facile
1048 1172 1143 1239 patet3
1164 1181 1290 1221 comme·

92 1274 220 1324 moratur
234 1262 311 1321 enim
326 1261 522 1340 adjumentum
536 1260 675 1328 sanitatis,
690 1277 749 1319 non
760 1258 926 1337 presidium
940 1272 969 1318 et
993 1257 1189 1338 adjumentum
1209 1279 1291 1338 paca·

92 1363 151 1422 tius
166 1359 357 1421 moriendi.''⁹
397 1358 608 1418 Rosenmuller.
638 1416 641 1423 ,

133 1458 223 1538 Resp.
244 1457 291 1517 Ad
314 1456 436 1515 salutem
457 1455 558 1514 animae
580 1454 713 1534 Apostoli
727 1454 813 1513 verba
826 1453 952 1513 maxime
976 1454 1144 1521 referuntur,
1160 1472 1227 1513 nam
1247 1473 1290 1514 re·

93 1558 196 1618 missio
212 1569 394 1637 peccatorum
407 1553 464 1612 huc
478 1553 563 1631 plane
578 1554 709 1632 pertinet,
723 1553 881 1611 etverbum
897 1572 967 1609 occo
982 1553 1102 1611 salutem
1117 1551 1193 1628 apud
1206 1551 1225 1617 J
1227 1571 1290 1612 aco·

92 1656 162 1717 bum
177 1655 286 1733 passim
301 1653 448 1730 designat:
471 1650 655 1725 “Numquid
668 1651 772 1728 poterit
785 1649 857 1709 fides
870 1648 986 1709 salvare
999 1650 1087 1708 euml
1109 1653 1143 1724 μὴ
1161 1650 1290 1720 δύναται)

93 1752 178 1817 πίστις
187 1761 262 1811 σῶσαι
272 1755 372 1824 daed?
393 1750 462 1808 Vox
474 1753 552 1823 ἐγέρει
566 1749 707 1809 excitabit
720 1748 757 1809 ad
771 1749 859 1809 animi
874 1749 1005 1807 levamen
1019 1767 1077 1808 non
1098 1748 1194 1823 inepte
1208 1742 1293 1802 reler-

94 1852 150 1910 tur‚
165 1843 269 1903 fatente
291 1847 509 1915 Schleusnero,⁴
528 1846 659 1919 quamvis
680 1845 722 1904 nil
741 1855 818 1904 vetet
841 1864 904 1905 earn
922 1844 957 1904 de
979 1845 1106 1922 corporis
1128 1843 1293 1920 adjumento

94 1937 265 2016 intelligere,
279 1942 354 2015 quod
368 1944 439 2002 ritus
453 1942 501 2000 hic
515 1961 596 2001 sacer
610 1950 732 2021 praestat,
749 1944 833 2020 juxta
846 1942 1004 2019 sapientem
1017 1941 1073 1999 Dei
1088 1937 1292 2002 oeconomiem,

95 2038 239 2113 supremis
255 2040 317 2116 ejus
330 2041 458 2100 consiliis
472 2049 615 2099 statutam.
651 2041 718 2117 Ipse
734 2040 936 2100 Rosenmiiller
949 2038 1035 2097 dicit:
1059 2046 1078 2074 ‘⁴
1089 2037 1199 2095 Notum
1215 2033 1293 2092 enim

95 2135 184 2192 estin
200 2154 275 2193 novo
301 2138 499 2204 Testamento‚
515 2145 545 2195 nt
568 2137 599 2195 in
620 2137 678 2195 vita
698 2137 856 2206 communi,
879 2155 957 2213 saepe
981 2136 1114 2193 universe
1138 2128 1290 2196 enuntiari,

95 2230 254 2303 quodcum
269 2234 445 2293 restrictione
460 2234 676 2312 intelligendum
691 2245 744 2294 est.
785 2234 931 2294 durabunt
944 2251 1045 2312 preces
1060 2239 1254 2308 aegrotantem,
1266 2225 1293 2284 si

96 2325 124 2382 ei
139 2327 274 2403 expediat
287 2328 321 2387 ad
342 2330 465 2388 salutem
480 2329 663 2390 aeternam.’'⁵

136 2427 187 2482 23.
213 2424 280 2504 ooj.
295 2431 325 2486 4.
348 2437 367 2466 “
378 2428 503 2487 lacobus
519 2429 579 2486 vult
598 2429 744 2488 infirmum
758 2429 859 2506 ungis
879 2428 1040 2486 senioribus
1062 2422 1223 2485 Ecclesiae:
1245 2421 1294 2481 isti

95 2532 243 2582 unctorem
259 2543 317 2583 non
332 2525 493 2594 admittunt,
508 2526 565 2584 nisi
578 2525 803 2585 sacrificulum.'’
845 2526 887 2584 lta
902 2524 1065 2584 Calvinus.⁰

137 2617 227 2698 Rccp.
250 2623 418 2699 Presbyteri
445 2623 589 2683 Ecclesiae
613 2624 810 2701 intelliguntur
839 2623 1011 2687 sacerdotes,
1039 2620 1162 2694 ideoque
1189 2635 1297 2678 nomeu

96 2717 169 2777 illud
183 2719 228 2778 his
243 2721 371 2788 adhaesit,
386 2731 415 2780 et
428 2723 457 2780 in
479 2721 630 2799 plerasque
651 2723 763 2800 linguas
778 2721 917 2781 adscitum
939 2722 1007 2780 est.⁷
1046 2717 1179 2780 Profecto
1194 2716 1296 2794 puduit

97 2807 302 2878 Rosenmiiller
318 2817 473 2896 Oarpzovii
488 2820 665 2877 subscribere
679 2819 838 2887 sententie,
853 2819 902 2892 qui
917 2819 996 2877 vocis
1011 2816 1196 2894 etymologiae
1206 2814 1295 2872 inbre·

96 2930 168 2972 reno
185 2914 332 2996 prosector
354 2922 439 2976 aetate
458 2917 616 2975 intellexit:
646 2916 756 2975 “Huic
776 2915 922 2975 sententie
936 2916 1047 2974 obstare
1070 2912 1190 2980 videtur,
1206 2910 1296 2990 (Vide

99 3011 247 3081 Noesselt‚
262 3013 346 3071 Fasc.
362 3015 392 3070 ii.
408 3033 437 3088 p.
449 3014 520 3092 328)
543 3013 619 3087 quod
635 3015 871 3091 Presbyterorunr
891 3011 1032 3072 Eccleoiae
1050 3029 1156 3070 nomen
1176 3009 1205 3067 iu
1227 3008 1295 3067 novi

97 3108 278 3168 Testamenti
292 3109 371 3168 libris
386 3127 500 3186 semper
514 3109 549 3168 de
564 3111 631 3169 viris
646 3112 675 3170 in
697 3112 831 3170 Ecclesia
851 3111 1003 3188 primariis,
1018 3110 1111 3183 iisque
1126 3107 1171 3166 vel
1192 3105 1297 3182 magis·

97 3204 148 3264 tris
163 3206 208 3265 vel
222 3206 390 3283 presidibus
402 3206 598 3285 usurpetur.”⁸
617 3207 667 3266 Ex
678 3226 731 3266 usu
744 3208 829 3285 igitur
840 3207 1010 3282 scriptorum
1022 3206 1090 3263 novi
1104 3202 1295 3268 Testamenti,

97 3314 128 3364 et
142 3306 271 3363 omniurn
285 3306 336 3379 qui
350 3324 410 3363 rem
430 3305 605 3363 illustrarunt
617 3304 799 3364 christianam
814 3306 848 3363 ab
864 3304 946 3362 initio
967 3302 1119 3369 Ecclesiae,
1135 3299 1296 3377 presbyteri

98 3401 294 3479 intelliguntur
307 3402 479 3461 sacerdotes.
520 3400 665 3476 Equidem
680 3420 799 3461 munera
812 3420 892 3459 sacra
905 3401 961 3459 illis
976 3399 1092 3477 planca
1112 3397 1222 3456 Jacobo
1243 3395 1293 3455 ad-

102 3499 263 3576 signantur,
289 3518 394 3578 nempe
419 3500 577 3560 orationem
601 3500 760 3559 solemnem
787 3498 916 3566 sundere,
940 3515 1050 3556 sacram
1076 3495 1210 3553 adhibere
1230 3512 1298 3553 uno·

137 3694 181 3761 (l)
200 3693 307 3758 system.
319 3694 407 3748 Theol.
418 3711 443 3762 p.
455 3693 513 3745 280.

170 3780 182 3845 )
201 3778 304 3830 Ibidem.

137 3864 181 3930 (3)
200 3862 252 3914 Jac.
264 3865 289 3914 ii.
304 3866 344 3914 14.
359 3863 435 3918 Videt
441 3873 470 3917 et
478 3866 499 3917 i.
511 3866 551 3915 14.
562 3864 595 3915 iv.
609 3865 648 3914 12.
660 3879 683 3914 v.
695 3862 738 3914 20.

137 3950 181 4016 (4)
200 3949 302 4000 Novum
313 3951 501 4003 Testamentum
509 3951 622 4003 Grecum
634 3958 752 4016 perpetue
762 3948 922 4001 mactatione
933 3948 1089 4009 illustratum,
1094 3948 1152 4000 edit.
1163 3947 1301 4017 Koppieue

101 4036 151 4088 vol.
163 4035 196 4086 ix.
209 4035 332 4099 Gottinge
346 4041 420 4088 1799.

139 4123 182 4188 (5)
201 4121 333 4174 inlocum.

139 4209 182 4275 (6)
202 4209 262 4260 lnst
274 4208 289 4260 L
301 4209 334 4259 iv.
345 4209 427 4261 cxix.
439 4212 513 4260 ιι.21.

138 4294 182 4363 (7)
201 4296 240 4347 De
251 4296 369 4348 vocabulo
380 4293 482 4348 ‘Priest'
494 4295 580 4346 dicunt
597 4293 765 4345 oxonienses:
793 4292 846 4343 “In
858 4291 924 4344 truth
935 4292 955 4343 it
971 4292 992 4344 is
1004 4308 1051 4344 oue
1062 4292 1092 4343 ef
1103 4291 1144 4342 the
1156 4294 1214 4356 very
1224 4290 1304 4342 words

102 4402 154 4453 you
166 4385 316 4445 mentioned,
327 4385 386 4449 only
397 4384 533 4435 somewhet
549 4380 678 4433 shortsned
691 4382 721 4446 by
733 4396 780 4431 our
795 4380 936 4431 sorefrthers
952 4381 980 4432 iu
996 4380 1058 4431 their
1074 4378 1262 4447 pronunciation
1278 4378 1308 4429 oi

103 4471 287 4537 it-Presbyter
299 4484 351 4520 was
363 4469 432 4519 made
445 4469 550 4531 Presten
563 4466 611 4517 and
623 4466 676 4518 that
685 4467 718 4531 by
730 4466 829 4529 demes
845 4466 945 4517 bscems
961 4464 1032 4518 Prcst
1044 4482 1071 4518 or
1088 4464 1193 4517 Priest.''
1227 4463 1309 4514 Trect.

107 4555 158 4607 No.
170 4555 207 4607 12.

140 4641 184 4709 (8)
204 4637 377 4694 Rosenm'riller
392 4637 420 4689 iu
432 4639 478 4689 loc.
1280 4622 1324 4762 Ι
