2812 5062
398 328 455 391 uu
477 331 698 393 sacmrmu
719 286 944 395 reamare.
1209 337 1267 392 err

10 490 14 501 '
111 487 159 543 14.
182 482 245 563 lpsi
268 488 436 549 vetustiores
468 491 591 549 Rabbiui
613 491 785 550 sacrificium
807 490 1025 549 Melchisedech
1045 490 1113 548 vino
1135 509 1265 568 paneque

10 660 13 665 Ι
69 582 220 642 contitisac
233 585 445 656 intellexerunt,
459 588 586 662 illudque
600 598 777 664 agnoverunt
790 598 892 665 typum
907 588 995 646 inisse
1009 588 1141 647 sacrificii
1156 608 1173 646 a
1187 589 1266 647 Mes·

10 676 18 755 ’,-
68 676 277 739 siaofferendi.
301 681 393 740 Rabbi
408 683 547 742 Samuel
540 703 568 742 ιιι
584 684 764 762 caputXlV.
780 685 929 743 Geneseos
944 685 1083 754 scribens,
1098 685 1154 743 ait:
1175 685 1265 744 Actus

10 758 21 829 l
67 774 221 839 sacordotii
238 777 369 836 tradidit:
392 781 541 839 eratenim
556 782 619 858 ipse
632 782 795 840 sacrificans
816 800 920 858 panem
934 794 963 839 et
976 782 1074 840 riuum
1089 781 1153 847 Deo
1167 797 1266 843 sancto

67 877 98 925 et
111 870 296 931 benedicto.”
339 873 432 933 Rebbi
446 876 573 935 Phineas
587 877 735 935 scribitr‘
739 878 903 954 ‘Tempore
919 877 1036 937 Messioe
1050 877 1147 934 omnia
1160 875 1267 939 sacrifi·

68 965 115 1023 cia
128 969 292 1038 cessabunt,
307 969 358 1028 sed
373 972 544 1030 sacrificinm
567 975 649 1050 panis
670 985 699 1033 et
718 975 777 1032 vini
791 993 850 1033 non
871 974 1010 1042 cess-abita
1031 973 1073 1031 sic
1094 972 1200 1032 dictum
1222 986 1266 1033 est

69 1061 147 1121 Gen.
164 1065 229 1122 xiv:
253 1076 302 1124 ‘et
316 1067 535 1128 Melchisedech
549 1089 601 1129 rex
615 1071 712 1130 Salem
733 1071 850 1147 protulit
863 1089 966 1148 panem
987 1079 1016 1127 et
1029 1068 1148 1128 vinum.¹
1190 1071 1265 1131 Mel·

67 1158 226 1220 chisedech
246 1165 334 1234 enim,
350 1166 380 1224 id
403 1179 455 1236 est,
469 1187 520 1228 rex
543 1169 678 1238 Messias,
694 1169 819 1246 excipiet
839 1189 856 1227 a
878 1170 1037 1228 cessatione
1060 1168 1264 1229 sacrificiorum

66 1257 241 1317 sacrificium
256 1262 338 1336 panis
351 1274 378 1322 et
393 1263 463 1332 vini,
477 1263 552 1323 sicut
565 1263 667 1323 dicitur
681 1267 758 1327 Psal.
776 1271 851 1327 110:
874 1266 941 1328 ‘Tu
953 1284 985 1328 es
999 1263 1131 1328 sacerdos
1145 1265 1175 1327 in
1186 1276 1265 1327 aeter·

66 1371 139 1413 uum
155 1358 314 1417 secundum
328 1360 457 1420 ordinem
472 1358 736 1423 Melchisedech.’''²

105 1450 261 1513 Probatur
275 1455 319 1515 11.
335 1475 372 1517 eor
385 1458 527 1519 vabciruo
542 1459 711 1521 Malachiae.

112 1552 160 1607 15.
184 1562 203 1589 ⁸⁸
218 1553 287 1613 Non
301 1566 346 1613 est
359 1557 431 1615 mihi
455 1557 584 1617 voluntas
606 1559 636 1618 in
658 1559 751 1629 vobis,
766 1559 835 1619 dicit
857 1559 999 1618 Dominus
1026 1559 1215 1627 exercituum,
1235 1569 1264 1618 st

64 1670 174 1711 munus
189 1669 245 1710 ιιοιι
262 1654 419 1732 suscipiam
433 1655 470 1713 dc
484 1674 569 1715 manu
592 1666 693 1715 vestra.
735 1659 780 1717 Ab
794 1670 856 1717 ortu
871 1659 948 1717 enim
963 1658 1033 1716 solis
1049 1675 1140 1730 nsque
1161 1656 1196 1716 ad
1218 1676 1264 1717 oo·

63 1768 167 1809 casum
182 1768 316 1827 magnum
332 1767 376 1811 est
390 1771 495 1813 nomen
509 1773 606 1813 mcum
620 1756 650 1814 in
665 1757 807 1832 gentibus,
822 1766 852 1814 et
864 1757 895 1817 in
909 1775 988 1817 omni
980 1755 1066 1814 loco
1073 1756 1263 1858 sacrificatur,

65 1874 96 1922 et
109 1863 232 1923 offertur
252 1868 363 1926 nomini
383 1886 449 1928 meo
464 1870 569 1928 oblatio
590 1870 707 1928 munda.
711 1870 745 1904 ”⁹
785 1871 897 1929 Tentus
918 1872 1020 1931 habet:
1045 1864 1130 1971 Mai&
1150 1863 1267 1974 ἾᾯΡζξ

64 1963 203 2074 mittio
225 1974 348 2069 tilithi
371 1947 476 2079 ibidis
498 1985 543 2044 hd
558 1985 677 2043 verbum
691 1984 835 2044 redditur:
852 1986 1009 2048 incenium
1019 1990 1268 2068 offertmuomitti

63 2098 143 2151 meo,
156 2089 183 2141 et
196 2100 308 2142 murtro
317 2101 448 2162 purum:
470 2083 543 2142 sed'
535 2100 685 2141 incensum
701 2101 753 2160 pro
767 2085 907 2143 sacrificio
922 2087 999 2159 quod
1013 2089 1164 2147 comitatur
1176 2089 1265 2146 sumi·

63 2189 120 2246 tur,
137 2180 179 2238 uti
200 2199 238 2239 ex
259 2180 335 2240 dono
357 2182 434 2256 quod
456 2182 550 2241 statim
576 2181 739 2239 nominatur
761 2181 913 2259 colligitur.
954 2185 1003 2243 Sic
1017 2195 1045 2244 et
1068 2185 1144 2263 apud
1165 2185 1262 2247 Osee:

63 2285 84 2312 ‘¹
97 2294 186 2354 super
201 2278 293 2355 capita
307 2280 447 2338 montium
462 2263 668 2344 sacrificabant,
683 2288 712 2335 et
725 2297 812 2355 super
825 2279 913 2337 colles
928 2280 1120 2341 accendebant
1141 2283 1264 2359 thymia·

62 2374 162 2434 ma.”'
202 2375 335 2435 Declarat
356 2378 441 2456 igitur
463 2377 544 2436 Deus
569 2393 622 2452 per
645 2375 819 2434 Malachiam
845 2395 876 2434 se
898 2379 1069 2454 rejecturum
1084 2380 1215 2438 victimas
1236 2392 1265 2438 et
1312 2362 1315 2369 ¹

61 2472 226 2532 oblationes
245 2473 387 2552 judaicas,
403 2483 614 2552 acceptaturum
629 2483 725 2533 autem
739 2491 843 2534 munus
859 2493 962 2553 purum
977 2477 1142 2554 agentibus
1157 2477 1263 2548 ubique

62 2589 116 2648 per
129 2571 227 2630 orbem
243 2572 297 2630 sibi
312 2571 505 2632 offerendum.
543 2568 634 2628 -Haud
649 2571 757 2644 absque
772 2589 857 2629 causa
879 2571 1001 2630 victimae
1015 2590 1072 2630 vox
1087 2573 1194 2631 omissa
1209 2585 1263 2641 est,

61 2706 100 2746 ue
115 2699 230 2746 cruenta
245 2689 536 2772 censereturoblatio‚
552 2677 662 2781 limi.)
677 2698 771 2747 autem
793 2701 909 2747 vocatur
935 2689 1052 2759 oblatio,
1068 2691 1176 2770 quippe
1200 2711 1263 2766 quae

59 2786 147 2862 juxta
162 2797 308 2846 externam
323 2789 450 2865 speciem
475 2789 598 2862 aliquam
621 2788 706 2846 habet
729 2786 947 2848 similitudinem
972 2789 1134 2847 muneriex
1159 2789 1264 2857 simila,

61 2883 141 2952 oleo,
156 2895 185 2941 et
198 2885 291 2953 thure,
306 2885 383 2962 quod
407 2884 501 2947 Judaei
522 2905 559 2947 ex
580 2885 652 2963 legis
674 2884 840 2962 praescripto
865 2883 1046 2944 offerebant.⁴
1086 2886 1265 2965 Hujusmodi

60 2981 171 3040 oblatio
185 2982 309 3045 victimis
325 2983 448 3057 antiquis
463 2993 523 3044 erat
536 2983 743 3051 substituenda,
758 2992 787 3040 et
800 2983 906 3056 ubique
921 2983 1077 3043 offerenda.
1111 2984 1145 3043 In
1160 2986 1264 3043 eucha-

61 3078 142 3138 ristia
167 3081 332 3139 vaticinium
358 3081 507 3163 insigniter
533 3082 678 3159 impletur,
704 3090 749 3140 est
772 3081 884 3140 scilicet
907 3100 979 3159 pura
1003 3082 1108 3141 oblatio
1135 3084 1264 3160 corporis

65 3174 189 3234 Domini
204 3177 256 3236 sub
270 3177 353 3256 panis
368 3177 475 3254 specie,
490 3197 547 3237 una
568 3197 635 3242 cnm
655 3178 794 3255 sanguine
808 3178 862 3235 sub
883 3177 980 3254 specie
1001 3178 1071 3247 vini,
1087 3179 1192 3252 ubique
1214 3199 1266 3263 per

63 3275 165 3334 orbem
181 3295 197 3332 a
212 3276 282 3334 solis
297 3287 359 3334 ortu
374 3295 466 3350 usque
481 3276 515 3334 ad
530 3295 666 3335 occasum
679 3276 762 3344 facta,
778 3295 834 3348 qua
854 3275 944 3361 gloria
958 3275 1023 3335 Deo
1037 3275 1162 3338 redditur
1175 3277 1263 3354 longe

63 3373 245 3448 prestantior
259 3373 406 3446 illaquam
421 3373 544 3435 victimae
559 3373 681 3448 antiquae
696 3370 860 3430 reddebant.

103 3467 215 3528 Patres
230 3467 412 3549 appellamus
426 3471 610 3550 interpreter.

106 3571 154 3626 16.
178 3567 209 3626 S.
225 3569 371 3628 Jusrmus
386 3569 432 3629 M.
448 3589 514 3630 cum
529 3569 691 3648 Tryphone
711 3568 730 3626 J
733 3565 814 3625 udaeo
828 3565 984 3634 disserens,
1000 3565 1152 3628 Malachiae
1167 3568 1264 3629 vatici-

60 3665 142 3727 nium
155 3665 186 3724 in
201 3666 327 3727 medium
342 3666 477 3730 adduxit:
500 3677 519 3707 ‘⁴
532 3667 578 3729 Ite
592 3666 704 3754 uostris
719 3665 847 3742 gentium
871 3663 981 3738 quaein
1004 3663 1083 3723 omni
1104 3663 1168 3724 loco
1189 3666 1262 3730 offe«

59 3872 94 3928 dd
103 3880 226 3944 generally
239 3886 323 3939 essert,
333 3879 387 3931 that
397 3883 502 3932 cnam
512 3880 554 3931 did
564 3879 626 3931 offer
634 3879 707 3930 broad
718 3879 768 3930 and
779 3879 844 3930 wine
860 3879 887 3930 in
904 3878 946 3930 the
957 3877 1097 3940 Eucharist,
1108 3878 1156 3930 and
1173 3879 1263 3930 offered

58 3967 128 4017 them
139 3983 168 4017 as
175 3983 191 4016 a
201 3967 424 4019 Melchisedechian
435 3968 517 4033 ptiust,
527 3969 576 4019 aud
592 3985 620 4019 as
629 3968 738 4033 symbols
755 3968 784 4017 oi
796 3967 836 4018 his
853 3967 923 4032 Body
934 3967 982 4017 and
1000 3967 1077 4019 Blood
1089 3984 1099 4027 ·,
1113 3967 1162 4018 and
1173 3967 1225 4018 that
1236 3969 1263 4019 in

60 4054 111 4104 and
119 4055 152 4118 by
164 4053 232 4104 these
243 4055 359 4118 symbola,
371 4055 413 4105 He
427 4055 468 4105 did
480 4055 651 4120 mysteriously
667 4055 753 4105 devote
764 4055 813 4105 His
823 4055 919 4105 natural
930 4053 1002 4120 Body
1013 4061 1041 4105 ta
1049 4052 1123 4105 suffer
1133 4054 1263 4117 according

59 4147 86 4189 to
97 4138 140 4189 tlte
151 4139 203 4189 will
214 4140 242 4189 of
255 4140 321 4201 Gon,
332 4140 382 4191 end
391 4139 458 4190 this'
451 4157 474 4191 rs
484 4157 499 4191 a
510 4142 602 4192 cenain
612 4141 745 4207 proofthat
755 4139 797 4190 the
808 4140 912 4191 ratum
922 4141 997 4192 took
1005 4139 1086 4203 girau'
1097 4147 1142 4191 not
1158 4141 1261 4205 onlyas

59 4223 213 4291 expressim,
223 4226 268 4276 bnt
278 4242 305 4275 aa
314 4225 432 4288 meaning
440 4227 489 4277 and
501 4226 630 4290 intending
637 4226 679 4278 the
687 4226 746 4277 time
758 4225 817 4276 then
827 4223 948 4292 present.”
983 4225 1047 4277 Vide
1065 4225 1178 4277 Johnson
1196 4224 1261 4291 apud

59 4302 222 4362 oxonienses
233 4313 287 4363 loco
297 4313 341 4365 cit.
350 4329 374 4378 p.
386 4315 443 4362 333.

94 4398 140 4464 (1)
160 4397 192 4448 ln
202 4415 223 4448 c
235 4398 321 4449 xxviii.
330 4397 509 4451 Nummorum.
526 4399 591 4451 vido
601 4398 728 4451 Berosehit
738 4398 829 4450 Reuss

93 4484 139 4550 (2)
159 4483 242 4534 Mal.
235 4498 253 4534 1.
267 4486 306 4535 10.
408 4518 411 4523 -

91 4568 137 4637 (3)
156 4569 232 4621 Osee.
243 4570 278 4621 iv.
290 4573 333 4620 13.
362 4614 366 4621 .

92 4656 138 4722 (ι)
158 4652 220 4707 lav.
231 4654 259 4706 ti.
275 4657 298 4706 1.
