2774 5056
517 328 845 391 PROLEGOMENA.
1237 324 1273 382 lt

121 507 148 560 t.
168 502 295 582 Septem
312 525 378 564 esse
392 524 470 565 nova
490 507 561 585 legis
583 508 764 565 Sacramenta
777 526 794 564 a
805 506 877 564 Jesa
898 505 1015 565 Christo
1035 505 1161 565 Domino
1175 510 1274 562 nostro

91 597 217 669 instituta,
233 602 374 661 videlicet
385 603 565 681 baptismum,
580 605 833 685 confirmationem,
848 602 1056 672 eucharistiam,
1067 599 1273 680 paenitentiam,

90 705 237 754 extremam
260 700 436 766 unctionem,
459 699 587 758 ordinem
602 712 630 757 et
651 700 871 766 matrimonium,
892 698 1020 757 delinivit
1040 699 1193 757 concilium
1208 695 1274 753 Tri-

91 787 231 868 deminum
244 798 267 861 3¹
282 813 342 867 qua
361 796 390 853 ia
410 815 439 853 re
461 795 578 854 Graecos
604 796 813 864 schismaticos,
834 804 983 868 sectasque
1003 793 1163 853 Orientales
1190 793 1275 851 babo·

92 903 149 943 mus
163 890 347 949 concordes?
386 891 454 950 Non
468 894 563 951 omnia
577 893 758 951 Sacramenta
772 893 847 970 paris
866 903 933 950 suat
946 890 1101 969 dignitatis,
1116 890 1162 948 vel
1176 907 1275 948 neees-

89 982 184 1041 sitatis.
226 986 409 1046 Euchar'stia
422 992 497 1048 enim
517 991 626 1048 caeteris
640 996 765 1067 praestat,
780 1007 869 1062 quum
883 999 980 1047 auctor
992 988 1055 1065 ipsc
1079 988 1275 1046 Sacramento·

91 1099 146 1138 tura
162 1082 191 1139 in
207 1102 241 1141 ea
254 1085 338 1154 adsit,
351 1086 414 1145 lons
428 1089 522 1145 omnis
536 1089 631 1164 gratiae
645 1098 673 1145 et
686 1087 861 1144 sanctitatis:
884 1099 912 1145 et
924 1087 1081 1164 baptismus
1095 1105 1152 1162 prae
1167 1083 1276 1142 caeteris

90 1187 131 1233 est
143 1181 333 1240 necessarias.
373 1182 476 1261 Lapsis
492 1193 557 1260 post
569 1183 740 1260 baptismum
755 1182 919 1259 poeniteutia
932 1200 1005 1259 opus
1017 1192 1077 1240 est:
1098 1178 1277 1240 confirmatio

90 1272 122 1330 sd
135 1277 223 1332 robur
236 1278 362 1337 bominis
376 1280 520 1338 christiani
534 1280 670 1365 instituta,
686 1279 760 1336 haud
781 1280 843 1337 sinc
863 1280 941 1356 gravi
966 1279 1094 1347 crimine,
1115 1276 1274 1354 spemitar:

88 1372 256 1432 eucharistia
275 1376 407 1436 districte
434 1379 596 1455 praeeipitar
615 1377 771 1435 sumenda:
806 1387 932 1436 extrema
961 1379 1057 1436 unctio
1082 1374 1210 1435 subsidio
1231 1382 1275 1431 est

90 1472 204 1530 maximi
220 1476 357 1533 momenti
372 1476 428 1534 vita
441 1476 672 1553 periclitantibus.
713 1475 793 1533 Ordo
806 1494 864 1533 non
885 1475 1016 1552 singulis,
1042 1474 1094 1533 scd
1108 1474 1159 1532 toti
1175 1472 1275 1531 Eccle-

91 1566 136 1622 sia
150 1580 193 1624 est
208 1570 399 1639 necessarius,
421 1581 452 1629 ut
472 1590 553 1630 sacra
565 1571 661 1630 donati
675 1572 837 1629 auctoritate
851 1571 1015 1630 muneribus
1029 1572 1059 1631 ia
1070 1571 1220 1629 hominum
1234 1587 1277 1626 sa-

89 1661 173 1721 lutem
200 1665 363 1742 fungantur.
416 1669 631 1727 Matrimonium
652 1669 822 1727 nubentibus
847 1669 877 1726 ia
899 1667 1017 1727 Christo
1044 1668 1138 1746 gratia
1161 1684 1278 1726 munera

46 1754 48 1761 ’
91 1761 189 1821 tribuit.
585 1757 589 1765 ’

122 1865 151 1918 8.
168 1861 355 1921 Sacramenta
368 1865 464 1922 omnia
478 1874 615 1942 negarant
628 1864 733 1923 seculo
753 1861 879 1922 secundo
894 1864 1070 1932 Archontici,
1091 1874 1120 1922 et
1141 1861 1277 1938 deinceps

92 1957 252 2018 Manichaei.
275 1961 390 2020 Saeculo
404 1960 609 2022 decimosexto
624 1962 736 2039 Gaspar
750 1961 1017 2021 Schwenckleldius
1032 1961 1161 2039 ejusdem
1173 1960 1276 2019 erroris

90 2055 228 2115 incusatus
238 2071 294 2115 est.
334 2059 472 2132 Sequenti
485 2059 590 2117 saeculo
604 2057 699 2117 medio
714 2058 856 2135 Georgius
872 2058 946 2127 Fax,
968 2059 1090 2135 Augias,
1105 2073 1164 2117 arte
1185 2066 1275 2123 sator,

91 2152 183 2228 spiritu
199 2172 232 2211 se
248 2152 314 2212 daci
329 2155 506 2222 existimans,
521 2166 654 2213 externos
675 2173 775 2213 omnes
789 2155 872 2223 ritus,
887 2154 1070 2229 subsidiaque
1094 2155 1194 2213 salutis
1208 2155 1279 2231 reje-

92 2249 313 2324 citsoctamque
325 2251 461 2310 conflavit
485 2250 700 2322 Qualremmm,
721 2251 831 2310 scilicet
850 2253 1041 2321 trementium,
1062 2253 1209 2311 nomines
1228 2261 1281 2329 tre·¹

46 2354 48 2413 t
93 2362 161 2404 more
185 2366 248 2420 quo
269 2347 422 2422 aliquando
442 2349 655 2425 arripiebantur,
678 2348 772 2406 Deam
788 2348 925 2416 colentes,
940 2348 1102 2426 desumpto.
1145 2349 1211 2406 Hoc
1225 2349 1280 2405 uti·

91 2461 146 2502 arar
158 2445 313 2511 vocabalo,
324 2456 422 2523 utpote
435 2446 512 2520 qaod
533 2447 590 2523 ipsi
606 2445 675 2522 jam¹
692 2455 860 2520 agnoscunt,
875 2445 911 2502 ad
924 2463 975 2504 eos
990 2466 1006 2502 a
1019 2447 1129 2504 castoris
1150 2446 1278 2504 sectariis

90 2537 313 2620 distinguendos,
337 2543 412 2617 quia
433 2543 647 2619 contumeliam,
667 2541 744 2616 quod
765 2541 847 2608 absit,
876 2541 997 2600 velimus
1025 2544 1061 2602 iis
1086 2543 1200 2603 inferre.
1242 2544 1278 2604 la

90 2638 226 2703 dmerica,
241 2657 302 2708 quo
315 2653 348 2693 se
359 2634 481 2694 contulit
500 2634 574 2702 Fox,
588 2652 664 2692 sans
688 2640 775 2701 toea,
790 2646 867 2693 secta
888 2636 986 2693 habuit
1007 2652 1186 2712 progressas,
1203 2658 1280 2714 prse-

89 2733 179 2790 sertim
194 2732 226 2791 ia
241 2731 296 2789 bac
310 2730 530 2808 Pennsylsaniae
541 2729 697 2807 provincia,
712 2746 798 2801 quam
813 2730 976 2788 Gulielmas
990 2731 1083 2799 Pena,
1098 2732 1219 2808 Anglus,
1231 2751 1280 2811 ge-

90 2846 149 2887 aers
161 2829 302 2907 insignis,
316 2839 345 2887 et
358 2838 442 2886 sectae
457 2827 561 2894 studio,
575 2826 704 2885 fundavit
716 2845 791 2884 anno
816 2830 902 2885 1660.
953 2827 1164 2905 Philadelphia,
1180 2831 1208 2888 in
1223 2850 1280 2905 qua

89 2925 236 2984 scribimus
251 2925 333 2991 urbe,
348 2924 486 3002 plurimos
509 2922 601 2982 adhue
615 2923 741 2982 continet
760 2921 920 2990 Qualteros,
942 2921 1048 2981 divitiis
1063 2924 1230 3000 pleramque
1251 2940 1280 2986 et

90 3039 195 3081 urorum
210 3021 352 3080 suavitate
365 3020 544 3098 spectabiles.
584 3021 657 3077 Ante
679 3036 785 3095 paucos
799 3036 888 3076 annos
901 3028 979 3076 secta
999 3018 1112 3078 induas
1127 3022 1218 3080 scissa
1237 3035 1282 3083 est

77 3108 232 3179 'meanis
247 3117 351 3177 studiis
372 3128 475 3194 partes,
499 3115 593 3175 Hicks
614 3135 688 3174 nova
709 3126 880 3193 propagante
904 3115 1017 3191 placita,
1039 3135 1102 3189 quae
1125 3118 1277 3182 Deismuar

90 3232 182 3293 sapere
196 3216 344 3275 dieantur.
385 3212 528 3274 lamara
548 3213 616 3272 dicti
636 3223 702 3271 eunt
725 3213 787 3290 ejus
808 3221 972 3280 sectatores,
987 3225 1018 3271 ut
1031 3233 1048 3270 a
1061 3214 1202 3295 Qaakeris
1216 3219 1279 3278 aliis

90 3314 295 3375 discernatur.
335 3313 376 3372 Hi
390 3331 489 3372 omnes
504 3312 686 3373 Sacramenta
699 3312 795 3370 omnia
809 3311 949 3387 rejiciunt,
965 3311 1073 3388 Spiritu
1094 3332 1147 3372 nos
1162 3326 1276 3376 sanctos

90 3412 236 3489 justosque
249 3411 338 3478 effici,
353 3412 459 3484 absque
473 3422 591 3469 externo
602 3410 697 3482 aliquo
711 3409 775 3476 ritu,
790 3407 972 3468 affirmantes.

122 3515 150 3570 9.
171 3511 316 3584 Plerique
329 3520 478 3567 novatores
500 3506 557 3567 duo
571 3516 728 3585 agnoscunt
752 3506 943 3572 Sacramenta,
966 3505 1146 3581 Baptismum
1167 3508 1279 3570 scilicet

92 3621 258 3669 aetenam:
282 3607 386 3681 quibus
400 3616 495 3665 tamea
509 3606 662 3665 Latherani
683 3605 884 3664 Paenitentiam
911 3601 1100 3679 adjunxerant
1120 3605 1150 3664 ia
1171 3605 1280 3686 Apolo-

92 3704 138 3782 gia
162 3702 373 3788 Consesasbm'a
397 3700 595 3780 Augustorum.
637 3709 656 3738 “
669 3700 702 3759 Si
723 3700 904 3758 Sacramenta
923 3717 1058 3757 vocamus
1073 3700 1153 3769 ritas,
1166 3705 1216 3776 qai
1230 3705 1279 3764 ha.

93 3802 147 3862 beat
158 3801 333 3862 mandatum
348 3799 415 3868 Dei,
429 3812 457 3858 et
467 3800 569 3874 quibus
584 3798 677 3857 addita
690 3808 733 3856 est
747 3795 900 3875 promissio
914 3796 1029 3873 gratiae3
1051 3797 1133 3855 facile
1148 3811 1192 3858 est
1201 3802 1279 3878 judi·

93 3917 151 3969 care,
165 3920 234 3979 qaae
249 3899 313 3957 sint
339 3897 453 3973 proprie
473 3897 653 3954 Sacramenta
655 3935 861 3954 ......
894 3892 969 3951 Vere
989 3894 1075 3970 igitur
1094 3905 1160 3954 sunt
1181 3897 1280 3959 Sacra-

94 4013 167 4060 aeata
180 3999 373 4078 Baptismus,
388 4012 468 4052 amaa
482 3994 610 4062 Domini,
631 3992 771 4052 absolutio
795 4010 858 4065 quae
879 4000 923 4051 est
942 3991 1158 4053 Sacramentum
1180 3996 1277 4057 Poeni·

113 4241 145 4309 (ι)
160 4245 230 4297 aaa
244 4239 291 4290 vii.
305 4233 340 4285 aa
353 4230 471 4281 amon.
484 4234 506 4281 t.

114 4332 145 4400 (2)
162 4335 229 4386 Vide
240 4336 391 4383 censuram
402 4316 548 4369 Lachanna
558 4316 661 4368 coalsss.
672 4316 718 4365 sibi
728 4315 842 4373 oblatam
852 4314 957 4365 Jsromia
982 4315 1117 4380 patriarcha
1138 4315 1278 4371 Constanti.

94 4426 166 4481 tara
175 4424 256 4473 1575,
280 4409 357 4464 Vide
369 4403 445 4454 etism
457 4401 533 4452 Oeae.
546 4400 733 4464 constantinop.
744 4413 809 4448 anno
818 4400 890 4458 1638,
898 4406 923 4448 st
932 4414 999 4448 anno
1010 4400 1083 4458 1642,
1094 4407 1118 4448 st
1129 4415 1195 4451 snao
1210 4405 1273 4454 tota

92 4498 159 4562 rfltds
175 4509 256 4564 „ctis
285 4489 470 4552 Orientalibus
486 4489 667 4538 Asssmanaurn
687 4484 840 4548 Compendio
858 4485 1008 4534 Storieosol,
1019 4483 1054 4533 iii.
1087 4483 1274 4549 Veu.1736‚at

91 4587 185 4671 ἣρω,
195 4605 319 4658 ,actore
334 4580 440 4637 ramo
451 4574 569 4634 Nairono,
583 4572 688 4626 Baasnsi
700 4570 829 4630 Maronita,
840 4570 925 4625 Roma
939 4570 1012 4622 1694,
