2812 5062
99 339 160 396 298
485 333 542 395 DE
564 334 731 394 RI'I'lBUS
752 333 904 395 ursum.

598 878 739 939 CAPUT
760 879 799 938 V.

476 1116 531 1169 DE
559 1117 746 1170 ulmus
772 1115 935 1167 MlssAE.

148 1340 215 1395 123.
237 1334 323 1394 initio
352 1334 505 1404 Ecclesiae,
526 1333 606 1394 nullo
627 1333 720 1393 adhuc
739 1342 868 1392 extructo
893 1332 1000 1410 templo
1021 1331 1192 1400 christiano,
1215 1329 1304 1390 Missa

105 1435 211 1509 ubique
226 1434 428 1503 celebrabatur,
443 1432 574 1508 quamvis
589 1433 757 1509 plemmque
771 1433 801 1490 in
813 1430 944 1492 domibus
959 1431 994 1490 ad
1006 1442 1168 1491 conventus
1177 1429 1305 1489 fidelium

106 1531 253 1590 habendos
274 1531 383 1599 electis,
399 1540 428 1589 et
441 1529 599 1598 destinatis,
614 1530 655 1588 uti
676 1549 713 1588 ex
733 1529 867 1606 Apostoli
887 1529 971 1588 dietis
999 1529 1131 1606 pluribus
1152 1528 1304 1606 colligitur.

106 1628 203 1687 Etiam
218 1639 285 1706 post
298 1647 378 1686 sacra
398 1628 518 1686 aedificia
544 1637 647 1695 erecta,
669 1627 784 1704 vigente
804 1629 1013 1705 persecutione,
1028 1628 1208 1701 quicumque
1227 1627 1305 1686 heus

106 1738 284 1803 opportunus
309 1724 429 1785 idoneus
443 1726 557 1784 habitus
571 1736 616 1784 est
631 1725 777 1802 mysteriis
798 1723 985 1794 celebrandis,
1007 1733 1080 1782 teste
1100 1725 1134 1783 S.
1159 1723 1305 1801 Dionysio

106 1821 320 1883 Alexandrino:
354 1823 520 1897 “Cumque
541 1822 576 1880 ab
596 1821 729 1881 omnibns
750 1820 924 1898 fugarentur,
955 1830 1040 1896 atque
1064 1821 1305 1900 opprimeremur,

106 1919 294 1979 nihilominus
308 1930 375 1979 tuuc
390 1939 505 1994 quoque
519 1919 608 1979 festos
622 1918 734 1996 egimus
749 1917 823 1975 dies.
865 1916 968 1986 Quiris
987 1918 1080 1986 locus,
1095 1917 1128 1989 iu
1143 1934 1204 1991 quo
1218 1913 1306 1973 sarias

108 2035 248 2076 aerumnas
270 2018 436 2094 singillatim
456 2016 635 2094 pertulimus,
650 2034 727 2093 ager,
748 2014 877 2088 inquam,
892 2013 1027 2083 solitudo,
1042 2014 1136 2082 navis,
1151 2011 1306 2078 stabulum,

108 2134 213 2185 carcer,
228 2117 317 2174 instar
331 2116 430 2193 templi
444 2113 480 2173 ad
493 2133 590 2174 sacros
610 2122 768 2173 conventus
790 2111 968 2190 peragendos
988 2111 1086 2172 fuit.”¹
1127 2112 1159 2170 S.
1173 2109 1309 2189 Augusti·

108 2196 163 2272 nus
178 2213 263 2272 refert
276 2214 446 2272 sacrificium
460 2214 491 2272 in
506 2211 614 2291 privata
626 2210 712 2270 domo
726 2209 879 2285 aliquando
899 2228 954 2269 suo
967 2219 1096 2289 tempore
1111 2209 1306 2268 celebratum:

109 2309 370 2370 “virtribunitius
391 2311 556 2388 Hisperius,
571 2309 622 2384 qni
641 2307 718 2387 apud
741 2327 795 2367 nos
815 2317 869 2376 est,
891 2307 977 2366 habet
996 2309 1027 2366 in
1041 2307 1184 2368 territorio
1204 2306 1308 2366 Fussa-

107 2408 182 2468 leusi
195 2408 314 2469 fundum
337 2408 450 2468 Cubedi
477 2407 661 2486 appellatum,
675 2407 725 2466 ubi
739 2426 805 2466 cum
820 2405 974 2465 afflictione
988 2406 1157 2470 animalium
1168 2414 1201 2464 et
1213 2421 1307 2465 servo·

108 2524 172 2564 rurn
185 2525 302 2565 suorum
312 2506 429 2565 domum
443 2505 682 2582 suamspiritunm
697 2504 885 2582 malignorum
900 2503 958 2561 rim
971 2502 1088 2561 noxiam
1104 2502 1220 2580 perpeti
1233 2519 1307 2560 com·

109 2606 240 2682 perisset,
262 2607 372 2680 rogavit
394 2616 516 2672 nostros,
539 2623 584 2663 me
606 2604 732 2670 absente,
754 2603 949 2680 presbyteros,
964 2612 996 2660 ut
1016 2602 1121 2676 aliquis
1142 2620 1246 2661 eorum
1259 2599 1306 2659 illo

110 2711 249 2778 pergeret,
265 2703 346 2778 eujus
361 2702 534 2760 orationibus
548 2700 690 2758 cederent.
732 2700 864 2758 Perrexit
884 2718 978 2758 unus:
1001 2699 1104 2759 obtulit
1117 2700 1157 2759 ibi
1179 2715 1307 2758 escutm-

110 2817 183 2856 crmr
197 2816 337 2856 conronrs
359 2799 597 2864 (inmemorem
619 2809 756 2872 quantum
777 2798 879 2874 potuit,
901 2807 933 2855 ut
958 2808 1084 2856 cessaret
1104 2797 1154 2856 illa
1182 2797 1304 2856 vexatio.

110 2894 175 2954 Deo
189 2898 317 2972 protinus
334 2897 484 2955 miserante
501 2894 668 2954 cessavit.'’¹
707 2894 883 2969 Plerumque
898 2904 992 2954 tamen
1006 2895 1180 2954 sacrificium
1195 2893 1308 2954 nonnisi

110 2993 141 3051 in
152 2993 285 3051 Ecclesia
299 2994 500 3061 celebrabatur,
516 2993 592 3068 quod
607 3004 635 3051 et
645 2994 709 3070 lege
724 2992 850 3051 distrlcte
864 2994 1024 3070 injunctum
1046 3001 1100 3051 est.
1143 2991 1306 3052 Concilium

111 3089 312 3149 Tridentinum
327 3091 433 3150 ideirco
443 3092 532 3169 jussit
552 3091 707 3168 episcopis,
725 3099 791 3149 “ne
813 3091 954 3168 patiantur
973 3090 1090 3167 privatis
1113 3088 1143 3148 in
1164 3089 1307 3157 domibus,

110 3197 194 3263 atque
202 3189 320 3247 omnino
332 3198 412 3246 extra
426 3188 599 3257 Ecclesiam,
610 3198 639 3247 et
650 3189 685 3246 ad
695 3187 824 3246 divinum
836 3199 944 3246 tantum
959 3189 1067 3247 cultum
1079 3185 1213 3246 dedicata
1220 3197 1307 3247 orato·

110 3286 152 3345 ria
165 3287 199 3344 ab
211 3286 319 3344 eisdem
332 3284 490 3344 Ordinariis
502 3283 677 3362 designanda
690 3293 719 3342 et
727 3283 876 3351 visitanda,
892 3294 1021 3342 sanctum
1033 3283 1089 3342 hoc
1105 3283 1277 3341 sacrificium
1291 3300 1308 3338 a

110 3381 291 3440 saecularibus
320 3393 367 3439 aut
387 3380 562 3458 regularibus
590 3381 818 3454 quibuscumque
840 3379 987 3456 peragi.”⁸
1026 3380 1205 3440 Missionum
1226 3396 1310 3437 causa

110 3481 273 3558 indulgetur
293 3480 486 3538 Missionariis
509 3490 539 3537 ut
553 3481 582 3537 in
597 3479 714 3556 privatis
735 3476 868 3536 domibus
883 3477 1035 3552 aliquando
1057 3479 1212 3546 eelebrent,
1233 3475 1309 3551 quod

112 3588 206 3636 tamen
221 3578 335 3637 nonnisi
348 3580 378 3635 in
388 3577 460 3635 locis
475 3576 510 3634 ab
524 3575 657 3635 Ecclesia
669 3574 777 3633 dissitis
792 3574 878 3632 licere
888 3574 1040 3634 declaravit
1053 3575 1211 3634 concilium
1224 3573 1310 3639 Balti·

111 3694 244 3734 morense
257 3679 391 3752 primurn.

155 3776 221 3829 124.
243 3772 346 3829 Vestes
376 3772 533 3848 peculiares
561 3771 591 3828 in
612 3770 744 3829 sacrificii
765 3770 954 3829 celebratione
975 3768 1145 3829 adhibentur
1159 3768 1196 3828 ad
1217 3768 1312 3828 cultus

113 3868 255 3936 decorem,
277 3881 305 3926 et
330 3869 459 3945 plurimis
488 3868 606 3926 adnexis
628 3868 798 3926 salutaribus
820 3868 1010 3926 documentis.
1052 3868 1157 3926 Utrum
1178 3885 1244 3926 mos
1265 3884 1312 3925 eas

112 3965 248 4026 induendi
262 3964 296 4022 ad
324 3965 516 4041 Apostolicam
531 3964 694 4022 referendus
709 3963 746 4021 sit
766 3974 887 4032 atatem,
902 3965 975 4022 inter
986 3962 1112 4022 eruditos
1127 3963 1312 4040 disceptatur.

114 4061 269 4122 Nonnullis
291 4061 325 4118 de
348 4080 428 4119 sacro
450 4059 536 4138 pallio
558 4059 702 4137 explicare
730 4059 837 4137 placuit
857 4058 935 4134 quod
956 4079 971 4117 a
991 4078 1023 4118 se
1045 4058 1160 4118 Troade
1182 4059 1314 4119 relictum

114 4161 208 4220 afferri
217 4160 305 4237 jussit
315 4159 505 4222 Paulus—ft,
521 4163 655 4236 pamma-⁴
697 4157 742 4215 De
756 4158 862 4215 Sancto
875 4157 987 4215 Joanne
1004 4157 1089 4215 refert
1102 4157 1262 4225 Eusebius,
1278 4177 1316 4217 ex

114 4259 275 4337 Polycrate,
297 4255 448 4332 Ephesino
468 4257 616 4333 episcopo,
638 4254 673 4313 ad
699 4255 846 4313 Victorem
873 4255 982 4331 Papam
1004 4256 1164 4314 scribente:
1189 4256 1317 4335 “Supra

313 4415 355 4480 (1)
375 4412 449 4477 Apud
467 4413 559 4462 Euseb.
570 4413 632 4464 hist.
643 4413 710 4463 Eccl.
722 4413 737 4463 l.
749 4413 790 4463 vii.
801 4430 823 4463 c.
832 4413 894 4464 xxii.

328 4503 356 4567 2)
376 4498 406 4549 L.
418 4499 479 4549 xxii.
490 4499 520 4548 de
536 4500 583 4549 civ.
595 4498 642 4548 Dei
653 4517 674 4548 e.
684 4499 734 4548 viii.

327 4589 356 4653 3)
376 4586 441 4635 Sese.
451 4584 512 4634 xxii.
523 4585 586 4634 decr.
597 4585 628 4634 de
639 4583 794 4635 observandis
804 4592 830 4635 et
837 4582 957 4634 edundis
965 4582 992 4635 in
1004 4583 1078 4635 celeb.
1087 4582 1181 4633 Missas.
