2774 5056
494 317 552 378 DE
573 317 832 380 cnutstest's.

564 782 707 841 cnPtJT
725 783 766 842 Π.

476 974 535 1026 DE
570 974 859 1027 cnutstters.

116 1161 155 1216 tr.
174 1157 218 1217 Ut
230 1173 354 1216 omnem
367 1154 537 1214 evitaremus
549 1156 630 1216 litem
643 1158 674 1216 iu
695 1176 726 1216 re
739 1175 805 1230 qua:
824 1155 904 1214 salua
922 1154 980 1215 fide
993 1156 1094 1234 agitari
1113 1166 1207 1229 queat,
1227 1156 1264 1216 de

89 1253 279 1314 rohmanuum
303 1252 489 1328 impositione
502 1254 625 1330 egimus,
639 1265 671 1312 ut
690 1253 768 1327 quod
787 1255 823 1312 ab
835 1252 983 1329 Apostolis
1004 1253 1108 1311 lactum
1129 1264 1266 1324 umratur,

89 1350 160 1411 adhuc
170 1354 236 1411 fieri
248 1362 359 1429 pateat,
373 1362 403 1408 et
415 1351 631 1409 Sacramentum
644 1363 822 1428 agnoscatur,
836 1350 883 1408 cui
902 1359 933 1407 et
945 1349 1100 1428 Scriptura
1117 1362 1146 1408 et
1164 1351 1266 1409 Patres

91 1445 143 1506 adeo
153 1450 343 1527 perspicuum
365 1448 459 1507 t'eruut
479 1448 683 1506 testimonium.
725 1448 870 1506 Ceterum
884 1465 941 1520 qua
960 1447 1126 1520 antiquitate
1146 1447 1268 1525 gaudeat

90 1543 230 1604 chrismatis
244 1549 277 1604 iu
290 1546 348 1604 hoc
361 1546 545 1603 Sacramento
560 1545 732 1604 conferendo
745 1563 816 1602 usus
831 1543 914 1602 facile
926 1543 1142 1603 demonstratur.
1175 1544 1269 1604 Pluri-

91 1640 128 1700 bus
148 1645 258 1702 ridetur
282 1643 440 1721 Apostolus
454 1642 490 1700 ad
513 1642 591 1702 huuc
614 1645 700 1702 ritum
723 1641 858 1710 alludere,
888 1644 918 1701 in
941 1643 1007 1702 loco
1030 1643 1267 1720 supralaudato:

91 1739 158 1806 “Qui
169 1743 323 1801 confirmat
335 1759 389 1799 nos
402 1740 552 1798 uobiscum
566 1741 597 1799 in
619 1740 748 1808 Christo,
766 1752 795 1798 et
812 1739 863 1813 qui
879 1739 963 1798 unxit
984 1757 1037 1798 uos
1051 1738 1144 1809 Deus,
1169 1742 1219 1815 qui
1240 1751 1270 1799 et

93 1834 193 1913 riguerit
205 1856 273 1906 nos,
286 1848 317 1894 et
329 1835 409 1894 dedit
421 1837 525 1914 pignus
540 1836 664 1912 Spiritus
678 1837 709 1894 in
723 1836 856 1894 cordibus
870 1835 1024 1894 norum.”¹

121 1937 161 1992 32.
182 1935 385 1993 Tnsornmus
405 1934 635 2002 Arrmocuarrus,
656 1932 776 1992 secundi
796 1933 894 1991 seculi
915 1933 1046 2009 scriptor,
1060 1932 1147 1992 dicit:
1170 1944 1190 1972 ‘⁸
1204 1934 1268 1994 Nos
1334 2008 1340 2015 ι

96 2031 153 2091 euim
165 2031 229 2090 ideo
245 2031 405 2090 Christiani
418 2050 562 2098 vocamur,
577 2029 657 2104 quod
670 2030 736 2090 oleo
750 2029 808 2090 Dei
821 2030 1008 2108 ungamur.’'⁸

124 2133 165 2188 3³.
185 2130 434 2196 hermannus,
458 2139 525 2205 poet
536 2128 710 2205 baptismum
730 2127 860 2196 relatum,
883 2127 970 2186 dicit:
992 2126 1141 2187 “Exinde
1161 2128 1271 2206 egressi

100 2223 235 2286 delavacro
251 2226 439 2304 perungimur
451 2225 599 2284 benedicta
612 2226 758 2284 unctione.
780 2267 789 2284 .
811 2268 819 2284 .
842 2266 851 2283 .
873 2225 924 2283 Sic
937 2236 966 2283 et
978 2226 1009 2284 iu
1025 2225 1108 2284 nobis
1123 2225 1271 2284 carnaliter

100 2323 164 2381 teuit
174 2324 283 2390 unctio,
297 2322 350 2380 sed
363 2322 545 2399 spiritualiter
559 2322 681 2398 proficit,
696 2320 841 2394 quomodo
856 2330 886 2378 et
897 2322 990 2399 ipsius
1004 2321 1138 2397 baptismi
1151 2321 1271 2379 carnalis

101 2427 158 2478 tetus
179 2419 257 2495 quod
280 2420 312 2478 iu
336 2437 409 2491 aqua
431 2419 597 2495 mergimur,
621 2417 777 2493 spiritualis
795 2416 914 2475 effeetus
938 2414 1015 2489 qnod
1039 2415 1150 2474 delictis
1172 2416 1273 2475 libera·

102 2531 155 2576 nur.
192 2517 308 2576 Dehinc
320 2534 423 2574 manus
438 2516 594 2592 imponitur
613 2533 665 2592 per
683 2513 923 2581 benedictionem,
936 2512 1078 2572 advocans
1099 2524 1128 2570 et
1151 2513 1274 2572 invitans

102 2609 213 2688 Spiritum
222 2612 409 2672 Sanctum.''⁸
428 2612 534 2671 Unctio
548 2613 610 2671 hace
621 2610 732 2669 videtur
745 2611 840 2687 potius
851 2609 887 2669 ad
900 2628 1036 2669 manuum
1051 2611 1268 2687 impositionem

102 2709 185 2783 referri,
198 2731 286 2786 quam
301 2711 337 2770 ad
361 2711 536 2788 baptismum
560 2729 627 2769 eum
641 2728 699 2784 quo
718 2709 892 2787 comparatio
916 2709 1070 2768 instituitur
1083 2721 1114 2768 ut
1135 2709 1277 2787 profectus

50 2828 52 2833 ·
104 2805 232 2881 puteana
257 2827 296 2866 ex
318 2826 354 2866 ea
375 2807 443 2865 oriri
456 2807 637 2884 intelligatur.
676 2806 757 2866 Alias
780 2806 815 2864 de
839 2807 974 2867 unctione
999 2807 1102 2884 pariter
1125 2807 1270 2882 loquitur:

105 2907 118 2939 ‘⁶
126 2903 190 2967 Caro
203 2907 336 2975 abluitur,
351 2915 384 2964 ut
396 2907 491 2965 anima
504 2906 694 2965 emaculetur:
717 2925 783 2964 caro
793 2906 909 2983 ungitur
922 2915 954 2964 ut
966 2907 1062 2964 anima
1075 2917 1275 2965 consecretur:

50 3046 53 3093 ξ
105 3016 152 3064 etro
162 3007 286 3084 signatur
298 3015 331 3063 ut
343 3016 374 3062 et
386 3006 481 3064 anima
494 3005 656 3065 muniatur:
678 3023 743 3063 earo
757 3022 859 3063 manus
880 3004 1065 3082 impositione
1085 3004 1277 3074 adumbratur,

50 3098 52 3169 Ῑ
105 3109 157 3162 ttet
170 3107 263 3164 anima
276 3104 387 3182 Spiritu
401 3104 592 3162 illuminetur:
614 3122 680 3163 earo
693 3121 812 3181 corpore
826 3112 855 3161 et
868 3103 1006 3181 sanguine
1019 3103 1129 3161 Christi
1143 3105 1277 3172 vescitur,

50 3190 53 3269 j
106 3208 127 3253 ut
136 3211 160 3258 et
171 3201 263 3261 anima
277 3201 313 3259 de
327 3199 392 3258 Deo
407 3199 597 3276 saginetur.'’⁴

133 3300 172 3358 tt.
192 3301 223 3359 S.
239 3299 417 3360 Cunnrsuus
432 3299 488 3356 ait:
512 3298 621 3375 “Ungi
642 3316 756 3372 quoque
770 3316 889 3357 necesse
903 3307 947 3356 est
967 3315 1033 3355 eum
1048 3298 1098 3370 qui
1119 3297 1278 3374 baptizatus

109 3391 140 3462 rit,
151 3408 180 3457 ut
189 3410 307 3476 accepto
321 3398 485 3466 chrismate,
500 3397 598 3466 idest,
612 3399 757 3467 unctione,
772 3415 837 3456 esse
851 3406 953 3456 unctus
968 3395 1034 3464 Dei,
1046 3403 1076 3453 et
1088 3394 1190 3453 habere
1205 3396 1235 3453 in
1247 3413 1279 3454 se

61 3529 65 3540 ·
110 3494 201 3564 utiam
215 3496 328 3554 Christi
342 3493 483 3572 possit.”⁵

136 3593 175 3650 ³5.
194 3593 226 3652 S.
237 3593 392 3652 Crnmnus
406 3592 715 3652 Hmnosonrrrrnnrrus
725 3591 768 3649 sic
778 3588 893 3649 edocuit
906 3587 1100 3666 Neophytos:
1117 3596 1137 3624 ‘¹
1150 3588 1190 3647 Et
1198 3588 1281 3648 vobis

113 3696 236 3762 minuam
258 3689 392 3748 similiter
404 3707 441 3747 ex
455 3690 546 3763 aquis
558 3690 631 3746 sacri
651 3687 756 3746 lavacri
778 3684 957 3755 ascendistis,
972 3685 1068 3745 datum
1089 3696 1133 3744 est
1147 3684 1280 3755 chrisma,

114 3781 170 3849 quod
181 3785 332 3864 imaginem
345 3785 418 3863 gerit
431 3785 507 3844 illius
522 3805 580 3859 quo
595 3793 695 3843 unctus
709 3794 753 3841 est
767 3783 919 3841 Christus:
941 3783 997 3842 hoc
1018 3791 1111 3842 eutem
1127 3793 1171 3840 est
1193 3783 1282 3860 Spiri-

116 3881 147 3933 ltt
158 3879 278 3941 Sanetus.
296 3924 304 3940 .
328 3923 336 3940 .
360 3923 366 3940 .
383 3881 526 3941 Craterum
542 3881 606 3940 vide
620 3900 656 3940 ne
670 3880 741 3939 illud
755 3899 819 3938 esee
834 3892 916 3957 putes
930 3891 1107 3957 unguentum
1124 3898 1233 3937 merum
1250 3898 1282 3938 ae

118 3971 224 4051 simplex.
264 3981 510 4048 Quemadmodum
527 3981 604 4037 etnim
619 3980 700 4056 panis
715 3978 893 4037 eucharistiae
907 3988 973 4055 post
993 3978 1091 4035 Sancti
1104 3978 1227 4055 Spiritus
1242 3977 1283 4035 in·

120 4074 266 4138 renuerem
280 4097 339 4137 non
353 4079 475 4156 emplius
490 4089 534 4134 est
555 4077 637 4154 panis
652 4076 823 4145 eommunis,
838 4074 890 4133 sed
904 4084 948 4132 est
967 4093 1071 4153 corpus
1089 4075 1218 4134 Christi:
1242 4073 1283 4130 sio

393 4308 417 4374 (l
452 4308 484 4359 11.
496 4307 555 4357 Cor.
566 4307 582 4358 i.
594 4311 634 4357 21.
1198 4372 1210 4391 ΙΙ

451 4393 482 4443 L.
493 4393 510 4443 i.
522 4394 551 4443 ad
563 4393 714 4457 Autolycum
725 4409 751 4444 n.
762 4393 805 4443 xii.
1138 4390 1142 4397 “
1239 4388 1282 4445 'a

390 4310 433 4461 (εἰ

391 4479 433 4546 (3)
452 4479 483 4529 L.
494 4479 524 4528 de
537 4479 606 4545 Bapt.
617 4495 638 4529 c.
650 4477 691 4528 vii.

390 4565 434 4630 st)
453 4563 482 4614 L.
494 4564 524 4614 de
535 4580 610 4614 resur.
622 4563 701 4614 cernis
712 4579 734 4614 c.
746 4562 796 4614 viii.
1270 4588 1274 4593 ·

394 4651 436 4717 (b)
456 4651 504 4718 Bp.
516 4652 567 4702 lxx.
579 4651 610 4702 ad
621 4651 721 4702 Jenuer.
1259 4562 1304 4752 ι
