2812 5062
270 304 327 371 DE
351 308 464 380 AQUA
481 310 537 371 An
565 304 814 371 neemanim
845 305 1116 373 NECESSARIA.
1249 308 1289 370 85

94 480 127 526 et
141 466 222 546 prius
234 482 279 527 est
291 468 455 546 praedicare,
466 469 606 546 posterius
619 469 757 547 tinguere.
798 468 856 528 uso
867 469 904 529 sit
915 471 993 549 prius
1005 470 1186 550 predicatum
1198 488 1208 527 a
1220 478 1291 547 puto

96 578 192 625 eutem
206 566 287 626 licuit
297 579 326 626 et
336 568 472 646 tinguere,
485 569 532 627 cui
546 568 626 627 licuit
638 566 839 645 praedicured’¹

138 668 188 721 51.
215 662 281 741 obj.
300 667 346 723 19.
367 663 523 742 Apostolus
537 676 647 722 veteres
662 663 740 729 ritus,
746 664 795 738 qui
804 665 864 741 jem
879 664 1010 724 abolendi
1022 675 1111 729 erant.
1125 678 1288 732 recensens,

96 759 268 837 baptismata
288 762 323 819 iis
344 772 492 820 accenset:
514 766 534 798 ‘⁸
549 761 769 838 que,perebola
795 772 840 820 est
863 762 1000 839 temporis
1024 761 1175 818 instantis:
1206 761 1291 838 juxte

97 874 187 929 quem
209 875 325 916 munera
338 869 367 915 et
389 857 490 931 hostie
504 857 669 927 offeruntur,
696 877 759 932 que
774 873 833 917 non
854 859 1067 935 possuntjuxta
1087 857 1290 915 conscientiam

98 952 256 1029 perfectum
270 953 362 1012 secere
375 954 556 1023 servientem,
571 955 753 1015 solummodo
774 954 805 1014 in
825 955 896 1014 cibis
920 965 950 1013 et
969 955 999 1013 in
1024 954 1148 1031 potibus,
1163 962 1192 1010 ct
1205 951 1291 1010 variis

98 1051 326 1127 baptismatibus,
340 1062 369 1109 et
377 1052 498 1129 justitiis
512 1054 605 1112 cernis
618 1071 711 1127 usque
725 1051 760 1111 ad
774 1064 886 1131 tempus
900 1053 1083 1111 correctionis
1098 1048 1293 1128 impositis.’'¹

138 1144 229 1225 Resp.
250 1147 319 1225 Agit
328 1149 483 1226 Apostolus
497 1149 533 1208 de
548 1148 632 1208 variis
645 1149 872 1228 baptismatibus,
887 1148 999 1207 scilicet
1012 1148 1049 1205 de
1063 1145 1192 1224 eorporis
1206 1146 1292 1204 totius

100 1243 303 1311 ablutionibus,
318 1243 354 1302 de
368 1244 589 1313 lustrationibus,
604 1256 633 1304 et
643 1245 678 1305 de
692 1245 756 1305 aliis
764 1245 917 1305 lotionibus
929 1263 993 1319 que
1005 1246 1034 1303 in
1044 1245 1106 1321 lege
1121 1242 1292 1320 praescriptae

101 1351 179 1408 sunt,
195 1359 315 1416 queque
322 1341 454 1421 justitie
475 1343 573 1402 cumis
595 1344 696 1403 merito
716 1342 856 1411 dicuntur,
872 1343 940 1416 quia
958 1341 993 1400 ad
1008 1343 1100 1400 carnis
1125 1338 1293 1403 munditiem

101 1440 304 1499 reserebantur.
345 1440 489 1500 anneum
515 1442 600 1500 totius
628 1443 756 1520 corporis
779 1441 900 1501 lotiones
921 1440 1056 1518 ploraque
1070 1441 1174 1498 fiebant
1187 1439 1293 1511 absque

102 1537 194 1597 aliene
215 1541 326 1615 opera,⁸
348 1557 437 1613 quum
463 1540 532 1598 ritus
556 1539 667 1598 Christi
693 1539 785 1598 aliena
809 1557 894 1598 manu
917 1538 1051 1616 indigeat,
1073 1555 1159 1596 nemo
1173 1536 1294 1594 enimse

101 1634 246 1712 baptisare
260 1635 343 1693 valet.
385 1645 405 1672 ‘⁴
416 1635 514 1695 Unum
529 1635 690 1713 baptisme”
702 1636 929 1695 Christianorum
948 1635 1091 1714 praedicat,
1106 1651 1165 1708 quo
1186 1632 1296 1690 seilicet

102 1730 230 1790 universi
244 1732 404 1801 abluuntur,
429 1744 458 1791 et
483 1734 559 1807 quod
581 1736 670 1794 semel
684 1734 848 1812 suscipitur,
859 1744 888 1793 et
901 1733 994 1793 cordis
1009 1732 1092 1792 affert
1115 1729 1295 1795 munditiem.

105 1829 232 1909 Spiritus
245 1830 343 1889 Sancti
356 1831 456 1908 gratia.
496 1830 565 1891 Ideo
579 1832 665 1891 dicit:
688 1842 708 1869 ‘⁶
718 1831 895 1891 Accedamus
907 1851 973 1890 cum
988 1850 1054 1889 uero
1065 1828 1149 1889 eorde
1164 1828 1192 1885 in
1208 1826 1297 1904 pleni·

104 1924 202 1985 tudine
231 1926 309 1996 fidei,
337 1929 447 2004 aspersi
478 1929 563 1988 corda
583 1949 600 1987 e
619 1929 793 1989 conscientie
812 1928 897 1995 mala,
923 1941 952 1987 et
979 1927 1067 1988 abluti
1098 1942 1202 2002 corpus
1223 1941 1298 1997 aqna

104 2023 261 2085 mundae’*

143 2125 195 2181 52.
219 2119 288 2201 obj.
302 2126 352 2180 2⁰.
373 2122 529 2199 Apostolus
551 2123 638 2184 dicit:
662 2132 682 2161 ‘⁸
692 2124 873 2198 Quicumque
886 2123 916 2182 in
930 2121 1049 2180 Christo
1061 2117 1196 2198 baptizati
1217 2117 1298 2183 estis,

108 2216 259 2277 Christum
273 2218 452 2279 induistis.’‘⁵
492 2221 524 2281 ld
547 2220 582 2280 de
596 2222 729 2280 omnibus
743 2240 816 2297 aque
836 2219 939 2278 ablutis
953 2219 1009 2277 dici
1024 2219 1132 2291 nequit,
1147 2214 1199 2273 sed
1212 2215 1248 2272 de
1262 2213 1299 2272 iis

109 2315 158 2387 qni
172 2315 280 2393 Spiritu
291 2316 397 2376 Sancto
411 2318 546 2395 baptizati
559 2330 634 2377 sunt.
676 2318 780 2392 Liquet
793 2318 877 2376 etiam
891 2315 958 2375 inde
969 2335 1026 2374 non
1040 2332 1142 2374 omnes
1156 2312 1256 2378 luisse,
1269 2310 1299 2368 in

108 2409 224 2471 Christo
249 2413 414 2488 baptizatos.
456 2415 535 2473 Alias
549 2413 634 2472 dicit:
657 2425 677 2450 ‘⁴
690 2417 737 2472 An
751 2413 885 2491 ignoratis
900 2413 966 2486 quia
976 2412 1149 2485 quicumque
1160 2405 1298 2483 baptizati

109 2527 206 2569 sumus
225 2511 256 2569 in
271 2510 388 2571 Christo
411 2512 493 2580 Jesu.
517 2513 546 2571 in
572 2524 662 2571 morte
685 2511 776 2590 ipsius
802 2510 938 2589 baptizati
964 2509 1085 2568 sumusl
1127 2503 1300 2582 Consepulti

111 2608 183 2667 enim
211 2627 311 2667 sumus
337 2629 401 2669 eum
416 2611 466 2669 illo
490 2629 541 2688 per
561 2611 731 2689 baptismum
750 2610 787 2668 in
801 2619 941 2668 morum:
963 2618 995 2666 ut
1008 2604 1152 2681 quomodo
1166 2603 1301 2662 Christus

111 2708 230 2767 surrexit
253 2729 271 2767 a
294 2710 412 2769 mortuis
437 2727 488 2787 per
501 2710 621 2788 gloriam
643 2709 746 2777 Putris,
761 2708 841 2767 itaet
854 2725 906 2766 nos
921 2709 951 2766 in
965 2706 1087 2765 novitate
1101 2705 1166 2763 rite
1178 2701 1302 2760 ambule-

113 2805 216 2865 mus.''⁰
255 2805 301 2865 Ad
323 2805 514 2866 colossenses
535 2808 653 2866 scribit:
677 2804 871 2884 “consepulti
891 2805 919 2864 ei
939 2805 969 2862 in
983 2804 1135 2880 baptismo,
1158 2802 1187 2860 in
1201 2817 1259 2875 quo
1273 2810 1302 2856 ct

114 2904 303 2963 resumxistis
317 2923 368 2980 per
388 2903 474 2963 fidem
487 2906 659 2982 operationis
674 2902 775 2963 Dei.''⁷

146 2999 236 3080 Κεφ.
259 3001 415 3077 Apostolus
429 3003 489 3079 agit
509 3001 544 3060 de
559 3000 713 3078 adoptione
726 3019 784 3074 qua
796 2997 952 3078 gaudemus
968 2997 998 3055 in
1012 2996 1141 3064 Christo,
1163 3006 1192 3053 et
1205 2994 1302 3054 condi·

120 3099 219 3158 tieuem
234 3109 359 3158 nostram
373 3117 439 3157 cum
464 3099 482 3157 J
485 3099 630 3158 odacrum
644 3098 779 3157 servitute
793 3107 956 3174 comparat:
979 3105 999 3132 ‘⁴
1012 3093 1122 3152 Omnes
1137 3093 1215 3151 enim
1235 3094 1303 3153 Filii

118 3192 164 3256 liei
178 3196 249 3256 estis
264 3214 315 3273 per
328 3194 426 3264 fidem,
437 3215 500 3270 quae
514 3198 600 3254 estin
616 3193 733 3254 Christo
746 3195 828 3254 Jesu.
860 3193 1041 3265 Quicumque
1049 3191 1126 3249 enim
1141 3191 1171 3248 in
1186 3189 1305 3250 Christo

119 3291 339 3373 baptizationis,
358 3293 506 3354 Christum
521 3293 663 3354 induistis.
706 3293 776 3353 Non
788 3291 1076 3363 antenoremque
1090 3289 1209 3346 Grecos
1224 3309 1232 3346 ε
1247 3308 1305 3348 non

65 3468 68 3479 Ι
120 3404 157 3453 st
173 3410 285 3461 sersus,
297 3410 390 3466 neque
405 3392 495 3451 liber:
516 3410 573 3451 non
594 3403 638 3450 est
661 3390 816 3460 masculus,
832 3408 924 3464 neque
945 3387 1060 3446 semina.
1101 3384 1212 3444 Omnes
1226 3387 1303 3444 enirn

65 3496 71 3575 ζ
120 3504 166 3551 tus
176 3509 267 3551 unum
278 3490 345 3549 estis
360 3490 391 3549 in
402 3488 520 3550 Christo
531 3490 649 3564 .lesu.”⁸⁴
686 3489 796 3549 Omnes
807 3488 892 3567 igitur
905 3485 1038 3563 baptizati
1050 3491 1117 3541 eunt
1131 3483 1161 3539 in
1176 3480 1304 3551 chriso,

65 3594 71 3671 Ι
122 3586 303 3649 ctOlrristum
323 3584 485 3655 induerunt,
500 3586 566 3645 sacti
579 3606 668 3647 unum
683 3587 714 3647 in
732 3588 809 3665 ipso,
836 3583 935 3643 adsciti
957 3581 1067 3639 scilicet
1087 3579 1118 3636 in
1138 3577 1195 3636 Dei
1219 3577 1305 3637 filios.

66 3674 68 3705 ¹
124 3680 314 3747 lddieeudum
326 3686 362 3744 de
377 3687 509 3746 omnibus
530 3705 604 3760 aqua
623 3687 765 3762 baptismo
778 3682 922 3749 lustratis;
943 3679 1009 3739 licet
1027 3677 1192 3755 contingere
1213 3678 1306 3754 possit

127 3783 264 3853 quosdam,
278 3784 325 3842 rui
339 3784 433 3864 culpe,
449 3782 537 3862 gratia
558 3802 620 3858 que
635 3782 780 3861 adoptioni
799 3779 955 3840 adnectitur
981 3794 1085 3836 cerere·
1127 3774 1197 3834 Non
1210 3775 1306 3833 statuit

155 3940 191 4009 (i)
210 3940 241 3992 L.
252 3941 284 3993 de
294 3940 422 4008 Baptismo
434 3959 455 3994 c.
465 3942 516 3994 xiv.

157 4025 191 4092 (2)
208 4028 272 4080 Heb.
284 4028 319 4079 ix.
331 4029 355 4079 9.
610 4022 614 4027 ’

158 4114 190 4179 (3)
207 4115 448 4182 Moysiprecspbrm
458 4123 495 4168 est
506 4122 534 4168 ut
544 4115 628 4166 Aaron
639 4120 663 4165 et
673 4111 736 4163 filios
747 4110 802 4178 ejus
823 4108 912 4162 larrret
929 4122 1000 4175 equs,
1018 4121 1060 4157 eos
1078 4103 1210 4157 sacerdotio
1227 4102 1308 4155 initis·

66 4208 72 4267 fr
132 4201 194 4252 luus.
227 4200 309 4253 Exod.
320 4201 388 4252 xxix.
399 4203 425 4253 4.

66 4274 73 4369 ᾗ
160 4287 192 4354 n)
210 4287 363 4338 nonnae.

160 4371 196 4441 (t)
213 4373 366 4424 Getii'ut'l.

67 4512 73 4537 Ι,
161 4457 197 4525 (e)
216 4457 399 4520 nomem.

135 4566 139 4601 i
161 4544 192 4605 (l)
208 4543 298 4595 Gobii:
312 4545 351 4592 12.

67 4680 71 4705 ‚
162 4626 196 4691 (s)
212 4628 312 4682 cerne
328 4628 437 4678 ee-ee
