2774 5056
80 307 136 365 1⁹⁰
366 308 422 370 DE
444 308 973 372 Tntnsunsuanmt'tonn.

77 475 234 526 externam.
276 468 420 527 Ceterum
440 468 510 526 satis
530 467 655 527 ostendit
674 469 768 545 ipsum
784 468 894 528 Christi
909 488 1012 547 corpus
1026 487 1102 537 esse,
1116 486 1173 527 neo
1196 468 1274 527 enim

77 563 146 622 dias
161 583 197 622 eo
211 577 338 643 accepto,
354 564 463 625 Christi
475 567 602 644 corporis
616 567 768 644 participes
779 586 920 626 essemus.
962 568 1031 626 Nou
1042 567 1111 626 dicit
1121 567 1274 626 occasione

77 661 161 739 panis
176 671 282 721 tantum
303 663 385 721 nobis
406 663 576 722 beneficium
597 666 781 741 contingere;
803 664 854 722 sed
867 665 963 741 ipsum
983 665 1066 723 nobis
1081 663 1182 723 datum
1197 682 1275 722 corn·

77 759 243 818 munionem
258 779 322 819 esse
336 761 464 838 corporis
479 759 609 819 Domini.
651 761 684 818 Si
699 762 836 830 tantavis,
852 763 916 839 ipso
926 761 1029 821 fatente
1040 760 1165 830 Cosino,
1181 762 1275 820 verbis

78 854 207 926 Domini,
222 869 250 915 et
260 858 391 935 Apostoli
405 858 483 927 insit,
498 867 530 916 ut
543 857 578 916 de
589 868 723 936 percepto
748 877 866 936 corpore
880 858 999 918 Domini
1013 879 1030 917 a
1050 858 1138 937 digne
1153 859 1276 937 suscipi·

77 954 189 1012 entibus
204 955 242 1012 sit
255 954 419 1015 omnimode
439 955 587 1023 certitudo,
602 974 682 1028 aeque
704 956 777 1014 acsi
791 956 873 1032 panis
889 974 953 1015 rere
967 957 997 1014 in
1012 954 1082 1015 iliud
1096 967 1277 1015 convertere·

78 1060 140 1121 tur,
177 1053 273 1125 utique
294 1052 414 1130 probant
440 1052 609 1130 simpliciter
627 1064 656 1111 et
682 1053 810 1112 absolute
838 1055 1052 1112 Sacramentum
1074 1072 1141 1112 esse
1170 1071 1276 1132 corpus

79 1147 210 1217 Domini,
234 1160 262 1207 et
283 1168 385 1209 omnes
406 1149 476 1208 illud
490 1150 691 1227 suscipientes,
706 1151 791 1208 etiam
812 1149 939 1226 indigne,
954 1151 1016 1226 eJus
1030 1167 1096 1207 esse
1111 1148 1277 1225 participes,

79 1262 143 1303 reos
169 1245 275 1304 idcirco
296 1247 424 1322 corporis
445 1256 474 1305 et
494 1246 641 1324 sanguinis
663 1246 804 1305 Domini.
833 1245 918 1312 Quod
938 1264 1041 1322 panem
1061 1264 1180 1303 manere
1201 1245 1277 1303 dicat

80 1340 220 1411 Cosinus,
235 1361 272 1400 ex
286 1361 423 1402 sensuum
432 1344 595 1402 testimonio
609 1342 727 1411 derivat,
741 1360 810 1417 quo,
825 1344 856 1402 in
868 1361 898 1401 re
909 1341 1044 1401 divinitus
1055 1354 1137 1400 extra
1145 1341 1278 1400 ordinem

79 1449 185 1498 nature
199 1455 367 1500 consuetum
383 1442 484 1519 posita,
499 1442 551 1499 niti
572 1459 630 1499 uou
651 1453 772 1518 oportet,
787 1451 886 1499 contra
905 1441 963 1498 va
986 1441 1100 1498 obviam
1120 1442 1274 1500 verborum

83 1535 213 1605 Domini,
229 1549 313 1615 prout
327 1536 468 1614 Cyrillus,
484 1537 723 1614 Chrysostomus,
738 1537 827 1594 etalii
842 1545 936 1614 patres
947 1536 1090 1612 sapienter
1103 1545 1234 1595 monent.

121 1637 187 1692 too.
208 1633 310 1712 ehje.
333 1634 418 1692 Falsd
432 1633 561 1692 dicitura
576 1634 749 1693 Bellarmino
763 1633 883 1707 aliisque
904 1633 989 1690 verba
1002 1631 1122 1691 Domini
1137 1631 1277 1692 transub-

77 1730 302 1790 stantiationem
316 1729 476 1789 necessarii
491 1749 589 1789 secum
604 1731 698 1789 serres
721 1749 788 1789 narn
801 1729 831 1788 id
844 1729 948 1789 divinre
962 1729 1179 1806 omnipotentiae
1194 1729 1275 1788 dero·-

78 1836 135 1904 gat,
146 1827 227 1899 quasi
243 1826 322 1884 Deus
335 1844 392 1884 non
403 1837 500 1903 posset
509 1845 614 1903 corpus
626 1825 735 1883 Christi
748 1844 873 1903 presens
885 1826 996 1893 sistere,
1005 1836 1035 1882 et
1046 1825 1076 1883 in
1088 1825 1276 1885 Sacramenta

78 1921 155 1991 dare,
171 1935 301 1983 manente
322 1924 404 2001 panis
425 1923 591 1981 substantia.
633 1923 777 1982 Praeterea
803 1920 906 1980 divine
926 1920 1130 1990 benedictioni,
1153 1940 1276 1996 quares

79 2032 292 2091 conservantur,
302 2019 439 2080 detrahit:
455 2030 484 2079 et
493 2021 668 2080 sacramenti
682 2029 787 2079 naturae
799 2029 947 2097 repugnat,
959 2017 1127 2096 quodsigno
1137 2028 1167 2077 et
1176 2038 1207 2078 re
1221 2019 1279 2096 sig·

78 2118 191 2178 uidente
204 2127 323 2177 constet.
364 2117 497 2191 Denique
511 2117 604 2194 ipsam
619 2116 729 2175 Christi
742 2116 870 2193 corporis
885 2126 914 2173 et
927 2115 1074 2192 sanguinis
1087 2116 1278 2176 substantiam

78 2216 188 2283 evertit,
204 2216 276 2274 hanc
302 2216 409 2292 quippe
423 2233 461 2273 cx
481 2233 554 2292 pane
568 2225 597 2273 et
610 2214 677 2272 rino
691 2233 708 2271 a
721 2212 874 2271 Sicerdoto
895 2212 980 2278 effici,
1003 2231 1107 2290 magne
1126 2232 1194 2273 eum
1209 2231 1276 2291 pre-

79 2313 242 2389 sumptione
257 2313 383 2372 dicitur.¹

119 2407 208 2489 Recp.
230 2409 389 2468 Verissime
403 2408 476 2469 dixit
489 2407 679 2467 bellarminus
691 2408 776 2467 verba
786 2406 905 2466 Domini
919 2426 985 2466 sera
999 2426 1056 2465 uon
1071 2425 1149 2474 esse,
1162 2406 1279 2482 siquod

80 2507 193 2565 tenebat
206 2507 346 2575 manibus,
362 2526 420 2565 non
433 2516 509 2564 esset
522 2524 625 2583 corpus
641 2524 734 2573 suurn,
748 2503 824 2578 quod
838 2504 931 2562 verbis
944 2503 1014 2561 adeo
1026 2504 1188 2582 perspicuis
1206 2504 1280 2563 affir-

81 2606 177 2664 mavit.
220 2607 284 2662 Neo
312 2605 340 2662 id
369 2605 424 2662 Dei
452 2605 664 2680 omnipotentie
686 2603 816 2671 detrahit,
838 2622 891 2660 nec
913 2607 989 2660 enirn
1017 2603 1153 2675 quaeritur
1180 2615 1277 2662 utrum

81 2698 215 2758 Christus
243 2701 366 2775 potuerit
384 2719 487 2776 corpus
509 2719 592 2757 suum
612 2719 753 2757 unacum
776 2718 848 2775 pane
870 2697 945 2766 dare,
968 2697 1019 2755 sed
1039 2713 1134 2757 utrum
1156 2698 1275 2758 dederit.

82 2797 166 2856 Nihil
186 2796 288 2854 divinae
309 2796 499 2854 benedictioni
521 2796 678 2873 derogatur,
694 2798 767 2854 sicut
784 2795 896 2869 quando
918 2814 991 2868 aqua
1017 2795 1089 2853 facta
1103 2807 1148 2854 est
1163 2796 1276 2864 vinum,

86 2891 189 2950 divinae
204 2891 391 2961 benedictioni
414 2892 576 2969 derogatum
602 2903 742 2950 nonest:
765 2892 820 2949 Dei
843 2892 952 2949 seilicet
966 2903 1009 2949 est
1023 2911 1119 2950 rerum
1141 2895 1273 2952 substan·

81 2991 134 3048 tias
151 3002 267 3048 mutare.
310 2990 484 3048 sacramenti
499 2990 615 3049 habetur
637 3002 743 3058 natura,
759 3009 823 3062 quae
837 2991 913 3049 enim
936 3003 1051 3049 manent
1071 2992 1184 3066 species
1199 2993 1276 3069 signi

82 3090 187 3148 habeut
210 3090 357 3155 rationem,
380 3089 584 3162 Christumque
599 3089 700 3147 animae
718 3090 823 3156 cibum,
838 3089 873 3146 iis
889 3100 1031 3162 tamquam
1046 3091 1111 3148 velo
1127 3092 1276 3149 obtectum

81 3189 227 3247 exhibent.
268 3187 402 3261 Denique
417 3189 572 3246 substantia
587 3188 713 3264 corporis
729 3199 757 3245 et
770 3188 917 3264 sanguinis
934 3187 1042 3245 Christi
1067 3206 1126 3246 non
1142 3200 1278 3256 mutetur,

84 3286 136 3345 sed
150 3287 232 3363 panis
247 3295 276 3344 et
290 3286 397 3354 vinum,
414 3286 468 3343 Dei
482 3285 696 3361 omnipotentia,
712 3285 818 3342 ineam
834 3295 1045 3352 convertuntur,
1061 3287 1183 3343 mirabili
1200 3305 1279 3362 pror·

82 3405 131 3444 sus
147 3395 176 3444 et
189 3384 324 3461 singulari
345 3385 453 3442 ratione
474 3382 544 3440 adeo
559 3394 589 3440 ut
603 3383 695 3440 solum
717 3381 789 3439 adsit
803 3401 905 3457 corpus
921 3393 949 3439 et
962 3383 1088 3458 sanguis.
1134 3383 1219 3442 Nihil
1234 3385 1281 3441 tri·

81 3484 176 3542 buitur
189 3481 337 3549 sacerdoti,
350 3481 406 3539 nisi
422 3480 507 3537 veluti
522 3479 577 3536 Dei
592 3479 731 3545 ministro,
745 3477 774 3535 id
786 3479 911 3536 muneris
921 3479 1076 3555 peragenti,
1092 3479 1139 3536 cui
1151 3479 1279 3538 divinam

82 3582 159 3641 illam
188 3583 404 3640 conversionem
434 3578 567 3636 Christus
593 3576 728 3654 alligavit.
781 3575 908 3642 “Non'’
935 3577 1055 3634 dicimus
1081 3577 1185 3634 iterum
1215 3597 1282 3636 cum

82 3677 303 3752 Chrysostomo,
319 3676 545 3735 “ministrorum
560 3675 699 3732 habemus
714 3671 860 3731 ordinem:
884 3672 1025 3738 on1vnnb
1041 3692 1110 3731 nna
1125 3693 1280 3734 sancnuu·

83 3793 140 3834 cas
154 3793 193 3832 ns
208 3792 406 3831 nnansnnnar
421 3791 484 3830 ress
500 3769 586 3829 nsr.”

128 3875 192 3930 167.
217 3869 283 3948 Obj.
299 3875 326 3927 5.
349 3869 457 3927 Christi
472 3870 557 3925 verba
571 3887 636 3925 vera
650 3877 725 3934 sunt,
741 3868 848 3939 absque
860 3867 917 3924 ulla
930 3868 1093 3925 substantias
1109 3870 1279 3928 mutatione.

83 3969 133 4027 Sic
154 3968 179 4025 si
207 3976 330 4033 testator,
352 3967 537 4024 instrumenta
557 3976 585 4022 et
606 3964 701 4021 titulos
729 3962 834 4020 haeredi
857 3963 979 4030 tradens,
1002 3963 1093 4020 dicat:
1131 3968 1289 4043 “Accipe

29 4064 31 4069 ’
83 4065 199 4125 domum
215 4082 299 4137 quam
311 4064 360 4120 tibi
375 4064 440 4140 lego
452 4062 480 4119 :”
496 4081 582 4121 nemo
597 4061 701 4136 scripta
714 4059 762 4117 ille
775 4059 892 4117 domum
918 4061 1009 4136 ipsam
1023 4079 1088 4118 esse
1109 4061 1196 4121 dicet.
1241 4063 1283 4122 Ita

84 4162 221 4221 Cosinus.
1115 4164 1121 4173 ‘

123 4258 211 4336 Resp.
234 4257 330 4316 Nemo
345 4275 401 4315 non
418 4255 492 4314 videt
507 4275 592 4330 quam
603 4255 687 4331 longe
704 4253 811 4311 distent
824 4251 989 4329 hujusmodi
998 4253 1284 4330 exemplaaChristi

82 4360 269 4419 institutione.
311 4356 423 4433 Scripta
443 4340 598 4414 noscuntur
611 4354 722 4412 titulum
736 4363 845 4410 tantum
862 4353 986 4428 praebere
1002 4351 1113 4412 adrem
1130 4350 1281 4432 possiden·

84 4443 159 4523 dam,
174 4450 292 4531 proinde
306 4470 343 4509 ex
358 4469 411 4509 usu
432 4451 578 4509 communi
597 4450 758 4516 verborum,
780 4467 843 4521 quae
865 4446 959 4506 forsan
980 4447 1141 4508 adhibuerit
1161 4463 1279 4511 testator

550 4626 589 4693 (l)
604 4623 821 4675 Cosinuslococit
873 4599 875 4604 Ι
