<?xml version="1.0" encoding="UTF-8"?>
<!DOCTYPE html PUBLIC "-//W3C//DTD XHTML 1.0 Transitional//EN"
    "http://www.w3.org/TR/xhtml1/DTD/xhtml1-transitional.dtd">
<html xmlns="http://www.w3.org/1999/xhtml" xml:lang="en" lang="en">
 <head>
  <title>
</title>
<meta http-equiv="Content-Type" content="text/html;charset=utf-8" />
  <meta name='ocr-system' content='tesseract 3.04.00' />
  <meta name='ocr-capabilities' content='ocr_page ocr_carea ocr_par ocr_line ocrx_word'/>
</head>
<body>
  <div class='ocr_page' id='page_1' title='image "./theologidogmati03kenrgoog_0093.png"; bbox 0 0 2774 5056; ppageno 0'>
   <div class='ocr_carea' id='block_1_1' title="bbox 109 324 891 393">
    <p class='ocr_par' dir='ltr' id='par_1_1' title="bbox 109 324 891 393">
     <span class='ocr_line' id='line_1_1' title="bbox 109 324 891 393; baseline -0.009 0"><span class='ocrx_word' id='word_1_1' title='bbox 109 336 149 393; x_wconf 80' lang='grc'><strong>00</strong></span> <span class='ocrx_word' id='word_1_2' title='bbox 525 324 582 388; x_wconf 83' lang='lat' dir='ltr'><strong>DE</strong></span> <span class='ocrx_word' id='word_1_3' title='bbox 603 326 891 388; x_wconf 80' lang='lat' dir='ltr'><strong>GAEREMONHS.</strong></span> 
     </span>
    </p>
   </div>
   <div class='ocr_carea' id='block_1_2' title="bbox 109 476 1326 3367">
    <p class='ocr_par' dir='ltr' id='par_1_2' title="bbox 113 476 1316 950">
     <span class='ocr_line' id='line_1_2' title="bbox 151 476 1311 564; baseline -0.009 -17"><span class='ocrx_word' id='word_1_4' title='bbox 151 493 221 548; x_wconf 86' lang='grc'><strong>205.</strong></span> <span class='ocrx_word' id='word_1_5' title='bbox 244 487 355 546; x_wconf 82' lang='lat' dir='ltr'><strong>Cereus</strong></span> <span class='ocrx_word' id='word_1_6' title='bbox 361 484 462 544; x_wconf 89' lang='lat' dir='ltr'><strong>ardens</strong></span> <span class='ocrx_word' id='word_1_7' title='bbox 474 486 630 564; x_wconf 84' lang='lat' dir='ltr'><strong>ponebatur</strong></span> <span class='ocrx_word' id='word_1_8' title='bbox 641 486 671 544; x_wconf 91' lang='lat' dir='ltr'><strong>in</strong></span> <span class='ocrx_word' id='word_1_9' title='bbox 685 485 827 553; x_wconf 83' lang='lat' dir='ltr'><strong>manibus,</strong></span> <span class='ocrx_word' id='word_1_10' title='bbox 840 485 922 563; x_wconf 87' lang='lat' dir='ltr'><strong>cujus</strong></span> <span class='ocrx_word' id='word_1_11' title='bbox 933 482 1172 561; x_wconf 83' lang='lat' dir='ltr'><strong>significationem</strong></span> <span class='ocrx_word' id='word_1_12' title='bbox 1187 476 1311 559; x_wconf 77' lang='lat' dir='ltr'>pulchre</span> 
     </span>
     <span class='ocr_line' id='line_1_3' title="bbox 113 574 1313 660; baseline -0.008 -17"><span class='ocrx_word' id='word_1_13' title='bbox 113 585 237 645; x_wconf 79' lang='lat' dir='ltr'>declarat</span> <span class='ocrx_word' id='word_1_14' title='bbox 249 585 282 642; x_wconf 85' lang='lat' dir='ltr'><strong>S.</strong></span> <span class='ocrx_word' id='word_1_15' title='bbox 299 582 455 660; x_wconf 77' lang='lat' dir='ltr'><strong>Gregorius</strong></span> <span class='ocrx_word' id='word_1_16' title='bbox 472 582 696 641; x_wconf 78' lang='lat' dir='ltr'><strong>Nazianzenus:</strong></span> <span class='ocrx_word' id='word_1_17' title='bbox 718 591 738 618; x_wconf 85' lang='lat'>“</span> <span class='ocrx_word' id='word_1_18' title='bbox 748 579 909 658; x_wconf 85' lang='lat' dir='ltr'><strong>Lampades</strong></span> <span class='ocrx_word' id='word_1_19' title='bbox 923 599 994 653; x_wconf 87' lang='lat' dir='ltr'><strong>quas</strong></span> <span class='ocrx_word' id='word_1_20' title='bbox 1008 576 1182 647; x_wconf 85' lang='lat' dir='ltr'><strong>accendes,”</strong></span> <span class='ocrx_word' id='word_1_21' title='bbox 1204 574 1313 650; x_wconf 88' lang='lat' dir='ltr'><strong>iuquit,</strong></span> 
     </span>
     <span class='ocr_line' id='line_1_4' title="bbox 114 672 1315 756; baseline -0.011 -15"><span class='ocrx_word' id='word_1_22' title='bbox 114 682 192 742; x_wconf 91' lang='lat' dir='ltr'><strong>illius</strong></span> <span class='ocrx_word' id='word_1_23' title='bbox 206 680 347 740; x_wconf 90' lang='lat' dir='ltr'><strong>luminum</strong></span> <span class='ocrx_word' id='word_1_24' title='bbox 360 678 525 756; x_wconf 75' lang='lat' dir='ltr'><strong>gestationis</strong></span> <span class='ocrx_word' id='word_1_25' title='bbox 546 679 665 756; x_wconf 79' lang='lat' dir='ltr'><strong>figuram</strong></span> <span class='ocrx_word' id='word_1_26' title='bbox 688 687 799 755; x_wconf 85' lang='lat' dir='ltr'><strong>gerunt,</strong></span> <span class='ocrx_word' id='word_1_27' title='bbox 813 696 879 737; x_wconf 90' lang='lat' dir='ltr'><strong>cum</strong></span> <span class='ocrx_word' id='word_1_28' title='bbox 894 696 951 751; x_wconf 89' lang='lat' dir='ltr'><strong>qua</strong></span> <span class='ocrx_word' id='word_1_29' title='bbox 963 674 1121 753; x_wconf 77' lang='lat' dir='ltr'><strong>splendidae</strong></span> <span class='ocrx_word' id='word_1_30' title='bbox 1134 685 1164 734; x_wconf 91' lang='lat' dir='ltr'><strong>et</strong></span> <span class='ocrx_word' id='word_1_31' title='bbox 1185 672 1315 750; x_wconf 77' lang='lat' dir='ltr'><strong>virgines</strong></span> 
     </span>
     <span class='ocr_line' id='line_1_5' title="bbox 117 765 1316 854; baseline -0.008 -16"><span class='ocrx_word' id='word_1_32' title='bbox 117 779 220 838; x_wconf 78' lang='lat' dir='ltr'><strong>animm</strong></span> <span class='ocrx_word' id='word_1_33' title='bbox 235 774 391 854; x_wconf 85' lang='lat' dir='ltr'><strong>splendidis</strong></span> <span class='ocrx_word' id='word_1_34' title='bbox 411 773 479 833; x_wconf 90' lang='lat' dir='ltr'><strong>fidei</strong></span> <span class='ocrx_word' id='word_1_35' title='bbox 499 774 676 853; x_wconf 83' lang='lat' dir='ltr'><strong>lampadibus</strong></span> <span class='ocrx_word' id='word_1_36' title='bbox 692 773 810 832; x_wconf 81' lang='lat' dir='ltr'><strong>Christo</strong></span> <span class='ocrx_word' id='word_1_37' title='bbox 824 793 933 853; x_wconf 90' lang='lat' dir='ltr'><strong>sponso</strong></span> <span class='ocrx_word' id='word_1_38' title='bbox 953 774 1067 834; x_wconf 81' lang='lat' dir='ltr'><strong>obviam</strong></span> <span class='ocrx_word' id='word_1_39' title='bbox 1088 765 1316 850; x_wconf 67' lang='lat' dir='ltr'><strong>proditius-3³²</strong></span> 
     </span>
     <span class='ocr_line' id='line_1_6' title="bbox 118 870 462 950; baseline -0.017 -17"><span class='ocrx_word' id='word_1_40' title='bbox 118 873 202 933; x_wconf 81' lang='lat' dir='ltr'><strong>Ritus</strong></span> <span class='ocrx_word' id='word_1_41' title='bbox 218 871 293 950; x_wconf 91' lang='lat' dir='ltr'><strong>apud</strong></span> <span class='ocrx_word' id='word_1_42' title='bbox 308 889 360 930; x_wconf 90' lang='lat' dir='ltr'><strong>uos</strong></span> <span class='ocrx_word' id='word_1_43' title='bbox 376 870 462 947; x_wconf 83' lang='lat' dir='ltr'><strong>viget.</strong></span> 
     </span>
    </p>

    <p class='ocr_par' dir='ltr' id='par_1_3' title="bbox 118 961 1318 1336">
     <span class='ocr_line' id='line_1_7' title="bbox 157 961 1318 1042; baseline -0.007 -14"><span class='ocrx_word' id='word_1_44' title='bbox 157 973 226 1028; x_wconf 86' lang='grc'><strong>200.</strong></span> <span class='ocrx_word' id='word_1_45' title='bbox 248 968 307 1027; x_wconf 69' lang='lat' dir='ltr'><strong>Irae</strong></span> <span class='ocrx_word' id='word_1_46' title='bbox 320 967 419 1026; x_wconf 88' lang='lat' dir='ltr'><strong>etmel</strong></span> <span class='ocrx_word' id='word_1_47' title='bbox 433 965 599 1042; x_wconf 87' lang='lat' dir='ltr'><strong>Neophytis</strong></span> <span class='ocrx_word' id='word_1_48' title='bbox 620 964 757 1024; x_wconf 90' lang='lat' dir='ltr'><strong>dabantur</strong></span> <span class='ocrx_word' id='word_1_49' title='bbox 770 966 800 1024; x_wconf 89' lang='lat' dir='ltr'><strong>in</strong></span> <span class='ocrx_word' id='word_1_50' title='bbox 820 965 921 1025; x_wconf 86' lang='lat' dir='ltr'><strong>Latina</strong></span> <span class='ocrx_word' id='word_1_51' title='bbox 942 965 1087 1034; x_wconf 73' lang='lat' dir='ltr'><strong>Ecclesia,</strong></span> <span class='ocrx_word' id='word_1_52' title='bbox 1101 972 1223 1023; x_wconf 84' lang='lat' dir='ltr'><strong>testante</strong></span> <span class='ocrx_word' id='word_1_53' title='bbox 1244 961 1318 1021; x_wconf 89' lang='lat' dir='ltr'><strong>Ter·</strong></span> 
     </span>
     <span class='ocr_line' id='line_1_8' title="bbox 118 1055 1313 1138; baseline -0.009 -13"><span class='ocrx_word' id='word_1_54' title='bbox 118 1065 252 1125; x_wconf 88' lang='lat' dir='ltr'><strong>tulliano:</strong></span> <span class='ocrx_word' id='word_1_55' title='bbox 286 1062 382 1122; x_wconf 87' lang='lat' dir='ltr'><strong>“inde</strong></span> <span class='ocrx_word' id='word_1_56' title='bbox 409 1061 534 1138; x_wconf 89' lang='lat' dir='ltr'><strong>suscepti</strong></span> <span class='ocrx_word' id='word_1_57' title='bbox 560 1060 641 1119; x_wconf 88' lang='lat' dir='ltr'><strong>lactis</strong></span> <span class='ocrx_word' id='word_1_58' title='bbox 668 1071 697 1120; x_wconf 90' lang='lat' dir='ltr'><strong>et</strong></span> <span class='ocrx_word' id='word_1_59' title='bbox 721 1061 813 1120; x_wconf 86' lang='lat' dir='ltr'><strong>mellis</strong></span> <span class='ocrx_word' id='word_1_60' title='bbox 841 1062 1023 1121; x_wconf 74' lang='lat' dir='ltr'><strong>concordiam</strong></span> <span class='ocrx_word' id='word_1_61' title='bbox 1052 1055 1313 1138; x_wconf 79' lang='lat' dir='ltr'><strong>praegustamus.”⁹</strong></span> 
     </span>
     <span class='ocr_line' id='line_1_9' title="bbox 119 1153 1316 1235; baseline -0.008 -16"><span class='ocrx_word' id='word_1_62' title='bbox 119 1160 259 1230; x_wconf 80' lang='lat' dir='ltr'><strong>Quaedam</strong></span> <span class='ocrx_word' id='word_1_63' title='bbox 273 1158 415 1217; x_wconf 78' lang='lat' dir='ltr'><strong>Ecclesiae</strong></span> <span class='ocrx_word' id='word_1_64' title='bbox 429 1156 499 1216; x_wconf 91' lang='lat' dir='ltr'><strong>alios</strong></span> <span class='ocrx_word' id='word_1_65' title='bbox 515 1156 584 1214; x_wconf 90' lang='lat' dir='ltr'><strong>ritus</strong></span> <span class='ocrx_word' id='word_1_66' title='bbox 598 1174 750 1230; x_wconf 88' lang='lat' dir='ltr'><strong>moresque</strong></span> <span class='ocrx_word' id='word_1_67' title='bbox 764 1155 810 1215; x_wconf 89' lang='lat' dir='ltr'><strong>his</strong></span> <span class='ocrx_word' id='word_1_68' title='bbox 831 1156 1011 1235; x_wconf 85' lang='lat' dir='ltr'><strong>adjiciebant,</strong></span> <span class='ocrx_word' id='word_1_69' title='bbox 1026 1154 1078 1214; x_wconf 89' lang='lat' dir='ltr'><strong>sed</strong></span> <span class='ocrx_word' id='word_1_70' title='bbox 1091 1154 1124 1212; x_wconf 94' lang='lat' dir='ltr'><strong>hi</strong></span> <span class='ocrx_word' id='word_1_71' title='bbox 1137 1153 1198 1213; x_wconf 82' lang='lat' dir='ltr'><strong>fere</strong></span> <span class='ocrx_word' id='word_1_72' title='bbox 1211 1169 1316 1217; x_wconf 87' lang='lat' dir='ltr'><strong>omncs</strong></span> 
     </span>
     <span class='ocr_line' id='line_1_10' title="bbox 119 1253 745 1336; baseline -0.01 -19"><span class='ocrx_word' id='word_1_73' title='bbox 119 1277 171 1336; x_wconf 87' lang='lat' dir='ltr'><strong>per</strong></span> <span class='ocrx_word' id='word_1_74' title='bbox 186 1266 273 1316; x_wconf 91' lang='lat' dir='ltr'><strong>totam</strong></span> <span class='ocrx_word' id='word_1_75' title='bbox 287 1255 469 1312; x_wconf 83' lang='lat' dir='ltr'><strong>servabantur</strong></span> <span class='ocrx_word' id='word_1_76' title='bbox 482 1253 655 1312; x_wconf 88' lang='lat' dir='ltr'><strong>Ecclesiam.</strong></span> <span class='ocrx_word' id='word_1_77' title='bbox 744 1300 745 1304; x_wconf 65' lang='lat'><strong>,</strong></span> 
     </span>
    </p>

    <p class='ocr_par' dir='ltr' id='par_1_4' title="bbox 109 1345 1324 2591">
     <span class='ocr_line' id='line_1_11' title="bbox 160 1345 1318 1427; baseline -0.007 -17"><span class='ocrx_word' id='word_1_78' title='bbox 160 1356 230 1410; x_wconf 85' lang='grc'><strong>207.</strong></span> <span class='ocrx_word' id='word_1_79' title='bbox 252 1350 373 1409; x_wconf 89' lang='lat' dir='ltr'><strong>Ritnum</strong></span> <span class='ocrx_word' id='word_1_80' title='bbox 388 1367 460 1423; x_wconf 91' lang='lat' dir='ltr'><strong>quos</strong></span> <span class='ocrx_word' id='word_1_81' title='bbox 475 1351 673 1409; x_wconf 85' lang='lat' dir='ltr'><strong>recensuimus</strong></span> <span class='ocrx_word' id='word_1_82' title='bbox 693 1348 780 1407; x_wconf 88' lang='lat' dir='ltr'><strong>veluti</strong></span> <span class='ocrx_word' id='word_1_83' title='bbox 800 1349 1003 1427; x_wconf 88' lang='lat' dir='ltr'><strong>compendium</strong></span> <span class='ocrx_word' id='word_1_84' title='bbox 1017 1349 1049 1408; x_wconf 90' lang='lat' dir='ltr'><strong>in</strong></span> <span class='ocrx_word' id='word_1_85' title='bbox 1061 1346 1170 1407; x_wconf 85' lang='lat' dir='ltr'><strong>Rituali</strong></span> <span class='ocrx_word' id='word_1_86' title='bbox 1184 1345 1318 1405; x_wconf 85' lang='lat' dir='ltr'><strong>Romano</strong></span> 
     </span>
     <span class='ocr_line' id='line_1_12' title="bbox 120 1441 1320 1524; baseline -0.006 -16"><span class='ocrx_word' id='word_1_87' title='bbox 120 1449 281 1516; x_wconf 85' lang='lat' dir='ltr'><strong>exhibetur,</strong></span> <span class='ocrx_word' id='word_1_88' title='bbox 306 1447 416 1506; x_wconf 89' lang='lat' dir='ltr'><strong>scilicet</strong></span> <span class='ocrx_word' id='word_1_89' title='bbox 439 1465 506 1519; x_wconf 83' lang='lat' dir='ltr'><strong>quae</strong></span> <span class='ocrx_word' id='word_1_90' title='bbox 528 1445 648 1504; x_wconf 86' lang='lat' dir='ltr'><strong>dirersis</strong></span> <span class='ocrx_word' id='word_1_91' title='bbox 672 1448 847 1524; x_wconf 89' lang='lat' dir='ltr'><strong>temporibus</strong></span> <span class='ocrx_word' id='word_1_92' title='bbox 871 1448 986 1515; x_wconf 89' lang='lat' dir='ltr'><strong>fiebant,</strong></span> <span class='ocrx_word' id='word_1_93' title='bbox 1000 1448 1030 1507; x_wconf 93' lang='lat' dir='ltr'><strong>in</strong></span> <span class='ocrx_word' id='word_1_94' title='bbox 1053 1445 1211 1513; x_wconf 88' lang='lat' dir='ltr'><strong>scrutiniis,</strong></span> <span class='ocrx_word' id='word_1_95' title='bbox 1231 1441 1320 1502; x_wconf 90' lang='lat' dir='ltr'><strong>simul</strong></span> 
     </span>
     <span class='ocr_line' id='line_1_13' title="bbox 123 1530 1319 1622; baseline -0.006 -17"><span class='ocrx_word' id='word_1_96' title='bbox 123 1547 242 1606; x_wconf 91' lang='lat' dir='ltr'><strong>collecta</strong></span> <span class='ocrx_word' id='word_1_97' title='bbox 255 1545 348 1603; x_wconf 91' lang='lat' dir='ltr'><strong>adhuc</strong></span> <span class='ocrx_word' id='word_1_98' title='bbox 362 1553 544 1622; x_wconf 87' lang='lat' dir='ltr'><strong>peraguntur,</strong></span> <span class='ocrx_word' id='word_1_99' title='bbox 556 1544 652 1602; x_wconf 90' lang='lat' dir='ltr'><strong>minus</strong></span> <span class='ocrx_word' id='word_1_100' title='bbox 664 1530 788 1603; x_wconf 80' lang='lat' dir='ltr'><strong>&#39;solemni</strong></span> <span class='ocrx_word' id='word_1_101' title='bbox 802 1555 897 1603; x_wconf 76' lang='lat' dir='ltr'><strong>tamma</strong></span> <span class='ocrx_word' id='word_1_102' title='bbox 911 1546 1030 1604; x_wconf 90' lang='lat' dir='ltr'><strong>ratione.</strong></span> <span class='ocrx_word' id='word_1_103' title='bbox 1071 1543 1107 1603; x_wconf 92' lang='lat' dir='ltr'><strong>In</strong></span> <span class='ocrx_word' id='word_1_104' title='bbox 1121 1542 1174 1601; x_wconf 89' lang='lat' dir='ltr'><strong>hac</strong></span> <span class='ocrx_word' id='word_1_105' title='bbox 1188 1541 1276 1618; x_wconf 85' lang='lat' dir='ltr'><strong>igitur</strong></span> <span class='ocrx_word' id='word_1_106' title='bbox 1288 1557 1319 1598; x_wconf 91' lang='lat' dir='ltr'><strong>re</strong></span> 
     </span>
     <span class='ocr_line' id='line_1_14' title="bbox 122 1637 1319 1719; baseline -0.004 -19"><span class='ocrx_word' id='word_1_107' title='bbox 122 1642 313 1703; x_wconf 89' lang='lat' dir='ltr'><strong>venerandam</strong></span> <span class='ocrx_word' id='word_1_108' title='bbox 328 1642 522 1714; x_wconf 88' lang='lat' dir='ltr'><strong>antiquitatem</strong></span> <span class='ocrx_word' id='word_1_109' title='bbox 543 1640 700 1714; x_wconf 88' lang='lat' dir='ltr'><strong>sequimur,</strong></span> <span class='ocrx_word' id='word_1_110' title='bbox 722 1642 807 1700; x_wconf 87' lang='lat' dir='ltr'><strong>sectis</strong></span> <span class='ocrx_word' id='word_1_111' title='bbox 829 1640 972 1719; x_wconf 88' lang='lat' dir='ltr'><strong>plerisque</strong></span> <span class='ocrx_word' id='word_1_112' title='bbox 992 1659 1029 1701; x_wconf 87' lang='lat' dir='ltr'><strong>ue</strong></span> <span class='ocrx_word' id='word_1_113' title='bbox 1049 1641 1179 1700; x_wconf 86' lang='lat' dir='ltr'><strong>umbram</strong></span> <span class='ocrx_word' id='word_1_114' title='bbox 1199 1637 1319 1712; x_wconf 87' lang='lat' dir='ltr'><strong>quidem</strong></span> 
     </span>
     <span class='ocr_line' id='line_1_15' title="bbox 122 1733 1321 1814; baseline -0.004 -18"><span class='ocrx_word' id='word_1_115' title='bbox 122 1736 304 1796; x_wconf 89' lang='lat' dir='ltr'><strong>solemnioris</strong></span> <span class='ocrx_word' id='word_1_116' title='bbox 318 1737 395 1794; x_wconf 91' lang='lat' dir='ltr'><strong>illius</strong></span> <span class='ocrx_word' id='word_1_117' title='bbox 408 1737 479 1794; x_wconf 89' lang='lat' dir='ltr'><strong>ritus</strong></span> <span class='ocrx_word' id='word_1_118' title='bbox 494 1737 688 1795; x_wconf 85' lang='lat' dir='ltr'><strong>retinentibus.</strong></span> <span class='ocrx_word' id='word_1_119' title='bbox 716 1736 735 1795; x_wconf 92' lang='lat' dir='ltr'>J</span> <span class='ocrx_word' id='word_1_120' title='bbox 738 1745 830 1795; x_wconf 90' lang='lat' dir='ltr'><strong>actant</strong></span> <span class='ocrx_word' id='word_1_121' title='bbox 844 1736 1063 1814; x_wconf 87' lang='lat' dir='ltr'><strong>Episcopaliani</strong></span> <span class='ocrx_word' id='word_1_122' title='bbox 1073 1753 1106 1794; x_wconf 94' lang='lat' dir='ltr'><strong>se</strong></span> <span class='ocrx_word' id='word_1_123' title='bbox 1117 1751 1183 1793; x_wconf 90' lang='lat' dir='ltr'><strong>esse</strong></span> <span class='ocrx_word' id='word_1_124' title='bbox 1196 1733 1321 1808; x_wconf 87' lang='lat' dir='ltr'><strong>antiqui·</strong></span> 
     </span>
     <span class='ocr_line' id='line_1_16' title="bbox 122 1829 1321 1906; baseline -0.005 -13"><span class='ocrx_word' id='word_1_125' title='bbox 122 1834 188 1893; x_wconf 88' lang='lat' dir='ltr'><strong>tatis</strong></span> <span class='ocrx_word' id='word_1_126' title='bbox 202 1831 342 1901; x_wconf 81' lang='lat' dir='ltr'><strong>cultores3</strong></span> <span class='ocrx_word' id='word_1_127' title='bbox 364 1831 414 1890; x_wconf 90' lang='lat' dir='ltr'><strong>sed</strong></span> <span class='ocrx_word' id='word_1_128' title='bbox 429 1833 478 1906; x_wconf 91' lang='lat' dir='ltr'><strong>qui</strong></span> <span class='ocrx_word' id='word_1_129' title='bbox 503 1833 571 1891; x_wconf 85' lang='lat' dir='ltr'><strong>velit</strong></span> <span class='ocrx_word' id='word_1_130' title='bbox 594 1850 694 1892; x_wconf 90' lang='lat' dir='ltr'><strong>eorum</strong></span> <span class='ocrx_word' id='word_1_131' title='bbox 714 1834 784 1892; x_wconf 86' lang='lat' dir='ltr'><strong>ritus</strong></span> <span class='ocrx_word' id='word_1_132' title='bbox 806 1852 871 1892; x_wconf 89' lang='lat' dir='ltr'><strong>curo</strong></span> <span class='ocrx_word' id='word_1_133' title='bbox 894 1835 1035 1893; x_wconf 83' lang='lat' dir='ltr'><strong>veteribus</strong></span> <span class='ocrx_word' id='word_1_134' title='bbox 1055 1831 1197 1899; x_wconf 78' lang='lat' dir='ltr'><strong>conferre,</strong></span> <span class='ocrx_word' id='word_1_135' title='bbox 1211 1829 1321 1888; x_wconf 87' lang='lat' dir='ltr'><strong>videbit</strong></span> 
     </span>
     <span class='ocr_line' id='line_1_17' title="bbox 123 1927 1320 2008; baseline -0.004 -19"><span class='ocrx_word' id='word_1_136' title='bbox 123 1948 174 1989; x_wconf 92' lang='lat' dir='ltr'><strong>eos</strong></span> <span class='ocrx_word' id='word_1_137' title='bbox 189 1939 247 1988; x_wconf 90' lang='lat' dir='ltr'><strong>toto</strong></span> <span class='ocrx_word' id='word_1_138' title='bbox 262 1927 368 1988; x_wconf 87' lang='lat' dir='ltr'><strong>distare</strong></span> <span class='ocrx_word' id='word_1_139' title='bbox 384 1928 469 1987; x_wconf 83' lang='lat' dir='ltr'><strong>coelo.</strong></span> <span class='ocrx_word' id='word_1_140' title='bbox 509 1928 610 2006; x_wconf 86' lang='lat' dir='ltr'><strong>ipsum</strong></span> <span class='ocrx_word' id='word_1_141' title='bbox 631 1931 723 1988; x_wconf 90' lang='lat' dir='ltr'><strong>crucis</strong></span> <span class='ocrx_word' id='word_1_142' title='bbox 738 1931 853 2008; x_wconf 83' lang='lat' dir='ltr'><strong>signum</strong></span> <span class='ocrx_word' id='word_1_143' title='bbox 874 1929 981 2003; x_wconf 89' lang='lat' dir='ltr'><strong>dequo</strong></span> <span class='ocrx_word' id='word_1_144' title='bbox 1001 1929 1101 1989; x_wconf 87' lang='lat' dir='ltr'><strong>scribit</strong></span> <span class='ocrx_word' id='word_1_145' title='bbox 1120 1927 1320 2006; x_wconf 75' lang='lat' dir='ltr'><strong>Augustinus:</strong></span> 
     </span>
     <span class='ocr_line' id='line_1_18' title="bbox 124 2026 1324 2105; baseline -0.003 -18"><span class='ocrx_word' id='word_1_146' title='bbox 124 2037 145 2066; x_wconf 81' lang='lat'><strong>‘⁴</strong></span> <span class='ocrx_word' id='word_1_147' title='bbox 157 2048 214 2087; x_wconf 91' lang='lat' dir='ltr'><strong>non</strong></span> <span class='ocrx_word' id='word_1_148' title='bbox 229 2029 291 2086; x_wconf 89' lang='lat' dir='ltr'><strong>sine</strong></span> <span class='ocrx_word' id='word_1_149' title='bbox 307 2045 393 2084; x_wconf 90' lang='lat' dir='ltr'><strong>causa</strong></span> <span class='ocrx_word' id='word_1_150' title='bbox 406 2029 520 2104; x_wconf 84' lang='lat' dir='ltr'><strong>signum</strong></span> <span class='ocrx_word' id='word_1_151' title='bbox 534 2045 618 2086; x_wconf 90' lang='lat' dir='ltr'><strong>suum</strong></span> <span class='ocrx_word' id='word_1_152' title='bbox 634 2026 769 2086; x_wconf 79' lang='lat' dir='ltr'><strong>christus</strong></span> <span class='ocrx_word' id='word_1_153' title='bbox 783 2029 813 2087; x_wconf 93' lang='lat' dir='ltr'><strong>in</strong></span> <span class='ocrx_word' id='word_1_154' title='bbox 826 2028 922 2086; x_wconf 82' lang='lat' dir='ltr'><strong>fronte</strong></span> <span class='ocrx_word' id='word_1_155' title='bbox 939 2027 1022 2086; x_wconf 91' lang='lat' dir='ltr'><strong>nobis</strong></span> <span class='ocrx_word' id='word_1_156' title='bbox 1035 2027 1086 2105; x_wconf 81' lang='lat' dir='ltr'><strong>figi</strong></span> <span class='ocrx_word' id='word_1_157' title='bbox 1100 2026 1190 2086; x_wconf 88' lang='lat' dir='ltr'><strong>voluit</strong></span> <span class='ocrx_word' id='word_1_158' title='bbox 1211 2066 1220 2083; x_wconf 93' lang='lat'><strong>.</strong></span> <span class='ocrx_word' id='word_1_159' title='bbox 1242 2065 1252 2082; x_wconf 94' lang='lat'><strong>.</strong></span> <span class='ocrx_word' id='word_1_160' title='bbox 1276 2064 1285 2082; x_wconf 94' lang='lat'><strong>.</strong></span> <span class='ocrx_word' id='word_1_161' title='bbox 1311 2048 1324 2080; x_wconf 94' lang='lat'><strong>.·</strong></span> 
     </span>
     <span class='ocr_line' id='line_1_19' title="bbox 124 2122 1322 2201; baseline -0.007 -14"><span class='ocrx_word' id='word_1_162' title='bbox 124 2144 162 2187; x_wconf 88' lang='lat' dir='ltr'><strong>ue</strong></span> <span class='ocrx_word' id='word_1_163' title='bbox 178 2124 287 2184; x_wconf 82' lang='lat' dir='ltr'><strong>Christi</strong></span> <span class='ocrx_word' id='word_1_164' title='bbox 302 2125 455 2201; x_wconf 91' lang='lat' dir='ltr'><strong>opprobrio</strong></span> <span class='ocrx_word' id='word_1_165' title='bbox 471 2124 652 2182; x_wconf 88' lang='lat' dir='ltr'><strong>Christianus</strong></span> <span class='ocrx_word' id='word_1_166' title='bbox 672 2125 866 2192; x_wconf 80' lang='lat' dir='ltr'><strong>erubescat,”⁸</strong></span> <span class='ocrx_word' id='word_1_167' title='bbox 879 2126 929 2184; x_wconf 82' lang='lat' dir='ltr'><strong>vix</strong></span> <span class='ocrx_word' id='word_1_168' title='bbox 942 2124 1005 2185; x_wconf 87' lang='lat' dir='ltr'><strong>ausi</strong></span> <span class='ocrx_word' id='word_1_169' title='bbox 1017 2135 1085 2185; x_wconf 90' lang='lat' dir='ltr'><strong>sunt</strong></span> <span class='ocrx_word' id='word_1_170' title='bbox 1105 2122 1263 2201; x_wconf 78' lang='lat' dir='ltr'><strong>Anglicani</strong></span> <span class='ocrx_word' id='word_1_171' title='bbox 1283 2139 1322 2180; x_wconf 86' lang='lat' dir='ltr'><strong>ex</strong></span> 
     </span>
     <span class='ocr_line' id='line_1_20' title="bbox 126 2218 1323 2297; baseline -0.002 -17"><span class='ocrx_word' id='word_1_172' title='bbox 126 2219 262 2280; x_wconf 89' lang='lat' dir='ltr'><strong>omnibus</strong></span> <span class='ocrx_word' id='word_1_173' title='bbox 276 2218 376 2277; x_wconf 88' lang='lat' dir='ltr'><strong>ritibus</strong></span> <span class='ocrx_word' id='word_1_174' title='bbox 391 2219 525 2286; x_wconf 89' lang='lat' dir='ltr'><strong>retinere,</strong></span> <span class='ocrx_word' id='word_1_175' title='bbox 538 2219 630 2277; x_wconf 90' lang='lat' dir='ltr'><strong>semel</strong></span> <span class='ocrx_word' id='word_1_176' title='bbox 643 2228 751 2278; x_wconf 89' lang='lat' dir='ltr'><strong>tantum</strong></span> <span class='ocrx_word' id='word_1_177' title='bbox 763 2231 829 2296; x_wconf 92' lang='lat' dir='ltr'><strong>post</strong></span> <span class='ocrx_word' id='word_1_178' title='bbox 842 2220 1014 2297; x_wconf 88' lang='lat' dir='ltr'><strong>baptismum</strong></span> <span class='ocrx_word' id='word_1_179' title='bbox 1027 2218 1200 2286; x_wconf 80' lang='lat' dir='ltr'><strong>iaciendum,</strong></span> <span class='ocrx_word' id='word_1_180' title='bbox 1215 2235 1323 2297; x_wconf 79' lang='lat' dir='ltr'><strong>magno</strong></span> 
     </span>
     <span class='ocr_line' id='line_1_21' title="bbox 123 2316 1321 2396; baseline -0.002 -17"><span class='ocrx_word' id='word_1_181' title='bbox 123 2319 219 2379; x_wconf 89' lang='lat' dir='ltr'><strong>studio</strong></span> <span class='ocrx_word' id='word_1_182' title='bbox 233 2330 367 2378; x_wconf 88' lang='lat' dir='ltr'><strong>conantes</strong></span> <span class='ocrx_word' id='word_1_183' title='bbox 381 2319 441 2376; x_wconf 88' lang='lat' dir='ltr'><strong>suis</strong></span> <span class='ocrx_word' id='word_1_184' title='bbox 455 2318 582 2377; x_wconf 84' lang='lat' dir='ltr'><strong>eximere</strong></span> <span class='ocrx_word' id='word_1_185' title='bbox 595 2336 629 2376; x_wconf 89' lang='lat' dir='ltr'><strong>aa</strong></span> <span class='ocrx_word' id='word_1_186' title='bbox 649 2317 686 2377; x_wconf 91' lang='lat' dir='ltr'><strong>de</strong></span> <span class='ocrx_word' id='word_1_187' title='bbox 699 2337 730 2377; x_wconf 90' lang='lat' dir='ltr'><strong>re</strong></span> <span class='ocrx_word' id='word_1_188' title='bbox 750 2319 917 2396; x_wconf 89' lang='lat' dir='ltr'><strong>scrupulum</strong></span> <span class='ocrx_word' id='word_1_189' title='bbox 928 2323 951 2388; x_wconf 78' lang='lat'><strong>3⁴</strong></span> <span class='ocrx_word' id='word_1_190' title='bbox 963 2317 1014 2393; x_wconf 91' lang='lat' dir='ltr'><strong>qui</strong></span> <span class='ocrx_word' id='word_1_191' title='bbox 1034 2328 1130 2379; x_wconf 88' lang='lat' dir='ltr'><strong>autem</strong></span> <span class='ocrx_word' id='word_1_192' title='bbox 1150 2316 1321 2395; x_wconf 78' lang='lat' dir='ltr'><strong>Anglicanis</strong></span> 
     </span>
     <span class='ocr_line' id='line_1_22' title="bbox 124 2413 1321 2492; baseline -0.003 -17"><span class='ocrx_word' id='word_1_193' title='bbox 124 2414 269 2475; x_wconf 80' lang='lat' dir='ltr'><strong>adhaerent</strong></span> <span class='ocrx_word' id='word_1_194' title='bbox 293 2413 510 2492; x_wconf 89' lang='lat' dir='ltr'><strong>Episcopaliani</strong></span> <span class='ocrx_word' id='word_1_195' title='bbox 533 2414 634 2472; x_wconf 89' lang='lat' dir='ltr'><strong>harum</strong></span> <span class='ocrx_word' id='word_1_196' title='bbox 658 2415 868 2491; x_wconf 86' lang='lat' dir='ltr'><strong>provinciarum</strong></span> <span class='ocrx_word' id='word_1_197' title='bbox 885 2415 1003 2472; x_wconf 90' lang='lat' dir='ltr'><strong>unicum</strong></span> <span class='ocrx_word' id='word_1_198' title='bbox 1017 2414 1098 2473; x_wconf 90' lang='lat' dir='ltr'><strong>illum</strong></span> <span class='ocrx_word' id='word_1_199' title='bbox 1118 2413 1205 2473; x_wconf 89' lang='lat' dir='ltr'><strong>ritum</strong></span> <span class='ocrx_word' id='word_1_200' title='bbox 1219 2432 1321 2473; x_wconf 92' lang='lat' dir='ltr'><strong>eorum</strong></span> 
     </span>
     <span class='ocr_line' id='line_1_23' title="bbox 109 2510 1006 2591; baseline -0.001 -21"><span class='ocrx_word' id='word_1_201' title='bbox 109 2514 175 2588; x_wconf 78' lang='lat' dir='ltr'><strong>‚qui</strong></span> <span class='ocrx_word' id='word_1_202' title='bbox 189 2511 377 2591; x_wconf 90' lang='lat' dir='ltr'><strong>baptizandos</strong></span> <span class='ocrx_word' id='word_1_203' title='bbox 391 2510 526 2568; x_wconf 87' lang='lat' dir='ltr'><strong>offerrent</strong></span> <span class='ocrx_word' id='word_1_204' title='bbox 540 2528 643 2587; x_wconf 90' lang='lat' dir='ltr'><strong>pueros</strong></span> <span class='ocrx_word' id='word_1_205' title='bbox 657 2510 845 2587; x_wconf 88' lang='lat' dir='ltr'><strong>permiserunt</strong></span> <span class='ocrx_word' id='word_1_206' title='bbox 860 2512 973 2570; x_wconf 90' lang='lat' dir='ltr'><strong>arbitrio</strong></span> <span class='ocrx_word' id='word_1_207' title='bbox 983 2514 1006 2569; x_wconf 85' lang='lat' dir='ltr'><strong>l⁵</strong></span> 
     </span>
    </p>

    <p class='ocr_par' dir='ltr' id='par_1_5' title="bbox 123 2605 1326 3367">
     <span class='ocr_line' id='line_1_24' title="bbox 163 2605 1324 2686; baseline -0.002 -16"><span class='ocrx_word' id='word_1_208' title='bbox 163 2616 232 2670; x_wconf 87' lang='grc'><strong>208.</strong></span> <span class='ocrx_word' id='word_1_209' title='bbox 255 2610 304 2668; x_wconf 87' lang='lat' dir='ltr'><strong>Ex</strong></span> <span class='ocrx_word' id='word_1_210' title='bbox 318 2609 363 2665; x_wconf 88' lang='lat' dir='ltr'><strong>his</strong></span> <span class='ocrx_word' id='word_1_211' title='bbox 378 2627 441 2681; x_wconf 78' lang='lat' dir='ltr'><strong>que</strong></span> <span class='ocrx_word' id='word_1_212' title='bbox 456 2605 603 2665; x_wconf 88' lang='lat' dir='ltr'><strong>retulimus</strong></span> <span class='ocrx_word' id='word_1_213' title='bbox 617 2608 707 2681; x_wconf 92' lang='lat' dir='ltr'><strong>liquet</strong></span> <span class='ocrx_word' id='word_1_214' title='bbox 727 2609 860 2686; x_wconf 88' lang='lat' dir='ltr'><strong>baptismi</strong></span> <span class='ocrx_word' id='word_1_215' title='bbox 875 2610 944 2667; x_wconf 91' lang='lat' dir='ltr'><strong>ritus</strong></span> <span class='ocrx_word' id='word_1_216' title='bbox 965 2628 1030 2667; x_wconf 88' lang='lat' dir='ltr'><strong>esse</strong></span> <span class='ocrx_word' id='word_1_217' title='bbox 1045 2609 1272 2679; x_wconf 89' lang='lat' dir='ltr'><strong>vetustissimos,</strong></span> <span class='ocrx_word' id='word_1_218' title='bbox 1294 2621 1324 2668; x_wconf 92' lang='lat' dir='ltr'><strong>et</strong></span> 
     </span>
     <span class='ocr_line' id='line_1_25' title="bbox 123 2702 1322 2785; baseline -0.002 -19"><span class='ocrx_word' id='word_1_219' title='bbox 123 2707 275 2785; x_wconf 90' lang='lat' dir='ltr'><strong>plerosque</strong></span> <span class='ocrx_word' id='word_1_220' title='bbox 289 2705 322 2761; x_wconf 90' lang='lat' dir='ltr'><strong>ah</strong></span> <span class='ocrx_word' id='word_1_221' title='bbox 339 2702 503 2778; x_wconf 82' lang='lat' dir='ltr'><strong>Apostolica</strong></span> <span class='ocrx_word' id='word_1_222' title='bbox 516 2713 597 2761; x_wconf 84' lang='lat' dir='ltr'><strong>aetate</strong></span> <span class='ocrx_word' id='word_1_223' title='bbox 611 2702 761 2763; x_wconf 84' lang='lat' dir='ltr'><strong>derivatos.</strong></span> <span class='ocrx_word' id='word_1_224' title='bbox 804 2705 865 2763; x_wconf 89' lang='lat' dir='ltr'><strong>Eos</strong></span> <span class='ocrx_word' id='word_1_225' title='bbox 880 2707 965 2764; x_wconf 91' lang='lat' dir='ltr'><strong>etiam</strong></span> <span class='ocrx_word' id='word_1_226' title='bbox 979 2723 1013 2765; x_wconf 90' lang='lat' dir='ltr'><strong>eo</strong></span> <span class='ocrx_word' id='word_1_227' title='bbox 1034 2706 1092 2764; x_wconf 88' lang='lat' dir='ltr'><strong>fine</strong></span> <span class='ocrx_word' id='word_1_228' title='bbox 1114 2707 1213 2784; x_wconf 82' lang='lat' dir='ltr'><strong>peragi</strong></span> <span class='ocrx_word' id='word_1_229' title='bbox 1227 2707 1322 2779; x_wconf 91' lang='lat' dir='ltr'><strong>liquet</strong></span> 
     </span>
     <span class='ocr_line' id='line_1_26' title="bbox 124 2800 1320 2883; baseline -0.002 -20"><span class='ocrx_word' id='word_1_230' title='bbox 124 2815 156 2864; x_wconf 94' lang='lat' dir='ltr'><strong>ut</strong></span> <span class='ocrx_word' id='word_1_231' title='bbox 170 2803 279 2861; x_wconf 89' lang='lat' dir='ltr'><strong>Christi</strong></span> <span class='ocrx_word' id='word_1_232' title='bbox 293 2800 411 2858; x_wconf 90' lang='lat' dir='ltr'><strong>Domini</strong></span> <span class='ocrx_word' id='word_1_233' title='bbox 427 2818 471 2856; x_wconf 88' lang='lat' dir='ltr'><strong>res</strong></span> <span class='ocrx_word' id='word_1_234' title='bbox 485 2810 583 2876; x_wconf 73' lang='lat' dir='ltr'><strong>gestae,</strong></span> <span class='ocrx_word' id='word_1_235' title='bbox 597 2810 627 2859; x_wconf 91' lang='lat' dir='ltr'><strong>et</strong></span> <span class='ocrx_word' id='word_1_236' title='bbox 639 2800 707 2859; x_wconf 90' lang='lat' dir='ltr'><strong>fidei</strong></span> <span class='ocrx_word' id='word_1_237' title='bbox 722 2803 858 2879; x_wconf 87' lang='lat' dir='ltr'><strong>mysteria</strong></span> <span class='ocrx_word' id='word_1_238' title='bbox 872 2822 927 2862; x_wconf 91' lang='lat' dir='ltr'><strong>una</strong></span> <span class='ocrx_word' id='word_1_239' title='bbox 941 2822 1007 2863; x_wconf 91' lang='lat' dir='ltr'><strong>cum</strong></span> <span class='ocrx_word' id='word_1_240' title='bbox 1027 2803 1176 2862; x_wconf 87' lang='lat' dir='ltr'><strong>christiani</strong></span> <span class='ocrx_word' id='word_1_241' title='bbox 1190 2804 1320 2883; x_wconf 89' lang='lat' dir='ltr'><strong>hominis</strong></span> 
     </span>
     <span class='ocr_line' id='line_1_27' title="bbox 124 2894 1321 2977; baseline -0.001 -18"><span class='ocrx_word' id='word_1_242' title='bbox 124 2899 228 2960; x_wconf 89' lang='lat' dir='ltr'><strong>officiis</strong></span> <span class='ocrx_word' id='word_1_243' title='bbox 244 2897 387 2956; x_wconf 81' lang='lat' dir='ltr'><strong>memorie</strong></span> <span class='ocrx_word' id='word_1_244' title='bbox 402 2894 571 2954; x_wconf 88' lang='lat' dir='ltr'><strong>adstantium</strong></span> <span class='ocrx_word' id='word_1_245' title='bbox 586 2897 830 2967; x_wconf 86' lang='lat' dir='ltr'><strong>commendentur,</strong></span> <span class='ocrx_word' id='word_1_246' title='bbox 845 2909 874 2957; x_wconf 91' lang='lat' dir='ltr'><strong>et</strong></span> <span class='ocrx_word' id='word_1_247' title='bbox 887 2901 1029 2958; x_wconf 89' lang='lat' dir='ltr'><strong>mentibus</strong></span> <span class='ocrx_word' id='word_1_248' title='bbox 1045 2899 1129 2958; x_wconf 91' lang='lat' dir='ltr'><strong>altius</strong></span> <span class='ocrx_word' id='word_1_249' title='bbox 1144 2900 1321 2977; x_wconf 82' lang='lat' dir='ltr'><strong>infigantur:</strong></span> 
     </span>
     <span class='ocr_line' id='line_1_28' title="bbox 126 2993 1324 3076; baseline 0.003 -21"><span class='ocrx_word' id='word_1_250' title='bbox 126 2997 310 3073; x_wconf 90' lang='lat' dir='ltr'><strong>quamobrem</strong></span> <span class='ocrx_word' id='word_1_251' title='bbox 323 2993 477 3052; x_wconf 86' lang='lat' dir='ltr'><strong>curandum</strong></span> <span class='ocrx_word' id='word_1_252' title='bbox 492 3006 535 3052; x_wconf 86' lang='lat' dir='ltr'><strong>est</strong></span> <span class='ocrx_word' id='word_1_253' title='bbox 549 2995 741 3054; x_wconf 89' lang='lat' dir='ltr'><strong>sacerdotibus</strong></span> <span class='ocrx_word' id='word_1_254' title='bbox 756 3010 788 3054; x_wconf 94' lang='lat' dir='ltr'><strong>ut</strong></span> <span class='ocrx_word' id='word_1_255' title='bbox 799 3015 848 3057; x_wconf 89' lang='lat' dir='ltr'><strong>eos</strong></span> <span class='ocrx_word' id='word_1_256' title='bbox 864 3009 991 3056; x_wconf 91' lang='lat' dir='ltr'><strong>accurate</strong></span> <span class='ocrx_word' id='word_1_257' title='bbox 1002 2998 1145 3076; x_wconf 87' lang='lat' dir='ltr'><strong>expleant,</strong></span> <span class='ocrx_word' id='word_1_258' title='bbox 1158 3009 1187 3056; x_wconf 94' lang='lat' dir='ltr'><strong>et</strong></span> <span class='ocrx_word' id='word_1_259' title='bbox 1200 2997 1267 3057; x_wconf 89' lang='lat' dir='ltr'><strong>data</strong></span> <span class='ocrx_word' id='word_1_260' title='bbox 1276 3018 1324 3058; x_wconf 88' lang='lat' dir='ltr'><strong>oc·</strong></span> 
     </span>
     <span class='ocr_line' id='line_1_29' title="bbox 126 3092 1322 3173; baseline 0.003 -20"><span class='ocrx_word' id='word_1_261' title='bbox 126 3094 242 3154; x_wconf 80' lang='lat' dir='ltr'><strong>cesione</strong></span> <span class='ocrx_word' id='word_1_262' title='bbox 251 3092 404 3170; x_wconf 84' lang='lat' dir='ltr'><strong>explicent,</strong></span> <span class='ocrx_word' id='word_1_263' title='bbox 415 3110 467 3150; x_wconf 89' lang='lat' dir='ltr'><strong>uec</strong></span> <span class='ocrx_word' id='word_1_264' title='bbox 476 3092 553 3151; x_wconf 89' lang='lat' dir='ltr'><strong>enim</strong></span> <span class='ocrx_word' id='word_1_265' title='bbox 568 3093 673 3167; x_wconf 92' lang='lat' dir='ltr'><strong>absque</strong></span> <span class='ocrx_word' id='word_1_266' title='bbox 687 3093 800 3170; x_wconf 92' lang='lat' dir='ltr'><strong>piaculo</strong></span> <span class='ocrx_word' id='word_1_267' title='bbox 815 3095 1073 3173; x_wconf 79' lang='lat' dir='ltr'><strong>praetermittuntur,</strong></span> <span class='ocrx_word' id='word_1_268' title='bbox 1087 3095 1132 3154; x_wconf 88' lang='lat' dir='ltr'><strong>rel</strong></span> <span class='ocrx_word' id='word_1_269' title='bbox 1144 3114 1161 3153; x_wconf 90' lang='lat' dir='ltr'><strong>a</strong></span> <span class='ocrx_word' id='word_1_270' title='bbox 1175 3096 1322 3173; x_wconf 89' lang='lat' dir='ltr'><strong>baptismo</strong></span> 
     </span>
     <span class='ocr_line' id='line_1_30' title="bbox 127 3188 1326 3270; baseline 0.004 -22"><span class='ocrx_word' id='word_1_271' title='bbox 127 3203 303 3268; x_wconf 86' lang='lat' dir='ltr'><strong>separantur,</strong></span> <span class='ocrx_word' id='word_1_272' title='bbox 317 3189 373 3247; x_wconf 89' lang='lat' dir='ltr'><strong>nisi</strong></span> <span class='ocrx_word' id='word_1_273' title='bbox 388 3189 481 3266; x_wconf 83' lang='lat' dir='ltr'><strong>gravis</strong></span> <span class='ocrx_word' id='word_1_274' title='bbox 503 3188 655 3248; x_wconf 86' lang='lat' dir='ltr'><strong>admodum</strong></span> <span class='ocrx_word' id='word_1_275' title='bbox 677 3202 775 3267; x_wconf 84' lang='lat' dir='ltr'><strong>urgeat</strong></span> <span class='ocrx_word' id='word_1_276' title='bbox 788 3211 882 3250; x_wconf 90' lang='lat' dir='ltr'><strong>causa.</strong></span> <span class='ocrx_word' id='word_1_277' title='bbox 925 3191 1107 3251; x_wconf 84' lang='lat' dir='ltr'><strong>Oxonieuses</strong></span> <span class='ocrx_word' id='word_1_278' title='bbox 1124 3193 1187 3270; x_wconf 89' lang='lat' dir='ltr'><strong>jam</strong></span> <span class='ocrx_word' id='word_1_279' title='bbox 1208 3193 1326 3270; x_wconf 87' lang='lat' dir='ltr'><strong>plorent</strong></span> 
     </span>
     <span class='ocr_line' id='line_1_31' title="bbox 127 3285 1325 3367; baseline 0.004 -22"><span class='ocrx_word' id='word_1_280' title='bbox 127 3306 244 3347; x_wconf 88' lang='lat' dir='ltr'><strong>suorum</strong></span> <span class='ocrx_word' id='word_1_281' title='bbox 260 3285 455 3354; x_wconf 85' lang='lat' dir='ltr'><strong>temeritatem,</strong></span> <span class='ocrx_word' id='word_1_282' title='bbox 470 3305 527 3359; x_wconf 87' lang='lat' dir='ltr'><strong>qua</strong></span> <span class='ocrx_word' id='word_1_283' title='bbox 540 3305 641 3346; x_wconf 88' lang='lat' dir='ltr'><strong>omnes</strong></span> <span class='ocrx_word' id='word_1_284' title='bbox 655 3286 713 3345; x_wconf 88' lang='lat' dir='ltr'><strong>fere</strong></span> <span class='ocrx_word' id='word_1_285' title='bbox 727 3288 797 3346; x_wconf 87' lang='lat' dir='ltr'><strong>ritus</strong></span> <span class='ocrx_word' id='word_1_286' title='bbox 812 3289 883 3347; x_wconf 89' lang='lat' dir='ltr'><strong>sacri</strong></span> <span class='ocrx_word' id='word_1_287' title='bbox 898 3286 1025 3346; x_wconf 87' lang='lat' dir='ltr'><strong>derelicti</strong></span> <span class='ocrx_word' id='word_1_288' title='bbox 1035 3300 1111 3357; x_wconf 88' lang='lat' dir='ltr'><strong>sunt,</strong></span> <span class='ocrx_word' id='word_1_289' title='bbox 1127 3307 1325 3367; x_wconf 81' lang='lat' dir='ltr'><strong>magnumque</strong></span> 
     </span>
    </p>
   </div>
   <div class='ocr_carea' id='block_1_3' title="bbox 129 3573 1329 3984">
    <p class='ocr_par' dir='ltr' id='par_1_6' title="bbox 163 3573 445 3642">
     <span class='ocr_line' id='line_1_32' title="bbox 163 3573 445 3642; baseline 0.007 -19"><span class='ocrx_word' id='word_1_290' title='bbox 163 3576 205 3642; x_wconf 89' lang='grc'><strong>(1)</strong></span> <span class='ocrx_word' id='word_1_291' title='bbox 227 3575 293 3625; x_wconf 79' lang='lat' dir='ltr'><strong>Orat.</strong></span> <span class='ocrx_word' id='word_1_292' title='bbox 306 3573 333 3624; x_wconf 92' lang='lat' dir='ltr'><strong>in</strong></span> <span class='ocrx_word' id='word_1_293' title='bbox 344 3576 368 3625; x_wconf 87' lang='lat' dir='ltr'><strong>S.</strong></span> <span class='ocrx_word' id='word_1_294' title='bbox 380 3576 445 3641; x_wconf 85' lang='lat' dir='ltr'><strong>bapt</strong></span> 
     </span>
    </p>

    <p class='ocr_par' dir='ltr' id='par_1_7' title="bbox 162 3660 575 3728">
     <span class='ocr_line' id='line_1_33' title="bbox 162 3660 575 3728; baseline 0.007 -18"><span class='ocrx_word' id='word_1_295' title='bbox 162 3663 205 3728; x_wconf 87' lang='grc'><strong>(2)</strong></span> <span class='ocrx_word' id='word_1_296' title='bbox 225 3660 255 3711; x_wconf 87' lang='lat' dir='ltr'><strong>L.</strong></span> <span class='ocrx_word' id='word_1_297' title='bbox 266 3662 296 3710; x_wconf 89' lang='lat' dir='ltr'><strong>dc</strong></span> <span class='ocrx_word' id='word_1_298' title='bbox 307 3677 396 3711; x_wconf 90' lang='lat' dir='ltr'><strong>corona</strong></span> <span class='ocrx_word' id='word_1_299' title='bbox 407 3662 494 3711; x_wconf 88' lang='lat' dir='ltr'><strong>militis</strong></span> <span class='ocrx_word' id='word_1_300' title='bbox 506 3679 528 3712; x_wconf 90' lang='lat' dir='ltr'><strong>c.</strong></span> <span class='ocrx_word' id='word_1_301' title='bbox 540 3662 575 3713; x_wconf 91' lang='lat' dir='ltr'><strong>iii.</strong></span> 
     </span>
    </p>

    <p class='ocr_par' dir='ltr' id='par_1_8' title="bbox 164 3745 489 3812">
     <span class='ocr_line' id='line_1_34' title="bbox 164 3745 489 3812; baseline 0.003 -18"><span class='ocrx_word' id='word_1_302' title='bbox 164 3747 207 3812; x_wconf 80' lang='lat'><strong>(3)</strong></span> <span class='ocrx_word' id='word_1_303' title='bbox 226 3746 256 3794; x_wconf 91' lang='lat' dir='ltr'><strong>ln</strong></span> <span class='ocrx_word' id='word_1_304' title='bbox 268 3745 308 3794; x_wconf 93' lang='lat' dir='ltr'><strong>Ps.</strong></span> <span class='ocrx_word' id='word_1_305' title='bbox 318 3762 379 3795; x_wconf 86' lang='lat' dir='ltr'><strong>m.</strong></span> <span class='ocrx_word' id='word_1_306' title='bbox 390 3763 458 3796; x_wconf 90' lang='lat' dir='ltr'><strong>conc.</strong></span> <span class='ocrx_word' id='word_1_307' title='bbox 466 3749 489 3795; x_wconf 81' lang='grc'><strong>3.</strong></span> 
     </span>
    </p>

    <p class='ocr_par' dir='ltr' id='par_1_9' title="bbox 129 3827 1329 3984">
     <span class='ocr_line' id='line_1_35' title="bbox 165 3827 1328 3902; baseline 0.006 -24"><span class='ocrx_word' id='word_1_308' title='bbox 165 3829 207 3896; x_wconf 84' lang='grc'><strong>(4)</strong></span> <span class='ocrx_word' id='word_1_309' title='bbox 227 3835 242 3859; x_wconf 86' lang='grc'><strong>“</strong></span> <span class='ocrx_word' id='word_1_310' title='bbox 252 3827 292 3877; x_wconf 87' lang='lat' dir='ltr'><strong>To</strong></span> <span class='ocrx_word' id='word_1_311' title='bbox 302 3830 357 3878; x_wconf 82' lang='lat' dir='ltr'><strong>take</strong></span> <span class='ocrx_word' id='word_1_312' title='bbox 369 3845 438 3894; x_wconf 82' lang='lat' dir='ltr'><strong>away</strong></span> <span class='ocrx_word' id='word_1_313' title='bbox 451 3832 482 3880; x_wconf 89' lang='lat' dir='ltr'><strong>all</strong></span> <span class='ocrx_word' id='word_1_314' title='bbox 493 3831 589 3894; x_wconf 89' lang='lat' dir='ltr'><strong>scruple</strong></span> <span class='ocrx_word' id='word_1_315' title='bbox 605 3831 754 3894; x_wconf 80' lang='lat' dir='ltr'><strong>concerning</strong></span> <span class='ocrx_word' id='word_1_316' title='bbox 765 3831 807 3882; x_wconf 89' lang='lat' dir='ltr'><strong>the</strong></span> <span class='ocrx_word' id='word_1_317' title='bbox 818 3847 862 3883; x_wconf 91' lang='lat' dir='ltr'><strong>use</strong></span> <span class='ocrx_word' id='word_1_318' title='bbox 880 3831 909 3880; x_wconf 84' lang='lat' dir='ltr'><strong>of</strong></span> <span class='ocrx_word' id='word_1_319' title='bbox 921 3830 962 3881; x_wconf 94' lang='lat' dir='ltr'><strong>the</strong></span> <span class='ocrx_word' id='word_1_320' title='bbox 973 3831 1029 3894; x_wconf 79' lang='lat' dir='ltr'><strong>sign</strong></span> <span class='ocrx_word' id='word_1_321' title='bbox 1045 3831 1074 3880; x_wconf 83' lang='lat' dir='ltr'><strong>os</strong></span> <span class='ocrx_word' id='word_1_322' title='bbox 1086 3829 1128 3882; x_wconf 84' lang='lat' dir='ltr'><strong>the</strong></span> <span class='ocrx_word' id='word_1_323' title='bbox 1144 3846 1213 3882; x_wconf 87' lang='lat' dir='ltr'><strong>cross</strong></span> <span class='ocrx_word' id='word_1_324' title='bbox 1222 3832 1251 3883; x_wconf 89' lang='lat' dir='ltr'><strong>in</strong></span> <span class='ocrx_word' id='word_1_325' title='bbox 1262 3834 1328 3902; x_wconf 88' lang='lat' dir='ltr'><strong>Bap-</strong></span> 
     </span>
     <span class='ocr_line' id='line_1_36' title="bbox 129 3914 1329 3984; baseline 0.005 -17"><span class='ocrx_word' id='word_1_326' title='bbox 129 3914 194 3975; x_wconf 79' lang='lat' dir='ltr'><strong>tiam,</strong></span> <span class='ocrx_word' id='word_1_327' title='bbox 206 3915 246 3965; x_wconf 91' lang='lat' dir='ltr'><strong>the</strong></span> <span class='ocrx_word' id='word_1_328' title='bbox 257 3922 311 3965; x_wconf 90' lang='lat' dir='ltr'><strong>true</strong></span> <span class='ocrx_word' id='word_1_329' title='bbox 319 3916 467 3980; x_wconf 87' lang='lat' dir='ltr'><strong>explication</strong></span> <span class='ocrx_word' id='word_1_330' title='bbox 480 3916 584 3975; x_wconf 77' lang='lat' dir='ltr'><strong>thereos3</strong></span> <span class='ocrx_word' id='word_1_331' title='bbox 596 3918 644 3967; x_wconf 90' lang='lat' dir='ltr'><strong>and</strong></span> <span class='ocrx_word' id='word_1_332' title='bbox 657 3918 697 3968; x_wconf 88' lang='lat' dir='ltr'><strong>the</strong></span> <span class='ocrx_word' id='word_1_333' title='bbox 710 3919 764 3984; x_wconf 88' lang='lat' dir='ltr'><strong>just</strong></span> <span class='ocrx_word' id='word_1_334' title='bbox 774 3934 873 3969; x_wconf 88' lang='lat' dir='ltr'><strong>reasons</strong></span> <span class='ocrx_word' id='word_1_335' title='bbox 884 3919 921 3967; x_wconf 83' lang='lat' dir='ltr'><strong>sor</strong></span> <span class='ocrx_word' id='word_1_336' title='bbox 931 3916 972 3967; x_wconf 91' lang='lat' dir='ltr'><strong>the</strong></span> <span class='ocrx_word' id='word_1_337' title='bbox 983 3918 1103 3981; x_wconf 77' lang='lat' dir='ltr'><strong>retaining</strong></span> <span class='ocrx_word' id='word_1_338' title='bbox 1113 3917 1139 3976; x_wconf 88' lang='lat' dir='ltr'><strong>it,</strong></span> <span class='ocrx_word' id='word_1_339' title='bbox 1150 3933 1208 3983; x_wconf 81' lang='lat' dir='ltr'><strong>may</strong></span> <span class='ocrx_word' id='word_1_340' title='bbox 1225 3920 1257 3969; x_wconf 91' lang='lat' dir='ltr'><strong>ha</strong></span> <span class='ocrx_word' id='word_1_341' title='bbox 1268 3938 1329 3973; x_wconf 89' lang='lat' dir='ltr'><strong>seen</strong></span> 
     </span>
    </p>
   </div>
   <div class='ocr_carea' id='block_1_4' title="bbox 127 4001 1329 4155">
    <p class='ocr_par' dir='ltr' id='par_1_10' title="bbox 127 4001 1329 4155">
     <span class='ocr_line' id='line_1_37' title="bbox 127 4001 1329 4068; baseline 0.005 -14"><span class='ocrx_word' id='word_1_342' title='bbox 127 4002 156 4054; x_wconf 89' lang='lat' dir='ltr'><strong>in</strong></span> <span class='ocrx_word' id='word_1_343' title='bbox 166 4002 208 4054; x_wconf 89' lang='lat' dir='ltr'><strong>the</strong></span> <span class='ocrx_word' id='word_1_344' title='bbox 218 4001 299 4051; x_wconf 88' lang='lat' dir='ltr'><strong>mth</strong></span> <span class='ocrx_word' id='word_1_345' title='bbox 309 4011 396 4062; x_wconf 86' lang='lat' dir='ltr'><strong>canon,</strong></span> <span class='ocrx_word' id='word_1_346' title='bbox 407 4002 460 4052; x_wconf 88' lang='lat' dir='ltr'><strong>first</strong></span> <span class='ocrx_word' id='word_1_347' title='bbox 475 4003 603 4066; x_wconf 88' lang='lat' dir='ltr'><strong>published</strong></span> <span class='ocrx_word' id='word_1_348' title='bbox 613 4003 640 4053; x_wconf 91' lang='lat' dir='ltr'><strong>in</strong></span> <span class='ocrx_word' id='word_1_349' title='bbox 652 4003 692 4053; x_wconf 91' lang='lat' dir='ltr'><strong>the</strong></span> <span class='ocrx_word' id='word_1_350' title='bbox 702 4020 761 4068; x_wconf 83' lang='lat' dir='ltr'><strong>year</strong></span> <span class='ocrx_word' id='word_1_351' title='bbox 770 4020 866 4055; x_wconf 77' lang='lat' dir='ltr'><strong>nncrr.</strong></span> <span class='ocrx_word' id='word_1_352' title='bbox 884 4003 974 4055; x_wconf 83' lang='lat' dir='ltr'><strong>Rubrio</strong></span> <span class='ocrx_word' id='word_1_353' title='bbox 984 4005 1013 4054; x_wconf 81' lang='lat' dir='ltr'><strong>oi</strong></span> <span class='ocrx_word' id='word_1_354' title='bbox 1026 4003 1067 4056; x_wconf 84' lang='lat' dir='ltr'><strong>the</strong></span> <span class='ocrx_word' id='word_1_355' title='bbox 1079 4004 1148 4054; x_wconf 82' lang='lat' dir='ltr'><strong>Book</strong></span> <span class='ocrx_word' id='word_1_356' title='bbox 1158 4004 1188 4054; x_wconf 80' lang='lat' dir='ltr'><strong>of</strong></span> <span class='ocrx_word' id='word_1_357' title='bbox 1200 4003 1329 4059; x_wconf 77' lang='lat' dir='ltr'><strong>common</strong></span> 
     </span>
     <span class='ocr_line' id='line_1_38' title="bbox 129 4087 613 4155; baseline -0.004 -14"><span class='ocrx_word' id='word_1_358' title='bbox 129 4089 221 4155; x_wconf 81' lang='lat' dir='ltr'><strong>Prsyer</strong></span> <span class='ocrx_word' id='word_1_359' title='bbox 232 4088 260 4138; x_wconf 83' lang='lat' dir='ltr'><strong>os</strong></span> <span class='ocrx_word' id='word_1_360' title='bbox 267 4088 308 4137; x_wconf 90' lang='lat' dir='ltr'><strong>the</strong></span> <span class='ocrx_word' id='word_1_361' title='bbox 320 4087 421 4138; x_wconf 82' lang='lat' dir='ltr'><strong>Church</strong></span> <span class='ocrx_word' id='word_1_362' title='bbox 431 4089 461 4138; x_wconf 80' lang='lat' dir='ltr'><strong>of</strong></span> <span class='ocrx_word' id='word_1_363' title='bbox 473 4088 613 4150; x_wconf 77' lang='lat' dir='ltr'><strong>Euglaud.”</strong></span> 
     </span>
    </p>
   </div>
   <div class='ocr_carea' id='block_1_5' title="bbox 55 4172 1333 4409">
    <p class='ocr_par' dir='ltr' id='par_1_11' title="bbox 55 4172 1333 4409">
     <span class='ocr_line' id='line_1_39' title="bbox 165 4172 1333 4241; baseline 0.004 -17"><span class='ocrx_word' id='word_1_364' title='bbox 165 4176 208 4240; x_wconf 79' lang='grc' dir='ltr'><strong>(ὗ)</strong></span> <span class='ocrx_word' id='word_1_365' title='bbox 228 4179 243 4204; x_wconf 83' lang='lat'><strong>“</strong></span> <span class='ocrx_word' id='word_1_366' title='bbox 252 4173 278 4222; x_wconf 73' lang='lat' dir='ltr'><strong>lt⁴</strong></span> <span class='ocrx_word' id='word_1_367' title='bbox 289 4172 358 4222; x_wconf 89' lang='lat' dir='ltr'><strong>those</strong></span> <span class='ocrx_word' id='word_1_368' title='bbox 369 4172 427 4222; x_wconf 87' lang='lat' dir='ltr'><strong>who</strong></span> <span class='ocrx_word' id='word_1_369' title='bbox 437 4181 535 4238; x_wconf 85' lang='lat' dir='ltr'><strong>present</strong></span> <span class='ocrx_word' id='word_1_370' title='bbox 545 4173 587 4224; x_wconf 92' lang='lat' dir='ltr'><strong>the</strong></span> <span class='ocrx_word' id='word_1_371' title='bbox 597 4174 678 4224; x_wconf 83' lang='lat' dir='ltr'><strong>infant</strong></span> <span class='ocrx_word' id='word_1_372' title='bbox 688 4173 751 4223; x_wconf 89' lang='lat' dir='ltr'><strong>shall</strong></span> <span class='ocrx_word' id='word_1_373' title='bbox 761 4173 839 4223; x_wconf 90' lang='lat' dir='ltr'><strong>desire</strong></span> <span class='ocrx_word' id='word_1_374' title='bbox 850 4173 892 4223; x_wconf 90' lang='lat' dir='ltr'><strong>the</strong></span> <span class='ocrx_word' id='word_1_375' title='bbox 913 4174 969 4237; x_wconf 81' lang='lat' dir='ltr'><strong>sign</strong></span> <span class='ocrx_word' id='word_1_376' title='bbox 980 4176 1009 4224; x_wconf 83' lang='lat' dir='ltr'><strong>os</strong></span> <span class='ocrx_word' id='word_1_377' title='bbox 1015 4175 1057 4227; x_wconf 84' lang='lat' dir='ltr'><strong>tha</strong></span> <span class='ocrx_word' id='word_1_378' title='bbox 1068 4191 1134 4227; x_wconf 80' lang='lat' dir='ltr'><strong>orons</strong></span> <span class='ocrx_word' id='word_1_379' title='bbox 1144 4176 1209 4226; x_wconf 77' lang='lat' dir='ltr'><strong>teba</strong></span> <span class='ocrx_word' id='word_1_380' title='bbox 1220 4177 1333 4241; x_wconf 88' lang='lat' dir='ltr'><strong>omitted,</strong></span> 
     </span>
     <span class='ocr_line' id='line_1_40' title="bbox 56 4252 1332 4326; baseline 0.002 -14"><span class='ocrx_word' id='word_1_381' title='bbox 56 4252 61 4297; x_wconf 73' lang='grc' dir='ltr'>ἶ</span> <span class='ocrx_word' id='word_1_382' title='bbox 130 4260 250 4326; x_wconf 78' lang='lat' dir='ltr'><strong>although</strong></span> <span class='ocrx_word' id='word_1_383' title='bbox 261 4259 303 4308; x_wconf 92' lang='lat' dir='ltr'><strong>the</strong></span> <span class='ocrx_word' id='word_1_384' title='bbox 314 4258 405 4308; x_wconf 88' lang='lat' dir='ltr'><strong>chureh</strong></span> <span class='ocrx_word' id='word_1_385' title='bbox 414 4259 500 4309; x_wconf 87' lang='lat' dir='ltr'><strong>lmows</strong></span> <span class='ocrx_word' id='word_1_386' title='bbox 511 4273 545 4307; x_wconf 89' lang='lat' dir='ltr'><strong>no</strong></span> <span class='ocrx_word' id='word_1_387' title='bbox 556 4259 651 4324; x_wconf 84' lang='lat' dir='ltr'><strong>worthy</strong></span> <span class='ocrx_word' id='word_1_388' title='bbox 662 4275 735 4308; x_wconf 84' lang='lat' dir='ltr'><strong>cause</strong></span> <span class='ocrx_word' id='word_1_389' title='bbox 747 4259 775 4307; x_wconf 83' lang='lat' dir='ltr'><strong>of</strong></span> <span class='ocrx_word' id='word_1_390' title='bbox 781 4260 1032 4324; x_wconf 72' lang='lat' dir='ltr'><strong>scrupleconceruing</strong></span> <span class='ocrx_word' id='word_1_391' title='bbox 1041 4261 1083 4313; x_wconf 90' lang='lat' dir='ltr'><strong>the</strong></span> <span class='ocrx_word' id='word_1_392' title='bbox 1093 4275 1168 4322; x_wconf 73' lang='lat' dir='ltr'><strong>muts,</strong></span> <span class='ocrx_word' id='word_1_393' title='bbox 1179 4268 1230 4325; x_wconf 80' lang='lat' dir='ltr'><strong>yet,</strong></span> <span class='ocrx_word' id='word_1_394' title='bbox 1237 4263 1264 4313; x_wconf 94' lang='lat' dir='ltr'><strong>in</strong></span> <span class='ocrx_word' id='word_1_395' title='bbox 1277 4263 1332 4314; x_wconf 85' lang='lat' dir='ltr'><strong>that</strong></span> 
     </span>
     <span class='ocr_line' id='line_1_41' title="bbox 55 4337 1332 4409; baseline 0.006 -16"><span class='ocrx_word' id='word_1_396' title='bbox 55 4395 58 4399; x_wconf 77' lang='grc'><em>,</em></span> <span class='ocrx_word' id='word_1_397' title='bbox 129 4362 192 4404; x_wconf 78' lang='lat' dir='ltr'><strong>cana,</strong></span> <span class='ocrx_word' id='word_1_398' title='bbox 204 4345 245 4394; x_wconf 92' lang='lat' dir='ltr'><strong>the</strong></span> <span class='ocrx_word' id='word_1_399' title='bbox 255 4342 367 4392; x_wconf 86' lang='lat' dir='ltr'><strong>Minister</strong></span> <span class='ocrx_word' id='word_1_400' title='bbox 377 4359 435 4407; x_wconf 88' lang='lat' dir='ltr'><strong>may</strong></span> <span class='ocrx_word' id='word_1_401' title='bbox 446 4342 506 4392; x_wconf 90' lang='lat' dir='ltr'><strong>omit</strong></span> <span class='ocrx_word' id='word_1_402' title='bbox 517 4343 569 4394; x_wconf 88' lang='lat' dir='ltr'><strong>that</strong></span> <span class='ocrx_word' id='word_1_403' title='bbox 579 4337 633 4409; x_wconf 85' lang='lat' dir='ltr'><strong>part</strong></span> <span class='ocrx_word' id='word_1_404' title='bbox 644 4343 673 4392; x_wconf 83' lang='lat' dir='ltr'><strong>of</strong></span> <span class='ocrx_word' id='word_1_405' title='bbox 684 4343 725 4392; x_wconf 91' lang='lat' dir='ltr'><strong>the</strong></span> <span class='ocrx_word' id='word_1_406' title='bbox 736 4345 814 4394; x_wconf 88' lang='lat' dir='ltr'><strong>above</strong></span> <span class='ocrx_word' id='word_1_407' title='bbox 825 4343 906 4394; x_wconf 84' lang='lat' dir='ltr'><strong>which</strong></span> <span class='ocrx_word' id='word_1_408' title='bbox 915 4345 1009 4396; x_wconf 83' lang='lat' dir='ltr'><strong>follows</strong></span> <span class='ocrx_word' id='word_1_409' title='bbox 1020 4345 1062 4399; x_wconf 88' lang='lat' dir='ltr'><strong>the</strong></span> <span class='ocrx_word' id='word_1_410' title='bbox 1071 4344 1243 4398; x_wconf 75' lang='lat' dir='ltr'><strong>immersion.’·</strong></span> <span class='ocrx_word' id='word_1_411' title='bbox 1278 4349 1332 4401; x_wconf 87' lang='lat' dir='ltr'><strong>Ru·</strong></span> 
     </span>
    </p>
   </div>
   <div class='ocr_carea' id='block_1_6' title="bbox 31 4422 725 4494">
    <p class='ocr_par' dir='ltr' id='par_1_12' title="bbox 31 4422 725 4494">
     <span class='ocr_line' id='line_1_42' title="bbox 31 4422 725 4494; baseline -0.012 -8"><span class='ocrx_word' id='word_1_412' title='bbox 31 4426 33 4431; x_wconf 69' lang='grc'><strong>’</strong></span> <span class='ocrx_word' id='word_1_413' title='bbox 50 4422 55 4433; x_wconf 49' lang='grc'><em>“</em></span> <span class='ocrx_word' id='word_1_414' title='bbox 128 4434 179 4484; x_wconf 87' lang='lat' dir='ltr'><strong>hrio</strong></span> <span class='ocrx_word' id='word_1_415' title='bbox 190 4431 219 4483; x_wconf 78' lang='lat' dir='ltr'><strong>oi</strong></span> <span class='ocrx_word' id='word_1_416' title='bbox 230 4429 362 4481; x_wconf 84' lang='lat' dir='ltr'><strong>American</strong></span> <span class='ocrx_word' id='word_1_417' title='bbox 373 4427 443 4478; x_wconf 83' lang='lat' dir='ltr'><strong>Book</strong></span> <span class='ocrx_word' id='word_1_418' title='bbox 454 4429 482 4477; x_wconf 83' lang='lat' dir='ltr'><strong>of</strong></span> <span class='ocrx_word' id='word_1_419' title='bbox 495 4428 617 4480; x_wconf 77' lang='lat' dir='ltr'><strong>common</strong></span> <span class='ocrx_word' id='word_1_420' title='bbox 628 4431 725 4494; x_wconf 80' lang='lat' dir='ltr'><strong>Prayer.</strong></span> 
     </span>
    </p>
   </div>
   <div class='ocr_carea' id='block_1_7' title="bbox 0 0 1412 5056">
    <p class='ocr_par' dir='ltr' id='par_1_13' title="bbox 0 0 1412 5056">
     <span class='ocr_line' id='line_1_43' title="bbox 0 0 1412 5056; baseline 0 0"><span class='ocrx_word' id='word_1_421' title='bbox 0 0 1412 5056; x_wconf 95' lang='lat' dir='ltr'><strong> </strong></span> 
     </span>
    </p>
   </div>
  </div>
 </body>
</html>
