2774 5056
89 342 128 399 aa
271 335 329 398 nn
351 335 461 406 aona
481 336 537 397 ln
557 335 806 398 BAPTISMUM
827 306 1098 401 nncnssanrs.

89 497 234 559 Ceterum
247 497 379 577 Apostoli
393 495 541 557 Christum
556 496 713 563 habuerunt
734 497 908 576 magistrum,
930 499 1051 576 ejusque
1065 494 1194 557 obsecuti
1207 500 1281 554 sont

91 594 233 664 mandato.
342 612 349 623 ·
646 610 648 615 ’

129 696 178 751 59.
205 689 336 772 ΟόῙιΥΙ.
357 690 489 769 Apostoli
502 691 748 750 circumcisionem
761 691 893 769 legisque
906 693 979 751 ritus·
990 692 1238 760 commendarunt,
1249 698 1282 748 et

90 799 246 859 servarunt,
261 791 330 864 quin
343 789 519 849 idoneorum
534 789 616 863 sequi
629 807 764 867 cogamur
778 791 952 867 exemplum.

129 886 217 965 Reep.
238 885 367 946 immane
381 895 425 944 est
437 884 599 954 discrimen,
613 885 722 944 Judaeis
737 886 843 964 quippe
856 887 928 964 legis
942 887 1046 946 rituum
1067 885 1278 946 observantiam

91 982 237 1060 Apostolis
259 981 459 1060 permiserunt,
473 980 613 1040 Ethnicos
628 982 664 1039 ab
678 981 728 1040 illo
750 1000 836 1040 onere
850 983 992 1041 immunes
1012 982 1158 1050 facientes,
1174 980 1281 1056 quibus

90 1079 125 1138 ad
149 1079 235 1138 fidem
258 1066 402 1138 donrersis
416 1096 453 1138 ne
477 1078 743 1137 circumciderentur
763 1075 898 1138 dissuasit
920 1080 1052 1149 Paulus,²
1072 1080 1123 1154 qni
1144 1079 1281 1157 plurimis

91 1176 183 1235 verbis
205 1175 277 1253 legia
300 1175 387 1233 finem
407 1173 556 1233 advenisse
580 1175 741 1251 saepissime
764 1175 889 1253 urgebat.
931 1176 957 1234 E
983 1187 1080 1235 contra
1102 1174 1281 1255 baptismum¹
1313 1244 1324 1267 ξ

89 1274 244 1347 unicnique
265 1272 459 1349 injunxerunt,
483 1280 627 1345 tamquam
652 1271 789 1332 rationem
815 1291 871 1346 qun
898 1283 1013 1351 peccata
1036 1273 1228 1342 remittuntur,
1247 1264 1324 1355 GV}

91 1371 178 1448 gratia
193 1369 316 1447 Spiritus
331 1368 428 1432 Sancti
442 1367 594 1428 confertur.
1271 1374 1277 1387 '
1298 1376 1312 1387 “·

570 1564 801 1605 caramancio.

134 1711 182 1766 60.
204 1707 319 1779 Aquam
342 1721 458 1782 prorsus
482 1705 672 1763 necessariam
696 1722 761 1762 esse
783 1706 927 1782 baptismo
949 1705 1143 1783 probavimus,
1157 1704 1230 1765 adeo
1251 1715 1287 1766 nt

94 1805 179 1866 nullis
193 1804 329 1864 interum
352 1803 501 1880 adjunctis,
517 1801 562 1859 vel
580 1801 748 1879 gravissima
769 1822 947 1878 quacumque
963 1816 1080 1882 urgente
1101 1805 1286 1874 necessitato,

94 1905 188 1977 liquor
206 1902 278 1961 alius
300 1901 426 1960 adhiberi
449 1911 543 1973 queat,
565 1917 653 1972 quum
678 1900 819 1960 adhibitus
833 1902 874 1960 nil
898 1901 997 1978 prosit.
1041 1901 1178 1979 Turpiter
1196 1900 1287 1981 igitur

96 2001 199 2059 errauit
206 1999 359 2067 Lutherus,
369 1998 467 2057 dicens
475 1996 613 2071 quidquid
622 1997 714 2056 balnei
724 1998 789 2058 loco
798 2017 862 2057 esse
872 2010 975 2076 potest,
989 1998 1134 2076 baptismo
1148 1999 1287 2061 idoneum

80 2101 185 2162 ,esse’
223 2096 339 2163 Quaeris
353 2107 447 2152 autem
461 2111 543 2166 aqua,
558 2111 609 2151 sen
630 2093 766 2163 fluminis,
781 2115 832 2171 seu
847 2096 943 2164 sontis,
957 2115 1009 2154 seu
1030 2095 1131 2154 ecalo
1145 2096 1287 2156 imbribus
1316 2116 1319 2123 ·

97 2195 221 2273 delapsa,
230 2192 333 2252 idonea
343 2203 387 2250 est
398 2192 591 2258 sacramento,
605 2192 734 2264 quamvis
746 2193 802 2251 nisi
816 2205 914 2272 urgeat
924 2194 1091 2263 necessitas,
1103 2188 1237 2270 precibus
1249 2195 1291 2255 sit

97 2290 242 2359 sacranda,
256 2299 287 2349 ut
306 2289 440 2347 sanctitas
465 2305 533 2346 usus
559 2298 661 2364 pateat,
682 2289 722 2346 uti
745 2301 854 2365 postea,
868 2289 935 2350 dum
963 2290 999 2349 de
1024 2291 1159 2370 baptismi
1185 2292 1290 2352 ritibus

97 2389 237 2470 agendum
251 2387 344 2456 fuerit,
358 2386 477 2444 dicetur.

297 2564 339 2628 (1)
358 2562 421 2612 Vide
430 2562 498 2627 epist
510 2561 540 2612 nd
551 2561 657 2621 Galatas,
668 2568 692 2610 et
702 2563 771 2627 epist.
783 2562 813 2612 ud
824 2563 948 2614 Hebraeos.

300 2648 341 2713 (2)
361 2647 391 2696 ln
401 2647 455 2697 ccli.
465 2661 570 2711 sympos.
582 2662 602 2695 o.
615 2646 673 2696 xvii
