2774 5056
91 338 132 395 88
504 335 561 395 DE
583 334 871 395 chunnos-ns.

94 494 174 562 uum,
189 494 242 552 tria
262 494 340 553 seriis
364 492 498 560 secunda,
513 505 622 566 quarta,
636 504 665 551 et
689 493 812 551 Sabbato
832 493 932 570 primae
952 492 1139 553 hebdomadis
1160 493 1295 561 Quadra·

19 600 30 677 j
92 591 220 668 gesimo,
242 590 294 649 tria
313 589 367 648 alia
387 589 488 649 iisdem
513 589 592 648 seriis
613 600 720 662 quartae
741 589 938 657 hebdomade,
959 600 989 648 et
1008 591 1140 649 ultimum
1162 590 1294 650 Sabbato

93 689 209 746 Sancto.
252 687 321 745 Tria
342 698 449 746 tautum
472 685 668 764 precedebant
689 686 842 763 baptismo,
857 687 907 760 qui
927 687 957 744 iu
971 686 1078 764 Vigilia
1098 687 1293 746 Pentecosten

91 785 360 844 administrabatur.1
400 784 472 844 Haec
487 785 549 862 jam
572 802 630 842 non
653 794 811 851 servantur,
834 802 922 857 quum
945 795 1099 862 propagata
1118 784 1178 842 fide
1201 785 1294 845 chris·

20 872 27 945 ἰ
92 882 168 940 tiana
180 881 248 951 sere,
262 899 363 939 omnes
388 881 417 939 in
442 880 560 939 infantia
594 880 781 957 baptizentur.
824 879 1021 940 Ministrorum
1046 883 1131 958 igitur
1154 881 1293 958 prudenti

91 980 204 1039 arbitrio
224 980 404 1057 permittitur,
418 991 449 1037 ut
462 977 772 1057 privatisdoeumeutis
787 988 816 1036 et
829 979 944 1055 pietatis
958 980 1105 1039 exercitiis
1119 979 1293 1041 candidatos

24 1066 37 1091 “
89 1089 198 1154 parent.

132 1177 199 1232 198.
215 1175 418 1233 Vetustissima
428 1185 473 1233 est
483 1171 659 1233 consuetudo
672 1173 784 1230 Satanae
796 1182 826 1231 et
838 1174 949 1251 angelis
960 1175 1023 1253 ejus
1034 1186 1098 1232 ante
1110 1175 1291 1252 baptismum

89 1270 279 1340 renuntiandi,
293 1281 323 1329 et
335 1271 421 1330 fidem
436 1270 597 1349 profitendi,
612 1288 675 1344 quae
689 1269 857 1347 plerumque
871 1270 976 1330 fiebant
988 1272 1193 1331 scrutiniorum
1207 1291 1291 1332 oeca-

89 1368 182 1427 sione.
222 1368 241 1426 J
244 1386 289 1426 am
303 1368 472 1427 Tertulliani
487 1377 569 1426 etate
583 1386 647 1427 mos
661 1378 720 1425 erat
733 1377 876 1444 receptus,
891 1386 928 1426 ex
942 1367 1091 1427 traditione
1105 1370 1290 1445 Apostoliea,

90 1463 132 1521 uti
145 1473 272 1531 metatur,
286 1462 445 1523 derivatus:
469 1473 602 1536 “aquam
623 1462 724 1521 adituri
746 1504 754 1520 .
778 1503 787 1520 .
810 1503 818 1520 .
840 1463 984 1536 aliquanto
1006 1464 1084 1541 prius
1100 1464 1130 1522 iu
1153 1465 1292 1527 Ecclesia

89 1560 144 1619 sub
168 1561 300 1620 antistitis
325 1579 410 1619 manu
435 1569 625 1619 contestamur
650 1579 702 1618 nos
728 1560 888 1618 renuntiare
914 1559 1037 1629 diabolo,
1059 1572 1087 1619 et
1110 1580 1241 1640 pompae,
1262 1576 1292 1624 et

90 1657 199 1734 angelis
213 1656 328 1736 ejus.’''²
366 1655 412 1714 De
426 1656 493 1715 fidei
508 1655 685 1734 professione
699 1665 810 1714 constat
822 1674 860 1714 ex
873 1655 1053 1716 documentis
1064 1659 1289 1732 antiquissimis,

90 1771 211 1828 eamque
224 1774 241 1813 a
255 1753 441 1832 sponsoribus
456 1753 572 1811 nomine
587 1752 770 1829 parvulorum
783 1753 845 1810 fieri
859 1763 977 1812 testatur
990 1754 1188 1832 Augustinus:
1213 1767 1234 1795 “
1246 1776 1291 1817 re·

90 1850 247 1927 spondetur
260 1849 346 1910 fidem
360 1850 463 1909 habere
478 1859 594 1928 propter
607 1849 676 1907 fidei
691 1849 918 1918 Sacramentum,
932 1851 1001 1924 quia
1013 1851 1119 1929 etipsa
1133 1856 1290 1933 responsio

90 1946 126 2006 ad
139 1949 356 2009 celebrationem
371 1949 493 2026 pertinet
507 1946 733 2006 Sacramenti.”³
773 1947 844 2006 Haec
859 1947 952 2007 adhuc
966 1948 1072 2027 vigent.

132 2048 200 2105 199.
223 2047 268 2106 De
290 2046 536 2105 exsufflationibus
550 2044 609 2124 agit
623 2046 655 2106 S.
670 2045 799 2123 Cyrillus
823 2046 1140 2125 Hierosolymitanus3⁴
1160 2061 1189 2111 et
1202 2053 1290 2113 exiis

90 2150 189 2201 contra
208 2142 379 2220 Pelagianos
400 2152 598 2220 argumentum
615 2142 751 2201 derivavit
771 2143 960 2220 Augustinus,
981 2144 1053 2204 adeo
1073 2159 1207 2225 receptus
1228 2162 1290 2211 erat

89 2236 160 2295 ritus
184 2238 292 2297 intuta
315 2238 490 2307 Ecclesia,a
514 2238 606 2316 prima
628 2238 793 2312 antiquitate
818 2239 983 2300 christiana.
1025 2243 1123 2310 Quum
1149 2245 1289 2325 Pelagius

89 2333 295 2394 Manicbeismi
309 2335 452 2393 incusaret
470 2334 625 2394 doctrinam
638 2333 673 2393 de
695 2334 814 2412 originis
829 2346 958 2412 peccato,
973 2347 1091 2412 questus
1113 2329 1290 2421 est'Augus·

90 2432 166 2490 tinus
189 2431 266 2506 quod
298 2432 556 2505 “antiquissimam
581 2431 722 2490 Ecclesiae
748 2431 926 2492 traditionem
952 2435 1008 2495 isto
1029 2435 1138 2496 nefario
1163 2439 1288 2500 crimine

91 2542 230 2607 aspergat,
246 2551 302 2603 qua
316 2531 525 2597 exorcizantur,
540 2538 569 2587 et
588 2529 776 2588 exsufflantur
789 2529 909 2608 parvuli,
922 2543 954 2590 nt
968 2533 998 2591 in
1012 2553 1131 2609 regnum
1147 2535 1290 2597 Christis

90 2638 228 2704 potestate
244 2628 433 2694 tenebrarum,
447 2626 502 2685 hoc
523 2637 577 2694 est,
592 2627 697 2684 diaboli
711 2637 740 2684 et
753 2626 918 2703 angelorum
933 2628 1007 2707 ejus,
1021 2630 1095 2689 eruti
1115 2632 1287 2694 transieran-

89 2721 180 2781 tur.”⁵

127 2824 196 2878 200.
219 2819 309 2895 Signo
323 2818 415 2875 crucis
431 2819 536 2896 pluries
550 2819 732 2897 signabantur
745 2820 954 2892 catechumeni,
968 2823 1062 2898 iisque
1076 2845 1179 2884 manus
1192 2827 1287 2906 impo-

89 2919 217 2985 nebatur,
240 2925 325 2994 prout
348 2926 464 2974 testatur
487 2918 675 2992 Augustinus,
699 2937 771 2990 quos
796 2919 866 2977 ritus
891 2920 967 2978 haud
990 2922 1053 2981 sine
1067 2923 1158 2983 fructu
1187 2929 1287 3006 peragi

88 3014 190 3071 merito
204 3012 286 3070 dixit.
329 3012 430 3070 “Non
444 3014 528 3070 unius
544 3012 622 3070 morli
637 3024 681 3071 est
693 3014 901 3072 sanctificatio:
923 3035 990 3075 nam
1011 3029 1040 3076 et
1060 3021 1286 3085 catechumenos

88 3110 246 3169 secundum
271 3108 424 3182 quemdam
451 3107 568 3167 modum
597 3127 681 3169 suum
707 3129 757 3188 per
785 3112 899 3187 signum
928 3112 1049 3184 Christi,
1072 3127 1101 3174 et
1124 3118 1285 3180 orationem

89 3226 191 3266 manus
207 3205 398 3284 impositionis
413 3217 482 3282 puto
496 3206 684 3265 sanctificari:
706 3217 734 3265 et
749 3207 826 3280 quod
846 3209 999 3286 accipiunt,
1014 3214 1145 3285 quamvis
1166 3235 1228 3276 non
1247 3219 1287 3278 sit

90 3323 195 3380 corpus
211 3302 331 3370 Christi,
347 3312 475 3360 sanctum
501 3311 666 3372 esttamen,
681 3314 712 3361 et
734 3303 871 3371 sanctius,
887 3324 973 3378 quam
986 3307 1042 3365 eibi
1056 3311 1160 3382 quibus
1174 3313 1289 3382 alimur,

86 3403 222 3477 quoniam
236 3411 444 3461 sacramentum
459 3399 546 3458 eat.”⁰
585 3401 684 3459 Latius
700 3402 753 3460 hac
769 3421 839 3460 voce
853 3403 954 3472 utitur,
968 3404 1003 3464 de
1018 3406 1088 3476 sale,
1102 3409 1181 3482 quod
1196 3413 1285 3473 veluti

88 3500 234 3579 sapientie
250 3499 414 3577 symbolum
429 3497 642 3557 catechumenis
656 3498 783 3566 dabatur,
798 3499 929 3574 loquens,
951 3513 1035 3578 prout
1048 3503 1083 3563 de
1105 3523 1136 3563 se
1151 3511 1286 3571 catechu-

88 3616 173 3656 meno
197 3597 266 3655 alias
287 3608 420 3655 testatur:
444 3597 606 3675 “signabar
621 3597 683 3674 jam
708 3596 791 3673 siguo
812 3597 904 3656 crucis
916 3599 989 3676 ejus,
1011 3609 1039 3658 et
1053 3602 1206 3664 condiebar
1220 3609 1285 3685 ejus

86 3690 193 3750 sale.’'⁷

127 3791 196 3845 201.
219 3788 340 3846 Pulchre
354 3788 478 3864 explicat
502 3801 598 3846 auctor
618 3789 681 3847 libri
703 3789 738 3847 de
760 3790 961 3861 Sacramentis,
977 3793 1025 3866 qui
1047 3792 1095 3853 diu
1117 3796 1282 3877 adscriptus

266 4085 281 4128 2
315 4080 368 4132 Lib.
379 4081 410 4131 de
421 4098 511 4131 corona
522 4081 605 4131 militis
616 4099 637 4132 c.
648 4083 681 4132 iv.
698 4081 761 4132 Vide
772 4083 845 4132 etiam
856 4084 897 4133 lib.
906 4085 936 4134 de
948 4089 1099 4150 spectaculis.

267 4168 296 4232 3)
315 4166 363 4230 Ep.
376 4165 435 4216 olim
446 4166 516 4217 xxiii.
526 4182 595 4217 nunc
604 4166 686 4217 xcviii.
695 4166 724 4216 ad
737 4164 818 4217 Bonis.

267 4253 297 4318 4)
317 4249 416 4303 canen
426 4250 451 4301 ii.
462 4267 488 4302 n.
499 4254 523 4303 3.

268 4338 296 4402 5)
316 4334 346 4386 1..
357 4336 382 4386 i's
393 4335 424 4385 ds
434 4337 527 4402 nuptiis
537 4346 562 4388 et
572 4353 641 4388 conc.
651 4354 672 4387 c.
684 4337 736 4388 xix.

284 4423 295 4488 )
314 4419 344 4470 L.
356 4421 380 4471 ii.
392 4421 423 4471 ds
431 4437 496 4486 pecc.
506 4423 598 4473 meritis
608 4432 633 4473 et
644 4423 736 4474 remim.
747 4441 768 4475 c
779 4426 847 4477 xxvi.
859 4425 937 4476 1142.

253 3998 264 4062 (

253 4081 264 4146 (

254 4165 265 4230 (

255 4251 266 4316 (

254 4336 266 4400 (

253 4421 282 4487 (6

252 4509 295 4576 (7)
315 4507 426 4558 Confessi
437 4508 452 4560 l.
464 4507 479 4557 i.
491 4525 512 4558 c.
522 4507 557 4559 xi.

269 3999 294 4063 1)
314 3997 379 4048 Vide
390 3997 522 4047 Trombelli
534 4005 591 4048 tom.
602 4001 619 4048 i.
630 3999 661 4049 ds
671 4001 737 4063 bapt.
748 3999 807 4052 diss.
819 4016 842 4048 v.
852 4016 877 4064 p.
889 4002 947 4050 244.
