2812 5062
351 327 408 386 on
430 326 651 387 sucmrmn
673 327 902 388 vestulum
1123 308 1127 315 ’
1208 334 1268 391 aas

41 480 44 485 ’
63 481 122 543 dos
143 484 282 560 mysteria
304 496 401 545 sancto
427 486 576 564 signaculo
603 488 696 546 crucis
716 489 820 566 signat,
846 486 945 546 diceus
948 529 1081 547 .....
1117 490 1216 558 “Fam
1239 491 1266 550 0

63 581 158 650 Deus,
173 591 205 641 ut
218 582 336 660 plenum
350 603 465 659 qnoque
479 585 585 644 sithoc
600 586 771 645 sacrificium
780 585 978 645 benedictione
987 596 1034 645 tua
1047 606 1099 664 per
1113 588 1265 649 adrentum

64 681 241 741 sanctissimi
255 683 381 760 Spiritus
393 683 467 742 tui.”

94 782 154 838 «ιθ.
181 779 215 838 ln
236 781 366 858 Liturgia
393 798 456 855 quse
477 782 506 840 in
533 783 607 841 libro
634 793 735 840 octavo
763 782 1009 842 Constitutionum
1036 784 1267 861 Apostolicamm

67 877 199 944 refertur,
214 887 280 955 post
294 880 379 937 rerba
398 878 552 938 Dominica
572 882 687 938 recitata
702 881 795 957 pergit
808 880 941 940 sacerdos
957 882 1060 958 gratias
1081 881 1145 939 Deo
1160 902 1267 959 agens:

65 983 86 1013 ¹⁸
100 975 170 1049 quie
183 994 237 1034 nos
251 974 356 1052 dignos
374 976 509 1046 habuisti,
525 978 574 1051 qui
588 986 728 1035 staremus
742 996 837 1036 coram
859 987 896 1045 te,
912 997 944 1036 ao
960 976 1118 1037 sacerdotio
1139 979 1269 1056 iungere·

66 1091 134 1133 mur
145 1072 198 1130 tibi
215 1092 223 1140 ;
243 1083 271 1131 et
285 1074 431 1149 poscimus
443 1084 480 1143 te,
495 1085 526 1132 ut
540 1092 626 1152 super
639 1075 701 1132 hoec
722 1074 797 1132 dona
817 1076 846 1133 in
871 1087 1027 1151 conspectu
1050 1087 1097 1133 tuo
1122 1077 1270 1152 proposita

64 1168 177 1247 placate
197 1170 344 1247 respicias,
360 1180 389 1229 tn
411 1171 461 1246 qui
483 1172 589 1229 nullius
609 1171 721 1249 indiges
749 1172 840 1240 Deus,
856 1182 885 1230 et
904 1172 1091 1250 beneplaceas
1114 1175 1143 1230 in
1165 1175 1207 1231 eis
1234 1174 1268 1232 ad

64 1267 209 1347 honorem
231 1266 340 1326 Christi
366 1269 418 1337 tui,
440 1279 524 1342 atque
538 1287 625 1346 supra
649 1269 705 1328 hoc
732 1269 905 1329 sacrificium
926 1271 1022 1329 mittas
1043 1281 1172 1328 sanctum
1189 1284 1269 1330 tuum
1299 1290 1303 1316 =

65 1361 237 1439 Spiritum.'’
276 1364 310 1422 ln
327 1362 505 1423 ordinatione
520 1365 651 1442 episcopi
665 1365 754 1424 oratio
769 1365 801 1423 fit
814 1377 845 1424 ut
860 1365 924 1424 Deo
938 1365 1067 1443 placeat:
1092 1375 1111 1403 ‘⁶
1121 1366 1269 1425 offerendo

65 1459 136 1518 Tibi
153 1478 256 1536 purum
275 1468 304 1518 et
317 1461 496 1521 incruentum
511 1460 729 1520 sacrificium.”²

105 1561 158 1615 ts.
179 1557 214 1616 In
225 1557 297 1617 libro
308 1558 446 1627 secundo,
460 1560 589 1637 pluribus
599 1559 761 1639 descriptis,
774 1559 876 1618 dicitur
890 1579 898 1628 ;
920 1569 939 1596 ⁸⁸
954 1560 1085 1619 Postilla
1097 1562 1268 1619 sacrificium

65 1655 124 1722 fist,
152 1664 244 1713 stante
268 1655 349 1714 omni
376 1657 494 1734 populo,
523 1667 551 1714 et
579 1657 661 1715 tacite
691 1667 842 1736 precante:
877 1675 1000 1730 cumque
1028 1659 1153 1716 oblatum
1175 1659 1269 1725 fuerit,

65 1752 265 1825 unusquisque
286 1751 357 1811 ordo
381 1757 511 1811 seorsum
534 1753 721 1813 Dominicum
744 1773 859 1831 corpus,
875 1773 907 1812 ac
922 1757 1078 1832 pretiosum
1100 1756 1268 1832 sanguinem

66 1847 211 1908 sumat.’'⁸

90 1948 155 2008 ‚44.
177 1944 306 2022 Liturgia
326 1945 359 2004 S.
381 1946 480 2004 Basilii
502 1944 619 2005 ustsolt's
640 1947 671 2005 in
692 1949 818 2006 oratione
834 1946 1059 2024 propositionis,
1076 1948 1186 2005 scilicet
1200 1947 1268 2006 dum

64 2061 186 2103 munera
199 2043 229 2102 in
244 2042 324 2102 altari
338 2055 492 2121 ponuntur,
508 2045 570 2103 baec
584 2045 688 2103 habet:
712 2055 732 2082 ‘⁶
745 2044 873 2104 Benedic
897 2046 969 2103 hanc
993 2047 1219 2122 propositionem
1241 2054 1270 2102 et

64 2159 127 2199 com
140 2141 258 2218 suscipe
271 2141 299 2200 in
314 2141 510 2218 supercoelesti
524 2154 573 2199 tuo
588 2142 666 2200 altari
689 2184 822 2200 .....
844 2151 872 2200 et
886 2161 939 2201 nos
954 2144 988 2200 ab
1000 2145 1079 2201 omui
1094 2142 1268 2200 condemna·

63 2236 145 2294 tione
158 2237 303 2295 immunes
328 2255 477 2305 conserva,
500 2237 528 2296 in
552 2239 692 2296 sacrificio
714 2238 877 2299 divinorum
898 2248 1011 2297 tuorum
1033 2238 1284 2314 mysteriorumss’,

61 2334 97 2393 In
112 2333 228 2410 septica
241 2335 371 2412 Liturgia
384 2344 446 2394 orat
460 2334 620 2393 Sacerdos:
644 2345 664 2372 “
675 2336 733 2402 Tu,
759 2335 896 2403 Domine,
910 2335 993 2394 effice
1007 2354 1061 2394 nos
1082 2335 1196 2412 dignos,
1218 2355 1269 2413 per

62 2432 198 2490 virtutem
212 2432 338 2508 Spiritus
353 2432 393 2491 tui
408 2433 518 2499 Sancti,
534 2443 564 2490 ut
578 2432 634 2490 hoc
650 2433 840 2490 ministerium
856 2432 1037 2508 perficiamus
1061 2475 1068 2490 .
1093 2475 1100 2490 .
1124 2475 1131 2491 .
1156 2476 1162 2490 .
1186 2445 1214 2491 et
1227 2434 1268 2492 oi·

61 2530 190 2589 ieramus
203 2530 254 2589 tibi
269 2530 440 2590 sacrificium
457 2533 511 2589 boc
528 2531 746 2588 benedictionis.
790 2530 836 2588 Da
856 2531 938 2588 nobis
962 2543 993 2588 ut
1015 2531 1186 2589 sacrificium
1203 2546 1268 2590 nos-¹

60 2637 138 2686 num
151 2645 248 2685 coram
270 2638 297 2686 te
311 2638 459 2704 acceptum
475 2629 522 2696 sit,
546 2647 596 2704 pro
622 2629 745 2703 peccatis
770 2628 853 2696 meis,
867 2641 897 2685 et
911 2646 962 2704 pro
984 2628 1158 2704 insipientiis
1176 2629 1267 2706 plebis

60 2722 152 2784 tuae.”
194 2723 229 2781 In
251 2723 445 2782 Alexandrina
468 2725 598 2801 Liturgia
621 2725 711 2782 oratio
735 2725 874 2800 reperitur
893 2744 930 2783 ex
958 2726 990 2782 S.
1012 2724 1115 2783 Jacobi
1137 2727 1267 2804 liturgia

59 2821 232 2898 desumpta:
256 2822 335 2880 “Ne
360 2823 482 2899 repellas
505 2842 557 2881 nos
581 2833 754 2898 peccatores,
770 2823 820 2896 qui
845 2822 993 2882 offerimus
1021 2825 1070 2881 tibi
1087 2825 1265 2884 tremendum

58 2918 120 2979 boe
134 2931 162 2977 et
179 2920 356 2978 incruentum
371 2921 579 2979 sacrificinm'*

10 3034 15 3049 ·
101 3020 153 3075 45.
175 3018 331 3091 Postquam
346 3019 520 3094 explicatum
536 3030 579 3076 est
599 3019 755 3095 corporale,
778 3029 839 3077 orat
856 3019 1009 3079 sacerdosr
1032 3021 1122 3079 “Fac
1144 3041 1190 3080 me
1212 3023 1265 3080 rir-

60 3125 123 3174 tute
137 3115 235 3173 Sancti
256 3117 296 3174 tui
311 3115 436 3195 Spiritus
451 3117 597 3182 idoneum,
620 3128 649 3174 ut
673 3117 824 3176 sacerdotii
844 3118 934 3190 gratia
948 3117 1062 3177 indutus
1077 3119 1145 3177 huic
1159 3131 1264 3178 sanctae

60 3230 172 3272 mensus
186 3211 333 3281 adsistam,
348 3224 377 3271 et
391 3224 520 3273 sanctum
538 3227 616 3272 tuum
632 3214 880 3274 stimmacnlatum
896 3234 1000 3292 corpus
1015 3228 1093 3274 tuum
1109 3226 1137 3272 et
1151 3219 1264 3294 sangui-

60 3329 131 3370 nem
145 3311 302 3386 pretiosum
317 3330 484 3370 consecrem
506 3354 514 3369 .
538 3354 545 3370 .
569 3354 577 3369 .
601 3353 608 3369 .
631 3322 660 3368 tu
673 3313 750 3369 enim
765 3331 796 3370 es
811 3313 860 3385 qui
875 3311 962 3370 offers
976 3322 1005 3370 et
1015 3313 1206 3372 offerris-cv
1217 3335 1262 3384 pop

59 3415 84 3465 εἰ
95 3412 110 3464 ὁ
121 3423 258 3480 προσφερων
269 3411 311 3464 sel
324 3425 520 3482 προσφερομενος-
539 3411 609 3469 Tibi
624 3410 733 3488 placeat
747 3410 924 3479 Domine‚ut
936 3411 1027 3471 simus
1043 3411 1162 3469 ministri
1179 3454 1186 3470 .
1204 3454 1211 3469 .
1228 3455 1236 3471 .
1253 3455 1262 3472 .

60 3509 143 3588 digni
158 3509 208 3568 tibi
219 3509 322 3568 offerre
336 3510 392 3569 hoc
402 3511 539 3569 rationale
551 3519 580 3567 et
593 3509 771 3567 incmentum
787 3509 1056 3578 sacrificium-roi
1067 3512 1206 3579 προσφερείν
1225 3513 1262 3567 eol
1310 3576 1313 3582 ¹

60 3606 220 3680 ‘’IVWW
236 3613 330 3680 eodeni
341 3607 384 3663 adt
396 3611 546 3679 ανσὶμακτον
556 3609 650 3666 θυσίαν.
692 3609 726 3667 ln
748 3608 940 3667 Alexandrina
952 3608 1079 3686 Liturgia
1097 3619 1175 3667 orat:
1199 3618 1263 3668 “ut

60 3702 143 3783 digni
155 3703 314 3763 efficiamur
327 3702 430 3763 offerre
445 3705 496 3763 tibi
510 3704 585 3762 dono
599 3704 775 3761 etsacrificia
790 3722 843 3781 pro
858 3705 983 3780 peccatis
1000 3705 1106 3777 nostris
1120 3716 1148 3763 et
1162 3704 1261 3782 populi

60 3799 104 3861 tsi
122 3800 302 3879 ignorantiis,
318 3810 347 3859 et
360 3800 396 3860 da
409 3802 492 3860 nobis
507 3812 538 3859 ut
551 3819 617 3859 cum
632 3801 711 3858 omui
726 3801 828 3859 timore
848 3810 876 3858 ct
890 3801 1064 3859 conscientia
1078 3819 1150 3878 pura
1163 3801 1263 3860 offera-
1297 3836 1299 3840 Α

61 3916 127 3959 mus
155 3898 206 3956 tibi
234 3898 381 3976 spirituale
408 3899 464 3958 hoc
492 3913 521 3958 et
546 3900 726 3957 inementum
763 3898 966 3959 sacrificium.”
1007 3899 1262 3959 Consecrationem

62 3994 236 4055 dominicam
251 3997 360 4063 recitat,
377 4004 407 4054 et
419 3997 530 4074 peragit
543 3995 687 4063 sacerdos,
711 3994 810 4055 Choro
824 4006 962 4065 canentc;
983 3997 1104 4066 timent
1126 3996 1262 4074 deinceps

61 4091 149 4152 dicits
170 4091 205 4147 sd
217 4091 248 4146 σὰ
258 4091 286 4147 ἐκ
298 4098 347 4148 τῶν
357 4095 398 4149 riv
410 4112 447 4149 sot
457 4093 640 4163 προσφέροντες.
682 4093 779 4150 “Tua
794 4111 831 4151 cx
845 4093 901 4151 tuis
917 4093 967 4150 tibi
981 4092 1168 4151 offerentes.''

100 4195 151 4251 46.
173 4191 207 4249 ln
229 4190 358 4268 Liturgia
384 4188 635 4261 Nestorianorum,
656 4192 685 4250 in
709 4189 884 4268 Anapltora,
899 4208 963 4265 quse
985 4191 1093 4250 canoni
1114 4190 1189 4268 apud
1208 4209 1261 4249 nos

60 4288 228 4369 respondet,
242 4289 385 4349 adstantes
407 4290 508 4349 invitat
527 4290 660 4349 sacerdos
675 4291 710 4348 ad
725 4306 823 4349 secum
838 4290 987 4360 orandum,
1003 4300 1035 4350 ut
1056 4301 1076 4329 ‘⁸
1089 4291 1262 4367 suscipiatur

59 4388 167 4450 oblatio
180 4386 244 4446 haec
258 4406 295 4447 ex
309 4389 441 4447 manibus
456 4389 662 4447 imbecillitatis
678 4408 758 4457 meae,
774 4406 826 4466 pro
846 4406 904 4458 me,
919 4406 972 4468 pro
986 4389 1078 4457 robis,
1094 4399 1123 4446 et
1138 4399 1263 4465 prototo

366 4565 409 4632 (1)
416 4563 459 4616 --In
468 4564 518 4615 viii.
529 4582 550 4616 c.
567 4583 590 4615 v.
601 4565 685 4615 -xvi

360 4651 401 4716 (2)
420 4649 450 4702 L.
462 4651 487 4701 ii.
499 4667 523 4702 c.
534 4651 585 4701 lvii.

182 4731 259 4792 Vou.
274 4731 411 4793 Ill-ss
