2774 5056
409 306 464 367 DE
486 305 588 367 RITU
609 302 935 366 EUCHARISTICO.
1210 310 1267 366 119

88 463 158 540 qnod
170 484 219 543 pro
233 465 317 525 vobis
331 464 469 524 tradetur:
491 465 547 524 hoc
560 464 643 523 facite
655 466 684 523 in
695 483 790 523 meam
798 464 1109 523 commemorationem.
1131 465 1268 526 Similiter

93 570 114 618 et
125 561 245 630 calicem,
261 570 413 638 postquam
426 562 558 630 coenavit,
573 561 689 619 dicens:
713 560 772 618 Hic
786 560 860 618 calix
871 579 977 619 novum
992 560 1210 620 Testamentum
1224 571 1269 620 ert

98 659 187 719 inmeo
200 660 348 736 sanguine.
380 659 446 718 Hoc
460 660 554 728 facite,
566 660 802 733 quotiescumque
815 659 928 727 bibetis,
943 659 973 717 in
986 677 1080 717 meam
1095 679 1269 719 commemo-

102 757 261 817 rationenr·.”1
292 757 377 825 Quod
392 759 478 835 igitur
490 758 591 816 Jesum
606 757 756 816 facientem
771 756 908 825 viderant,
923 758 979 835 ipsi
996 758 1071 836 jussi
1086 768 1153 815 sunt
1165 758 1268 826 iacere,

104 853 187 931 hejus
199 855 376 914 memoriam.
417 853 491 913 Illud
505 865 600 912 autem
614 864 786 931 preceptum
801 872 859 912 non
873 873 923 913 eos
944 863 1051 912 tantum
1065 866 1203 931 spectare,
1218 853 1270 913 sed

106 950 209 1010 rliossm
233 952 384 1011 ministerii
406 963 563 1020 consortes,
578 952 668 1025 liquet
688 970 723 1009 ex
743 970 778 1009 eo
799 950 886 1024 quod,
901 950 1040 1028 Apostolo
1062 962 1185 1020 auctore,
1199 952 1270 1010 ritus

106 1046 141 1107 ille
151 1049 216 1125 apud
231 1048 398 1108 Corinthios
413 1048 544 1107 inductus
558 1057 644 1116 esset,
657 1066 743 1121 quem
757 1047 972 1106 stretinendum
987 1047 1088 1113 innuit,
1101 1047 1206 1106 docens
1215 1067 1272 1121 qua

108 1144 171 1201 animi
180 1144 316 1203 munditie
327 1162 391 1202 esse
401 1154 538 1220 oporteat,
553 1144 603 1217 qui
616 1145 673 1202 cibi
687 1143 762 1201 illins
777 1144 918 1220 particeps
932 1163 997 1202 esse
1011 1143 1089 1201 velit
1111 1145 1174 1203 lmo
1185 1144 1271 1202 ritum

108 1237 164 1298 hunc
175 1241 207 1299 ad
222 1240 379 1298 secundum
399 1259 490 1313 usquc
512 1238 621 1297 Christi
643 1238 794 1297 adventum
815 1239 899 1317 plane
920 1240 989 1298 dicit
1008 1239 1181 1308 duraturum,
1196 1248 1273 1316 post·

106 1352 171 1408 quam
190 1338 276 1404 enim,
299 1336 394 1394 verbis
418 1354 504 1412 supra
527 1335 661 1403 recitatis,
685 1335 816 1393 retulerat
841 1334 951 1393 Christi
966 1347 1071 1404 actum,
1088 1336 1271 1413 jussumque,

84 1424 178 1491 'surim
198 1434 362 1511 subjunxit:
386 1442 405 1469 ‘⁴
416 1431 661 1505 Quotiescumque
685 1431 762 1490 enim
787 1431 992 1491 manducabitis
1016 1452 1117 1509 panem
1143 1433 1219 1492 hunc
1245 1442 1274 1491 et

105 1529 198 1590 calicem
211 1532 332 1590 bibetis:
354 1539 474 1589 mortem
489 1531 606 1589 Domini
620 1529 820 1589 annuntiabitis
832 1531 922 1589 donec
936 1531 1078 1589 veniat'’⁹
1118 1531 1173 1589 Har
1187 1550 1273 1590 voces

106 1625 132 1684 dc
141 1629 257 1687 secundo
272 1628 393 1687 adventu
406 1628 525 1687 Domini
539 1628 622 1704 plane
636 1627 826 1705 intelligenda
839 1638 915 1696 sunt,
925 1629 1010 1706 juxta
1024 1628 1092 1686 illud
1109 1630 1274 1706 Apocalyp-

105 1724 149 1783 sis:
168 1735 288 1785 “tamen
312 1725 353 1794 id,
377 1724 454 1798 quod
479 1726 600 1794 habetis,
620 1735 712 1783 tenete
733 1725 824 1783 donec
845 1727 957 1784 veniam
968 1726 1013 1783 :”⁸
1033 1738 1062 1784 et
1081 1726 1151 1784 illud
1172 1726 1272 1785 Pauli:

104 1831 296 1901 “expectantes
308 1823 419 1881 beatam
433 1840 525 1898 spem,
544 1832 572 1880 et
585 1821 736 1880 adventum
757 1822 854 1899 gloriae
875 1823 972 1900 magni
990 1822 1056 1890 Dei,
1071 1834 1100 1880 et
1120 1823 1275 1880 Salvatoris

103 1922 175 1980 corui
187 1921 258 1979 Jesu
273 1918 432 1978 Christi.”⁴

131 2016 275 2078 Probatur
288 2014 333 2076 II.
348 2033 385 2075 ec
398 2014 534 2074 omnium
547 2013 722 2074 soculorum
735 2035 755 2074 o
771 2014 889 2074 Uismaro
903 2033 994 2075 sensu
1006 2023 1034 2074 et
1047 2033 1116 2073 usu.

131 2119 156 2174 1.
175 2116 209 2175 In
221 2135 253 2174 re
267 2115 339 2174 adeo
353 2112 502 2172 manifesta
515 2112 692 2189 superfluum
705 2112 816 2172 videtur
830 2114 964 2190 specialia
978 2113 1077 2173 afferre
1092 2112 1275 2182 documenta,

101 2209 221 2291 hitnrgiae
236 2212 346 2271 scilicet
367 2229 478 2277 omnes,
495 2220 605 2286 patrum
620 2210 734 2286 scripta,
749 2222 778 2269 et
798 2222 924 2285 quotque
944 2224 1098 2287 supersunt
1118 2211 1279 2269 christianas

99 2312 231 2370 vetustatis
244 2320 410 2388 argumenta
417 2317 553 2366 testantur
566 2307 653 2366 fidem
667 2307 702 2365 de
717 2309 770 2369 ritu
786 2310 835 2368 illo
849 2328 963 2386 semper
971 2321 999 2367 et
1009 2309 1113 2381 ubique
1127 2309 1278 2376 celebrato,

100 2407 142 2481 qni
152 2408 234 2466 etiam
248 2404 425 2485 praecipuum
446 2404 605 2480 Religionis
620 2422 725 2463 munus
746 2404 910 2463 habebatur.
953 2404 1025 2463 Haec
1040 2403 1178 2481 deinceps
1192 2404 1279 2463 addu-

100 2503 173 2563 cendi
184 2505 307 2582 plurima
320 2502 374 2561 erit
387 2502 510 2561 occasio.

484 2711 684 2753 onmesrortns
705 2711 893 2754 SOLVUNTUR.

136 2864 165 2920 5.
187 2856 253 2938 obj.
270 2861 297 2916 l.
319 2856 389 2916 Mos
413 2863 473 2912 erat
492 2852 612 2922 Jndaeis,
626 2864 658 2911 ut
679 2855 804 2913 convivii
829 2853 977 2914 Paschalis
999 2856 1133 2933 magister
1154 2856 1283 2915 convivis

98 2979 194 3041 panem
215 2959 374 3029 vinumque.
392 2951 548 3030 porrigeret
568 2963 633 3027 post
653 2952 718 3028 agni
739 2971 820 3011 esum
832 2956 854 3011 :⁵
874 2953 954 3031 Ergo
968 2953 1041 3011 nihil
1061 2955 1203 3032 singulare
1225 2955 1285 3032 egit

100 3056 235 3124 Christus,
250 3053 301 3111 sed
322 3069 360 3110 ex
383 3067 462 3108 more
484 3047 533 3106 illo
547 3049 729 3107 occasionem
750 3051 873 3129 sumpsit
893 3050 928 3108 ad
942 3051 1057 3109 coelcste
1078 3071 1162 3110 suum
1180 3071 1284 3129 corpus

100 3168 202 3217 mentes
216 3148 384 3211 evehendi0
459 3153 461 3158 '

133 3250 221 3328 Hesp.
242 3248 275 3306 si
289 3245 359 3320 quid
372 3239 537 3320 hujusmodi
551 3240 613 3298 fieri
626 3246 815 3313 consueverit,
831 3246 948 3305 omnino
963 3243 1048 3302 distat
1061 3246 1096 3301 ab
1111 3246 1159 3302 illa
1174 3245 1286 3304 Christi

101 3351 213 3415 actione,
229 3363 286 3419 qua
298 3359 403 3419 corpus
418 3358 501 3397 suum
516 3348 544 3396 et
557 3339 726 3414 sanguinem
741 3361 772 3399 se
787 3343 854 3402 dare
868 3341 1027 3399 affirmavit.
1069 3341 1114 3398 De
1130 3341 1239 3399 coelesti
1259 3356 1289 3400 et

101 3447 213 3528 spiritali
226 3458 346 3519 corpore
361 3439 423 3517 ejus
438 3436 513 3511 quod
535 3434 635 3495 dicunt
656 3436 793 3508 Quakeri,
809 3441 896 3498 animi
911 3440 978 3516 aegri
998 3439 1118 3496 somniis
1140 3438 1288 3497 simillima

102 3558 171 3614 sunt,
185 3555 213 3603 et
225 3540 304 3601 nullo
319 3536 423 3596 idoneo
438 3536 593 3612 probantur
607 3534 780 3595 testimonio.
811 3537 935 3595 Unicum
950 3536 1012 3612 ejus
1024 3553 1128 3610 corpus
1144 3536 1288 3604 novimus,

100 3646 164 3706 illud
177 3640 253 3720 qnod
274 3656 328 3717 pro
342 3634 425 3694 nobis
439 3633 535 3691 datum
556 3638 669 3689 est—rb
681 3637 741 3703 ὑπὲρ
752 3638 819 3704 ὑμῶν
830 3633 1183 3710 boimond—sanguinem
1204 3634 1290 3693 etiarn

102 3765 147 3825 pro
160 3743 255 3818 multis
269 3739 369 3798 lusum
384 3734 414 3791 in
434 3741 614 3809 pcccatorum
634 3725 903 3786 remissionem-rb
915 3734 970 3802 περὶ
981 3737 1075 3787 nando
1087 3733 1246 3802 ἐκχυνόμενον
1257 3738 1291 3796 εἰς

102 3845 177 3914 ὄφεσιν
187 3834 336 3914 ἃμαρτιῶνι7

135 3937 162 3993 6.
187 3931 253 4013 Obj.
269 3935 301 3988 2.
326 3924 461 3985 Christus
482 3923 538 3982 illis
553 3923 662 3982 verbis:
686 3919 771 3977 “hoc
792 3917 873 3975 facite
888 3917 917 3974 in
938 3935 1031 3974 meam
1047 3917 1292 3974 commemoratio·
