2774 5056
128 316 171 375 se
310 315 366 379 nn
387 313 499 387 sous
518 315 574 377 su
595 314 848 377 menstruis
872 313 1146 387 uncnsslnn.
1211 274 1225 362 Ϊ

131 475 287 552 Apostolus
311 476 381 535 dues
401 476 489 535 veluti
508 475 626 544 classes,
646 474 698 534 sed
726 475 875 534 universos
898 475 1062 549 alloquitur,
1082 493 1191 552 sosque
1221 495 1238 534 a
1259 472 1326 553 lege

126 571 245 650 judaica
257 552 360 633 liberds
374 575 481 651 probat,
493 592 530 632 ex
552 593 587 631 eo
601 572 678 647 quod
697 573 726 631 in
740 573 819 631 lilios·
836 573 903 640 Dei,
928 573 1038 631 Christi
1059 573 1210 650 baptismo,
1225 570 1327 632 adsciti

131 672 200 729 sint.
240 671 285 729 Ad
301 671 549 730 Romanosnutem
565 671 701 737 scribens,
716 688 754 728 ex
777 670 923 747 baptismo
942 680 1077 747 suscepto
1097 669 1221 729 ostendit
1244 686 1328 748 opor-

132 778 191 826 tere
205 781 351 845 peccatum
366 783 481 844 prorsus
495 766 631 843 effugere,
646 785 734 840 quum
757 767 866 825 Christi
878 767 978 825 mortis
992 778 1021 824 et
1041 767 1197 844 sepulture
1221 767 1329 844 bsptis-

132 881 205 928 ruusss
218 865 256 922 sit
275 865 391 941 imagor
425 876 597 940 quapropter
617 863 775 938 baptizatos
803 882 869 922 cnrn
891 861 1008 921 Christo
1033 880 1180 940 resurgere
1204 873 1327 940 oportet,

135 978 241 1020 novem
252 960 456 1034 coelestemqne
470 961 556 1018 ritem
567 959 707 1019 ducendo.
749 960 859 1019 Omnes
873 960 1007 1037 baptizati
1027 969 1102 1018 recte
1116 958 1249 1019 dicuutur
1263 975 1329 1019 cou-

133 1056 241 1134 sepulti
256 1057 373 1116 Christo
387 1058 418 1115 ln
430 1057 582 1133 baptismo,
592 1058 660 1129 quis
673 1056 835 1134 baptizandi
843 1055 980 1115 solemnis
990 1055 1061 1114 ratio
1074 1054 1233 1133 sepeliendi
1243 1056 1329 1114 ritum

135 1154 348 1229 quodammodo
362 1154 524 1220 exhibebat,
538 1165 567 1211 et
580 1153 770 1212 resurrexisse
785 1154 869 1213 etiarn
892 1172 943 1230 per
962 1151 1048 1211 fidem
1064 1152 1238 1230 operationis
1252 1152 1329 1220 Deir

134 1273 188 1313 nec
203 1254 279 1312 enim
291 1271 410 1312 necesse
427 1262 523 1310 estex
536 1250 660 1328 generali
680 1252 728 1311 ille
742 1252 883 1322 locutione
897 1252 1029 1329 excipere
1044 1253 1158 1325 eosqui
1173 1269 1227 1309 sua
1246 1251 1331 1328 culpe

135 1358 367 1429 nonreeurgunt.

173 1453 221 1507 53.
247 1446 313 1526 obj.
328 1451 378 1505 21.
399 1446 556 1523 Apostolus
583 1465 683 1506 ornnes
704 1446 884 1505 ctrrisnanos
912 1445 1021 1523 Spiritu
1043 1443 1149 1504 Sancto
1169 1446 1330 1523 baptisatus

135 1538 222 1606 dicit:
246 1546 397 1605 “Etenim
424 1547 455 1605 in
483 1565 539 1605 nno
565 1546 683 1623 Spiritu
699 1564 800 1605 omncs
816 1564 875 1620 ¹nos
892 1545 928 1615 ,iu
949 1562 1039 1602 unum
1060 1563 1165 1622 corpus
1195 1545 1330 1623 baptizati

135 1664 246 1712 sumus,
261 1645 322 1703 sire
333 1643 352 1702 J
354 1644 438 1712 ndoei,
452 1644 514 1703 eive
529 1644 670 1711 Gentiles,
691 1645 752 1702 sire
767 1644 854 1712 servi,
869 1643 931 1701 sire
946 1641 1048 1710 liberis
1069 1651 1099 1700 et
1112 1660 1213 1702 omues
1227 1645 1259 1703 in
1271 1662 1331 1703 nno

134 1744 245 1823 Spiritu
260 1743 348 1821 potati
361 1740 509 1801 sumus.’'³
602 1773 603 1776 ι
782 1792 785 1811 ,

173 1842 263 1922 Resp.
287 1843 318 1902 N
319 1862 356 1902 ou
372 1843 433 1900 lucc
444 1842 518 1901 dicta
532 1853 598 1899 sunt
612 1841 689 1915 qnod
703 1840 822 1918 Spiritu,
845 1861 903 1901 non
917 1861 1001 1918 equa,
1015 1844 1151 1922 baptizati
1162 1843 1265 1911 simus,
1279 1839 1332 1901 sed

135 1940 214 2015 quod
227 1939 304 1998 idem
319 1940 444 2017 Spiritus
460 1957 513 1997 nos
535 1939 752 1997 sanctificaverit
770 1956 871 1998 omnes
885 1941 1036 2018 baptismo.
1078 1943 1146 2020 lpse
1166 1960 1223 2001 rox
1243 1939 1333 2020 bapti·

134 2036 220 2096 randi
244 2054 345 2110 aquam
372 2035 500 2104 includit,
524 2036 637 2094 nisiex
662 2035 802 2113 adjunctis
829 2036 864 2095 ad
892 2038 979 2096 alium
1000 2058 1118 2098 sensum
1138 2039 1331 2099 transferetur.

135 2133 280 2208 Equidem
295 2133 358 2192 solo
379 2133 503 2209 Spiritus
517 2133 685 2208 baptismate
706 2133 837 2190 inunum
861 2151 966 2210 corpus
982 2135 1141 2194 coalescere
1161 2154 1219 2195 non
1235 2142 1333 2212 posse·

135 2244 211 2300 mus,
226 2250 280 2290 nec
294 2231 372 2290 enim
386 2231 451 2304 quis
464 2231 546 2289 novit
565 2248 598 2288 se
618 2230 741 2289 aliumve
764 2231 873 2311 Spiritu
893 2232 1086 2309 baptizatum:
1108 2233 1160 2293 sed
1174 2234 1332 2303 ablutione,

135 2349 199 2406 quc
212 2349 258 2388 ree
272 2330 403 2389 sensibus
419 2328 727 2406 subjacet„initiamur,
739 2339 767 2386 et
781 2328 921 2388 Ecclesire
934 2331 1144 2408 conjungimur,
1156 2332 1200 2391 uti
1213 2331 1335 2409 contigit

135 2429 225 2487 tribus
238 2428 389 2486 hominum
410 2427 548 2495 millibus,
569 2426 629 2500 qui,
652 2426 738 2485 Petro
752 2427 938 2486 concionante
959 2439 987 2486 et
1000 2428 1140 2497 hortante,
1155 2410 1344 2506 baptismum*

136 2536 341 2601 susceperunt:
373 2522 462 2589 “Qui
483 2540 553 2600 ergo
574 2533 742 2599 receperunt
755 2541 916 2581 sermonem
940 2524 1013 2601 ejus,
1039 2525 1174 2602 bsptizati
1195 2534 1283 2583 sunt:
1306 2536 1335 2582 et

137 2620 275 2696 appositae
290 2618 400 2677 suntin
414 2617 461 2674 die
476 2616 524 2675 illa
534 2617 635 2675 animur
650 2617 761 2675 circiter
775 2619 826 2675 tria
837 2618 974 2677 millin.”⁹

104 2712 107 2720 '
181 2718 231 2772 et.
257 2712 324 2793 Odj.
339 2717 389 2771 22.
411 2712 513 2770 Petrus
538 2712 601 2787 ipse
627 2712 748 2771 Joanuis
769 2712 910 2790 baptisma
930 2715 1070 2776 aGhristi
1090 2718 1257 2796 baptismate
1278 2717 1337 2776 dis·

139 2812 218 2871 cerni
244 2810 337 2880 docet,
360 2826 396 2868 eo
409 2807 486 2881 quod
511 2827 613 2882 equum
628 2808 677 2867 ille
693 2808 848 2879 adhiberet,
862 2810 910 2871 hic
925 2814 1032 2889 Spiritu
1048 2815 1154 2874 Sancto
1168 2813 1335 2891 baptizaret,

140 2910 229 2988 gratia
257 2909 364 2980 absque
389 2905 448 2964 ullo
476 2905 588 2963 lavandi
610 2906 664 2964 ritu
689 2907 802 2965 tributa.
858 2908 904 2967 De
927 2909 1064 2970 Cornelio
1086 2921 1115 2969 et
1135 2913 1195 2969 suis
1222 2923 1334 2971 narrst:

139 3014 160 3043 ⁸⁴
173 3003 276 3064 cecidit
289 3004 413 3080 Spiritus
426 3003 547 3061 Sanctus
563 3022 651 3080 snper
666 3022 728 3072 eoa,
743 3006 817 3063 sicut
830 3018 859 3064 et
872 3007 902 3065 in
915 3026 969 3065 nos
983 3009 1012 3066 in
1024 3009 1116 3068 initio.
1157 3008 1336 3070 Recordatur

138 3111 308 3160 sumentem
330 3100 409 3158 verbi
423 3098 552 3164 Domini,
567 3100 643 3158 sicut
654 3100 784 3160 dicebat:
805 3101 933 3161 Joannes
949 3104 1068 3177 quidem
1081 3106 1237 3183 baptisavit
1250 3126 1335 3181 aqua,

79 3184 88 3199 ⁵
139 3217 190 3258 vos
205 3207 298 3257 autem
313 3195 528 3272 baptizabimini
545 3196 654 3272 Spiritu
669 3197 823 3256 Sancto.”⁸

178 3293 267 3373 Resp.
289 3293 393 3352 Petrus
408 3291 535 3365 quidem,
551 3294 621 3351 risis
634 3293 747 3353 indiciis
760 3296 884 3373 Spiritus
899 3297 996 3357 Sancti
1008 3298 1038 3357 in
1051 3298 1138 3358 corde
1161 3299 1293 3361 Cornelii
1306 3311 1336 3361 et

138 3413 255 3455 suorum
269 3392 374 3469 illapsi,
390 3390 499 3449 Christi
513 3392 598 3450 verba
612 3392 691 3451 iniis
705 3394 823 3472 impleta
836 3398 960 3473 agnovit,
975 3398 1085 3457 scilicet
1098 3399 1207 3477 Spiritu
1222 3400 1334 3460 Sancto

140 3494 299 3571 baptizatos
309 3508 384 3557 esse,
394 3489 463 3547 licet
475 3488 569 3547 adhuc
583 3489 699 3549 salutari
712 3493 823 3551 lavacro
838 3493 925 3552 abluti
936 3513 994 3554 non
1008 3506 1115 3554 essent.
1155 3497 1229 3556 lllnd
1239 3510 1338 3559 tamen

140 3591 230 3650 divini
250 3590 355 3649 favoris
370 3597 568 3665 argumentum
584 3587 720 3658 adhibuit,
744 3600 775 3650 ut
788 3591 897 3650 Judaeis
918 3593 1092 3652 adstantibus
1106 3594 1237 3655 suaderet
1248 3596 1337 3658 licere

139 3688 206 3748 illos
218 3705 291 3760 equa
299 3685 422 3752 abluere,
431 3695 463 3743 ut
481 3685 622 3763 baptismo
632 3684 741 3747 Christi
750 3688 1003 3767 fierentdiscipuli,
1016 3700 1045 3749 et
1055 3692 1194 3752 bonorum
1203 3695 1336 3753 omnium

105 3842 110 3850 ,
142 3805 206 3860 quer
218 3782 383 3843 hominibus
397 3783 573 3858 comparavit
585 3795 743 3844 consortes.

183 3887 232 3941 55.
258 3877 325 3958 obj.
337 3882 387 3936 23.
410 3878 493 3950 Aqua
506 3879 621 3937 nonnisi
635 3892 751 3940 externa
763 3882 863 3951 forma,
879 3896 907 3941 et
926 3882 1021 3960 imago
1034 3883 1131 3943 heberi
1145 3894 1239 3962 potest
1251 3886 1339 3946 inter·

116 4049 118 4053 Ι
142 3998 187 4038 nae
201 3997 219 4037 u
232 3975 341 4053 Spiritu
367 3974 471 4031 Sancto
492 3973 570 4031 laetae
586 3975 747 4036 ablutionis.
789 3978 869 4056 Ergo
896 3978 1002 4036 nullius
1016 3998 1067 4058 per
1081 3997 1112 4038 se
1127 3982 1266 4041 momenti
1282 3995 1338 4055 est,

143 4095 197 4136 rec
208 4076 284 4135 enirn
297 4091 332 4132 ee
345 4070 454 4150 indiget
467 4071 591 4149 Spiritus
603 4073 724 4133 Sanctus
737 4083 770 4134 ut
783 4074 859 4136 dona
872 4094 924 4134 sun
943 4076 1084 4154 largiatur.

183 4173 273 4251 Rerp.
288 4172 371 4245 Aqua
384 4187 516 4227 unacum
529 4169 708 4229 invocatIone
715 4173 799 4231 trium
811 4189 994 4250 personarum
1006 4174 1165 4238 divinarum
1179 4197 1216 4239 ex
1226 4177 1340 4241 Christi

179 4353 219 4418 (1)
237 4349 321 4400 LCor.
332 4345 375 4395 xii.
388 4347 427 4393 12.
457 4342 624 4408 objectionem
636 4346 756 4398 sumimus
772 4364 804 4398 ex
815 4348 895 4398 libello
907 4347 987 4400 dicto:
1003 4351 1051 4402 “A
1063 4351 1173 4407 'lhesh‘ss
1188 4357 1342 4425 mercerning

143 4434 253 4502 Btpll'lm
263 4431 312 4482 ²1¹⁶
322 4430 364 4481 21¹⁰
373 4425 493 4496 supper?
510 4429 542 4493 by
554 4427 646 4494 Josepls
657 4429 726 4482 Pike.
760 4431 873 4496 Loudon,
883 4432 1032 4486 trucem.

179 4522 218 4586 (ι)
237 4519 294 4568 scu
304 4517 329 4567 ii.
346 4517 389 4565 ιι.

178 4606 218 4673 (3)
237 4609 292 4658 Act
306 4604 340 4655 xi.
353 4603 392 4652 15.

90 4722 117 4766 h
