2774 5056
490 317 547 377 DE
569 315 876 378 GONFESSIONE·
1232 320 1293 377 ud

88 477 195 539 etiem:
219 476 285 535 “Si
299 475 344 534 via
365 475 526 553 justificari,
547 476 634 537 fatere
655 476 790 537 delictum
811 486 913 536 tuum:
935 474 1021 536 solvit
1040 477 1118 535 enim
1138 477 1291 538 criminum

94 593 189 635 nexus
201 572 362 633 verecunda
372 575 516 637 confessio
531 586 711 653 peccatorum
714 615 848 635 .....
870 574 961 634 Vides
976 592 1032 649 quo
1047 575 1223 636 remissionis
1234 576 1296 654 pol·

86 675 247 735 licitatione
272 684 300 731 te
326 684 464 751 provocet
488 673 777 733 sdconfitendnm.”²
817 673 1019 735 Confessionis
1040 674 1162 743 homini,
1183 675 1295 735 scilieet

90 771 244 839 sacerdoti,
260 769 396 829 faciende
411 772 470 830 vim
484 781 513 830 et
526 772 725 831 necessitatem
737 771 800 831 haec
813 772 898 850 plane
912 771 1075 830 ostendunt.

130 871 180 927 9³.
203 868 237 926 S.
252 868 423 927 Pictanus:
445 876 467 905 ‘⁴
476 867 538 927 Vos
552 886 621 946 ergo
642 869 766 946 primum
788 869 913 946 appello,
926 868 1037 936 iratres,
1052 868 1101 942 qni
1122 867 1293 930 criminrirus

89 963 226 1023 admissis
242 964 439 1041 penitentiam
458 965 616 1023 recusatis:
639 984 701 1034 vos,
714 965 842 1039 inquam,
858 974 925 1044 post
938 964 1141 1043 impudentiam
1157 963 1295 1035 tumidos,
1322 996 1326 1001 ·

89 1070 159 1137 post
173 1072 291 1138 peccota
305 1060 491 1129 verecundos,
506 1061 556 1134 qui
570 1080 688 1138 peecare
709 1080 766 1120 nou
780 1062 957 1125 erubescitis.
972 1071 1002 1120 ct
1015 1061 1183 1120 erubescitis
1204 1065 1294 1122 couti·

86 1156 161 1215 teri:
183 1158 313 1230 quicum
327 1158 401 1217 maie
421 1158 597 1218 conscientia
621 1159 677 1217 Dei
697 1169 796 1217 sancta
816 1159 991 1237 contingitis,
1016 1166 1045 1216 et
1059 1158 1147 1217 altere
1168 1158 1290 1219 Domini

90 1270 150 1313 nou
171 1253 278 1311 timetis
281 1294 416 1314 .....
438 1255 517 1337 Eece
537 1256 639 1315 iterum
653 1256 811 1333 Apostolus
825 1255 860 1315 ad
874 1256 1070 1316 sacerdotem:
1094 1257 1219 1315 ‘Manna
1235 1256 1293 1316 citd

92 1349 166 1411 uuili
181 1352 324 1428 impones,
340 1371 393 1411 nec
406 1353 662 1412 communicaveris
687 1355 810 1429 peccetis
833 1353 956 1413 alienis!
999 1353 1075 1420 Quid
1097 1353 1185 1412 facies
1199 1364 1230 1414 tu
1244 1356 1296 1428 qui

90 1443 204 1523 decipis
229 1446 429 1509 sacerdotem?
450 1450 500 1523 qui
521 1460 569 1509 aut
588 1451 766 1528 ignorantem
780 1449 865 1519 sellis,
881 1459 1001 1509 autnon
1021 1448 1189 1527 adplenum
1203 1451 1297 1512 soien-

91 1554 163 1609 oem,
178 1543 316 1620 probandi
332 1543 497 1605 difficultate
516 1546 689 1605 confundis?
712 1589 721 1607 .
743 1588 752 1606 .
775 1589 784 1606 .
807 1588 816 1606 .
837 1546 921 1625 Rogo
935 1564 997 1615 vos,
1013 1547 1122 1615 fratres,
1137 1547 1222 1606 etiam
1243 1563 1297 1626 pro

92 1640 224 1718 periculo
241 1661 316 1711 meo,
332 1662 384 1722 per
396 1644 478 1729 illurn
493 1644 651 1706 Dominum
666 1666 753 1721 quem
774 1647 886 1707 occulte
899 1666 957 1707 non
978 1646 1089 1715 fallunt,
1103 1646 1224 1706 desinite
1237 1648 1299 1707 rul-

91 1745 220 1797 ueretam
243 1747 339 1815 tegere
358 1741 613 1801 conscientiam.’¹¹
651 1742 697 1802 De
718 1743 899 1803 consessione
926 1744 1104 1803 occultorum
1130 1742 1298 1806 delictorum

91 1831 289 1893 sacerdotibus
303 1834 434 1897 socienda
445 1838 514 1916 egit,
528 1857 594 1897 nem
603 1837 685 1898 Deus
696 1859 748 1917 per
757 1838 919 1898 sacerdotes
930 1839 1133 1917 poenitentibus
1147 1841 1297 1919 ignoscere

91 1929 175 1990 dicit.

135 2030 185 2087 94.
219 2028 253 2086 S.
281 2027 418 2089 Ieiunas
440 2028 690 2100 Ouarsosuorrus,
710 2031 765 2090 sub
784 2031 872 2091 finem
902 2029 1162 2108 Quadrageeimalis
1187 2031 1298 2109 jejunii

91 2125 235 2205 populum
250 2125 463 2186 Antiochenum
475 2127 667 2188 ricellooutue
676 2139 740 2188 est:
763 2139 783 2166 ‘⁶
793 2127 1042 2196 Quemsdmodum
1051 2126 1188 2196 naucleri,
1198 2139 1300 2188 etcor-

91 2241 186 2292 sores,
201 2234 230 2283 et
243 2223 366 2292 athletae,
382 2224 431 2283 ubi
445 2224 481 2283 ad
494 2225 583 2286 tinem
602 2226 731 2294 veniunt,
746 2226 838 2304 magis
851 2225 996 2285 enituntur
1009 2237 1038 2284 et
1051 2224 1179 2302 vigilent,
1193 2222 1297 2286 eodem

91 2321 181 2382 modo
194 2330 225 2379 et
238 2338 291 2379 nos
315 2320 408 2379 faeere
428 2331 560 2400 oportet:
583 2323 651 2397 quia
664 2323 695 2381 iu
709 2340 840 2400 magnum
855 2321 929 2381 hunc
942 2320 1151 2380 hebdomadam
1166 2320 1299 2398 perreni-

92 2437 160 2481 mus
175 2418 232 2479 Dei
253 2418 352 2497 gretia,
374 2436 450 2479 nunc
477 2420 603 2479 maxime
623 2432 651 2479 et
668 2421 774 2499 jejunii
800 2437 902 2479 cursus
926 2417 1127 2485 intendendus,
1149 2430 1178 2477 et
1203 2418 1296 2497 magis

91 2516 294 2578 continuanda
316 2527 383 2576 suut
409 2536 520 2595 preces,
543 2537 755 2584 rac1aunaoua
775 2535 916 2577 nmrsaus
936 2536 977 2577 er
996 2534 1074 2577 ruas
1100 2533 1300 2601 aaoocuoaul

93 2619 439 2688 consessio.’'⁸-noranv
458 2620 500 2675 sni
512 2619 603 2692 ωριβῇ
613 2620 659 2691 τὴν
669 2618 837 2691 reomaense
849 2625 898 2674 rue
908 2616 1080 2689 ἡμμημίνων
1088 2615 1302 2679 indidem-

94 2718 172 2781 lece
192 2721 228 2780 de
242 2725 425 2784 confessione
438 2741 456 2781 s
468 2720 590 2799 singulis
610 2717 807 2778 communioni
827 2715 954 2794 paschali
976 2713 1174 2793 premittenda
1193 2712 1299 2775 intelli·

92 2816 191 2895 gende
202 2830 293 2891 sumt
314 2819 392 2896 quod
405 2819 483 2878 enim
498 2816 620 2896 pertinet
632 2814 667 2874 ad
682 2813 824 2892 publicam
839 2812 1062 2880 confessionem,
1083 2812 1145 2890 jam
1165 2812 1203 2871 ab
1214 2811 1300 2871 initio

93 2915 330 2996 Quadragesimee
344 2928 458 2997 peracte
482 2926 553 2976 erat.
593 2914 673 2974 alias
693 2913 782 2972 dicit:
803 2921 823 2949 “
836 2911 894 2980 Qui
907 2910 1019 2973 homini
1033 2910 1166 2989 detegere
1180 2919 1298 2989 peccata

94 3013 247 3081 erubescit,
263 3015 328 3073 Deo
342 3013 409 3072 veri
424 3021 559 3071 cernente
571 3010 664 3068 facere
687 3028 745 3067 uon
766 3006 918 3075 erubescit,
933 3024 1026 3081 neque
1040 3006 1170 3065 confiteri
1184 3006 1255 3073 ruit,
1271 3013 1302 3064 et

95 3109 294 3188 penitentiam
308 3111 442 3191 agera,iu
452 3109 499 3170 die
510 3110 569 3178 ilis,
578 3126 738 3168 aencorum
749 3125 808 3166 nno
818 3105 862 3165 rel
876 3104 998 3170 duobus,
1010 3103 1061 3163 sed
1072 3106 1205 3164 universo
1213 3113 1301 3163 terre·

93 3199 1304 3288 moronespecnnteinduetur.’¹⁴-eyeetaeeaewoamrtvtessmdmwdtmiieer

92 3303 205 3376 eripere·
222 3316 284 3363 erce
293 3312 319 3363 di
331 3311 434 3378 ὁρῶντος
443 3307 477 3377 μὴ
487 3301 823 3373 ὰσκῶομεπςψξῦὴμηὸὶ
833 3300 910 3363 >tm
917 3302 1064 3371 ὃμωθγῆθα
1071 3300 1114 3354 Μ’
1122 3300 1269 3368 μεΜῆΜ
1278 3302 1304 3353 1⁹

93 3394 504 3469 ἰώνητῇῆμερφὲκινώπιονὺὸς
520 3387 975 3461 mentemmentdm
985 3385 1304 3459 ὅρι’νσηςκφώεψωίζι·

94 3484 264 3543 rue-Alias
277 3497 343 3564 post
356 3484 497 3563 explicata
511 3482 594 3543 Pauli
603 3479 639 3540 ed
651 3479 791 3539 Hebrreos
802 3478 889 3536 verba
897 3475 933 3536 de
942 3477 1129 3535 renovatione
1141 3476 1240 3535 iterate
1251 3492 1304 3552 per

92 3582 271 3660 baptismum
298 3580 485 3660 impossibili,
507 3581 565 3640 ait:
589 3580 724 3637 “Annon
746 3576 910 3654 priusquam
933 3572 1126 3642 didicissetis,
1147 3571 1224 3647 quod
1251 3589 1305 3650 per
1358 3632 1359 3639 χ

95 3680 297 3758 poenitentium
326 3679 403 3739 ablui
424 3687 546 3757 possunt
559 3685 690 3755 peccate,
705 3674 791 3732 eratis
806 3672 895 3739 auxii,
910 3681 941 3731 ut
960 3672 1011 3745 qui
1031 3672 1144 3731 sciretis
1164 3683 1313 3730 noneste·

92 3776 173 3837 aliud
185 3777 338 3845 lavacrum,
349 3788 378 3835 et
392 3776 428 3836 de
441 3775 522 3835 vobis
537 3792 619 3852 spem
640 3770 830 3850 abjeceratiai
871 3769 958 3829 Tunc
977 3780 1073 3828 autem
1100 3788 1166 3829 cum
1183 3786 1221 3827 ee
1232 3767 1305 3828 didi·

93 3873 204 3943 ceritis,
217 3892 270 3951 per
294 3892 357 3947 qua
372 3883 448 3932 recte
469 3871 561 3950 agitur
572 3868 740 3949 punitentia
752 3880 781 3927 et
800 3866 945 3936 remissio,
967 3877 996 3925 et
1022 3866 1099 3940 quod
1113 3865 1211 3925 omnia
1226 3874 1306 3943 pote·

95 3972 190 4032 rimus
200 3970 337 4048 effugere,
349 3971 374 4031 si
385 3990 420 4029 ea
432 3980 556 4038 numer,
569 3978 602 4031 ut
615 3977 737 4046 oportet,
752 3982 906 4039 quemnam
927 3981 1112 4038 assequemur
1127 3963 1257 4030 venium,
1272 3961 1299 4020 si

101 4087 140 4129 ne
163 4069 194 4129 in
207 4078 334 4130 mentem
348 4066 464 4143 quidem
485 4067 570 4127 nobis
584 4064 699 4125 veniant
711 4073 809 4123 nostra
829 4062 967 4141 peccate?
1008 4060 1086 4121 Nam
1100 4062 1126 4120 si
1141 4059 1296 4125 hooesset.

101 4167 200 4227 omnia
210 4177 308 4226 essent
321 4165 459 4224 confecta.
502 4164 579 4225 Nam
592 4164 666 4223 sicut
679 4161 729 4236 qui
742 4162 848 4222 ostium
862 4168 906 4218 cst
918 4159 1076 4238 ingressus,
1088 4168 1132 4218 est
1141 4157 1238 4215 intus:
1253 4155 1297 4219 sic

500 4376 544 4445 (l)
562 4370 769 4425 muteronis.
785 4370 850 4422 cri.

500 4461 545 4530 (π)
564 4457 685 4510 Permnesi
696 4454 728 4508 ed
738 4454 822 4521 pente

505 4547 548 4615 (8)
567 4544 643 4597 Hom.
653 4558 715 4595 m.
725 4540 752 4592 in
765 4538 858 4594 Genea.

500 4634 538 4698 (4)
555 4632 623 4687 uret
634 4629 774 4683 uncum
780 4627 942 4682 mutuus
