2812 5062
492 324 549 386 DE
572 324 904 388 CONFIRMANDIS.
1245 338 1301 394 115

99 480 135 540 ln
163 484 358 543 vetustissimo
379 482 487 542 Ordine
502 483 644 554 Romano,
672 503 757 559 quem
783 485 871 544 edidit
901 486 1073 564 Hittorpius,
1103 488 1187 548 verba
1212 432 1327 571 suntsi

107 580 294 642 “confirmo
314 592 342 641 a
362 581 530 642 innomine
556 582 660 651 Patris,
674 593 703 641 a
723 583 800 651 run,
822 594 850 642 a
870 585 993 661 spiritus
1017 586 1148 645 uanam
1189 589 1302 669 Integra
1327 564 1335 666 i

103 677 207 748 forma,
234 691 365 755 totusque
390 680 471 749 ritus,
496 690 581 758 prout
604 700 680 740 nunc
700 682 741 748 fit,
763 682 901 760 reperitur
920 684 950 741 in
970 682 1069 742 codice
1091 685 1245 757 undecimi,
1260 691 1301 749 uti
1327 670 1331 723 ἱ

105 775 294 836 Mabiiionius
317 778 471 846 existimat,
487 777 610 837 ιωοιιΙί.1
649 778 794 856 Excipere
807 788 901 838 tamen
914 789 1025 856 oportet
1039 781 1159 858 alapam,
1174 786 1256 861 cujus
1270 787 1301 848 in
1330 725 1341 887 i

105 874 226 931 vetustis
241 876 433 934 monumentis
457 873 536 933 nulia
559 875 592 933 fit
617 875 743 943 menti03
772 876 835 952 ejus
864 888 958 935 tamen
987 878 1116 937 meminit
1136 880 1300 954 Durandus,
1334 892 1339 914 ‘

105 970 261 1047 episcopus
278 970 469 1039 nimetensis,
484 971 533 1045 qui
547 963 654 1031 amenio
667 970 873 1031 decimotertio
887 971 992 1032 floruit.
1034 974 1193 1036 Perrutitur
1203 979 1302 1040 leviter

107 1068 234 1137 maxilla,
249 1078 280 1127 ut
293 1070 476 1129 confirmatus
500 1069 586 1128 ritum
605 1070 743 1129 memoria
757 1079 860 1139 teneat,
875 1084 903 1129 ct
916 1069 1001 1130 simul
1023 1072 1185 1158 recordetur
1199 1095 1298 1138 acrum

56 1140 88 1209 i·
106 1183 171 1238 quae
186 1165 231 1223 sui
244 1185 330 1224 causa
350 1185 452 1244 passus
473 1175 516 1225 est
537 1164 682 1224 Christus.
718 1165 813 1226 Greci
827 1175 856 1225 et
882 1167 1044 1227 Orientaies
1063 1168 1158 1246 plures
1173 1174 1299 1251 corporis
1340 1174 1364 1298 )

109 1273 205 1340 partes
220 1266 354 1340 ungunt.2
1117 1274 1119 1278 '
1340 1328 1345 1333 .

150 1360 279 1419 Breviter
291 1360 327 1418 de
342 1360 527 1419 Sacramento
541 1360 596 1419 hoe
607 1348 729 1438 egimus,
751 1360 801 1419 scd
823 1379 886 1435 quae
910 1363 1002 1439 magis
1023 1363 1095 1421 scitu
1111 1376 1177 1424 sunt
1197 1385 1297 1428 neces·
1335 1336 1351 1515 >

109 1460 184 1518 saria
198 1478 256 1536 prae
270 1459 360 1518 oculis
381 1458 518 1517 lectorum
536 1459 695 1536 posuimus.
737 1456 868 1544 Studium
890 1469 985 1518 antem
1005 1461 1185 1523 sacerdotum
1200 1465 1255 1526 Dei
1269 1469 1300 1528 in

65 1541 67 1544 ⁵
108 1576 145 1615 eo
160 1556 324 1634 ponendum
338 1555 400 1624 erit,
412 1564 443 1613 ut
454 1553 553 1613 fideles
566 1554 671 1614 divinis
687 1557 849 1614 muneribus
858 1556 1048 1634 suscipiendis
1057 1558 1159 1617 iaciant
1169 1560 1299 1634 idoneor,
1335 1518 1356 1663 i

109 1654 238 1713 doctrina
250 1663 279 1712 et
292 1653 425 1712 virtutum
437 1652 584 1720 exercitio,
599 1671 705 1726 eosque
720 1653 821 1711 virtute
832 1671 869 1711 ex
883 1653 939 1711 alto
950 1652 1063 1712 indutos
1074 1655 1160 1714 sortes
1174 1668 1203 1715 et
1213 1660 1301 1720 invic-
1323 1668 1356 1809 l

109 1765 153 1812 tos
169 1754 198 1812 in
213 1751 280 1812 fidei
302 1751 454 1810 certamine
466 1758 608 1828 prestent,
623 1751 710 1810 duces
725 1750 840 1825 quidem
862 1754 890 1809 in
905 1751 976 1819 acie,
991 1752 1063 1811 socii
1077 1753 1143 1812 verri
1165 1757 1301 1836 triumphi
1320 1806 1322 1811 ,

110 1863 140 1911 et
150 1851 247 1930 gloriae
261 1849 357 1922 futuri.

309 2009 349 2075 (ι)
368 1973 751 2073 rammomrnnqnnpna
785 1989 1076 2055 consummamur

313 2097 355 2163 (2)
373 2095 437 2147 Vide
447 2095 513 2162 apud
523 2093 698 2146 'i'rcmbeliium
709 2094 766 2146 diss.
774 2110 797 2145 u.
813 2110 835 2145 c.
842 2093 876 2145 iii.
887 2109 928 2160 qu·
939 2092 973 2145 iii
983 2093 1013 2146 de
1023 2093 1138 2146 Oenfirm.
