2774 5056
131 1086 309 1209 THE
319 1088 655 1212 OLOGIAE
740 1090 1261 1213 DonMfflnAE

357 1744 361 1755 ,
416 1663 850 1746 TRAOTATUS
906 1664 1002 1744 IX.

493 2038 564 2102 DE
600 2038 920 2105 BAPTISMO.

593 2358 822 2399 PROLEGOMENA.

86 2525 100 2556 ‘
137 2523 162 2578 l.
187 2519 299 2578 Gratia
318 2517 387 2586 Dei,
402 2535 464 2591 qua
485 2514 594 2574 Christi
609 2516 716 2574 maritis
731 2516 812 2573 nobis
833 2521 994 2591 comparata
1013 2524 1066 2584 est,
1082 2517 1212 2577 tribuitur
1239 2536 1302 2597 per·

97 2634 190 2694 sepe,
208 2616 296 2674 nullo
310 2626 432 2672 externo
451 2612 577 2671 adhibito
589 2598 785 2680 instrumento,
799 2630 833 2669 ea
846 2611 922 2669 enim
937 2609 972 2668 ad
986 2611 1123 2672 orandum
1134 2615 1301 2686 excitamur,

95 2725 127 2770 et
151 2714 311 2771 orantibus
338 2730 413 2769 nova
434 2709 534 2768 dantur
556 2708 692 2767 subsidia.
734 2708 876 2766 Ceterum
899 2707 1127 2785 sapientissimus
1156 2710 1301 2773 Dominus

97 2821 203 2868 noster
214 2808 362 2882 quosdam
384 2808 504 2865 instituit
517 2807 596 2875 ritus,
611 2807 714 2880 quibus
729 2807 785 2864 vim
800 2804 953 2880 quamdam
967 2825 1000 2865 ac
1014 2807 1146 2869 virtutem
1159 2811 1302 2871 caelestem

97 2908 244 2986 alligavit,
260 2926 336 2980 quos
351 2925 487 2964 vocamus
505 2903 707 2971 Sacramenta,
722 2917 751 2962 et
764 2904 799 2962 de
813 2905 915 2978 quibus
925 2905 987 2982 jam
1001 2905 1141 2982 agendum
1156 2920 1209 2968 est.

139 3010 170 3062 2.
196 2998 425 3062 Conslreverunt
439 3002 583 3080 Theologi
598 3013 742 3060 tractatum
758 3001 793 3059 de
807 3001 998 3061 sacramentis
1009 3002 1039 3060 in
1052 3004 1217 3066 universum
1231 3027 1302 3086 pra·

98 3102 231 3166 mittere,
246 3111 280 3158 nt
290 3099 402 3177 singula
415 3092 598 3157 Sacramenta
611 3098 746 3175 deinceps
767 3096 920 3156 vindicent.
961 3098 1180 3161 Recentioribua
1193 3113 1299 3177 mmor,

98 3200 128 3257 in
144 3196 311 3257 Germania
325 3196 491 3273 presertim,
506 3194 541 3253 de
555 3194 675 3272 singulis
689 3195 768 3272 prius
783 3193 923 3273 agendum
943 3196 1037 3255 visum
1050 3207 1103 3266 est,
1118 3208 1149 3256 ut
1162 3217 1226 3274 qun
1240 3219 1300 3261 om.

51 3308 56 3321 ·
100 3297 188 3356 nibus
204 3303 278 3352 sunt
292 3294 453 3353 communia
467 3292 579 3352 tandem
604 3292 758 3369 explicent.
800 3290 873 3350 Hoec
886 3293 970 3352 nobis
984 3295 1168 3375 opportunior
1182 3299 1243 3356 visa
1256 3310 1301 3358 est

104 3391 281 3461 methodus,
298 3391 347 3449 vix
360 3391 437 3449 cuim
451 3389 593 3469 generalia
605 3389 653 3447 illa
667 3389 807 3466 principia
826 3399 946 3466 possunt
957 3389 1080 3458 delendi,
1095 3392 1164 3463 quin
1177 3393 1301 3470 plurima

101 3508 137 3548 ex
152 3491 191 3548 iis
218 3506 287 3562 quae
299 3485 333 3544 ad
346 3487 522 3565 singulorum
537 3497 776 3544 sacramentorum
790 3484 927 3543 vindicias
951 3485 1042 3561 magis
1056 3496 1187 3562 spectent
1206 3491 1299 3567 prosp.

102 3600 211 3654 rantur,
230 3585 278 3641 vel
290 3584 467 3661 probationes
482 3582 656 3651 differantur,
667 3570 818 3640 lectoribus
830 3581 864 3639 ad
873 3580 1043 3658 posteriores
1056 3592 1186 3643 tractatus
1200 3590 1299 3652 remis.

103 3686 153 3743 sis.
197 3682 318 3743 idcirco
337 3681 413 3740 haud
434 3682 576 3746 novitatis,
601 3679 653 3738 sed
667 3678 793 3737 utilitatis
814 3677 919 3746 studio,
933 3677 1007 3737 hanc
1030 3673 1188 3740 insistimus
1202 3687 1297 3747 viam:

105 3800 158 3842 nec
175 3797 280 3840 tamen
293 3798 430 3857 negamus
444 3778 609 3838 methodum
620 3778 799 3852 antiquorum
813 3776 842 3836 id
855 3776 955 3835 afferre
974 3779 1128 3848 commodi,
1140 3782 1216 3854 quod
1230 3804 1301 3863 prn-

109 3881 153 3938 via
167 3878 293 3938 nodone
307 3876 507 3953 proprietatum
521 3876 699 3943 sacramenti,
715 3874 824 3933 facilins
844 3874 881 3932 sit
901 3872 936 3932 de
950 3873 1070 3952 singulis
1084 3886 1209 3939 tractare.
1251 3883 1299 3943 Ne

106 3975 231 4034 lectores
249 3971 341 4030 nostri
363 3989 398 4029 eo
415 3980 537 4038 careant,
552 3970 777 4048 premittendam
791 3969 924 4028 duximus
940 3970 1055 4031 brevem
1076 3990 1173 4033 carum
1186 3980 1300 4054 exposi-

106 4073 227 4140 tionem,
243 4068 428 4147 probationes
442 4078 551 4145 postea,
566 4085 617 4144 pro
631 4067 780 4127 occasione
794 4075 867 4134 nata,
883 4066 1000 4124 allaturi.

143 4174 175 4228 3.
196 4163 381 4226 Sacramenti
395 4163 615 4240 roxa-profanis
635 4163 817 4240 scriptoribus
832 4180 884 4239 pro
903 4162 1024 4221 militum
1035 4165 1222 4242 jurejurando
1242 4190 1300 4245 qno

107 4263 296 4326 sescmilitiae
312 4260 526 4327 adscribebant3
547 4271 576 4317 et
589 4277 640 4336 pro
663 4259 783 4337 pecunia
807 4277 891 4331 quam
915 4259 990 4336 apud
1014 4272 1189 4335 sequestrem
1214 4265 1301 4345 depo·

108 4382 171 4424 uere
184 4362 324 4424 solebant
334 4357 489 4435 litigantes,
505 4356 603 4414 victori
618 4355 770 4424 reddenda,
780 4356 974 4433 usurpabatur.
1016 4357 1073 4416 Sed
1087 4359 1122 4416 ab
1132 4361 1301 4423 ecclesiasti·

112 4462 150 4519 cis
163 4459 332 4523 unctoribus
346 4472 453 4514 noram
467 4461 593 4511 mutuata
605 4453 727 4510 estvim.
768 4450 866 4510 Latius
887 4450 1002 4524 quidem
1023 4452 1175 4527 aliquando
1188 4473 1302 4538 sumpta

114 4560 293 4642 asaripmm
308 4549 514 4629 interpretibus
528 4565 672 4608 arcanum
685 4547 809 4619 denotat,
824 4549 898 4607 sicut
910 4565 945 4606 cc
959 4547 1060 4607 Tobia
1073 4549 1152 4611 loco:
1174 4559 1195 4589 ‘⁶
1204 4552 1303 4617 Sacra.

176 4680 248 4743 Vos..
259 4670 397 4741 ille-2
