2774 5056
409 311 466 373 DE
487 308 728 370 INFANTIUM
751 308 972 370 BAPTISMO.
1248 317 1288 372 77

88 467 188 538 modo,
197 467 249 527 ssd
259 469 364 528 semini
374 470 435 547 ejus
447 470 476 528 in
488 468 584 533 Deum
596 468 632 525 sit
643 447 799 526 iuturus.⁵’¹
820 466 969 536 “Quam’'
981 466 1050 525 dicit
1061 476 1169 544 postea,
1186 477 1205 505 ‘⁴
1214 468 1285 527 nihil

88 567 155 644 plus
169 567 198 625 in
213 565 439 644 paedobaptismo
453 567 602 644 presentis
617 565 750 624 efficacia
765 564 964 639 requirendum
980 574 1033 631 est,
1048 583 1135 638 quam
1149 576 1180 623 ut
1193 565 1285 624 soedus

88 678 156 722 cum
170 663 228 721 illis
243 683 260 720 a
274 662 401 722 Domino
414 681 583 741 percussum
602 660 734 719 obfirmet
753 671 782 719 et
800 660 952 720 sauciat.”⁹
992 660 1068 718 'l'ota
1086 660 1200 719 calvini
1220 661 1285 719 doc·

89 757 163 817 trina
175 776 211 816 eo
225 757 310 826 redit,
325 770 356 816 ut
369 758 467 817 electis
482 758 619 816 tribuatur
638 757 736 833 gratia,
752 767 781 815 st
794 755 859 815 ideo
874 756 1014 832 baptismo
1036 755 1203 832 obsignandi
1218 766 1286 814 sunt

88 855 140 914 tilii
153 855 280 915 fidelium
297 857 346 929 qui
365 856 448 914 electi
462 865 632 923 censentur,
656 873 745 928 quum
761 855 870 913 ceteris
886 853 956 911 nihil
971 853 1069 930 prosit.
1108 853 1239 930 Magistri
1254 856 1285 913 io

91 954 175 1010 verba
188 953 323 1030 jurarunt
338 951 577 1029 Presbyteriani.⁸

132 1052 199 1107 171.
222 1046 308 1116 Quod
331 1048 489 1125 Apostolus
514 1057 627 1105 sanctos
648 1045 722 1104 dicat
744 1046 819 1104 filios
840 1044 979 1114 fidelium,
1000 1045 1067 1104 licet
1087 1044 1155 1103 alter
1181 1064 1284 1123 parens

94 1142 213 1204 infidelis
228 1144 324 1213 suerit,
340 1143 556 1223 intelligendum
576 1153 620 1202 cst
640 1161 690 1203 ecs
711 1144 855 1220 legitimos
876 1161 952 1209 esse,
972 1152 1001 1199 et
1021 1142 1176 1201 sanctitatis
1197 1143 1286 1201 veluti

94 1241 265 1302 candidatos.
308 1243 436 1320 Rogatus
450 1243 542 1302 suerat
554 1245 724 1301 sententiam
738 1241 773 1300 de
788 1242 824 1299 iis
838 1241 888 1314 qui
904 1239 1084 1299 matrimonio
1098 1259 1163 1299 cum
1186 1240 1285 1300 infide·

94 1337 164 1397 libus
177 1334 326 1415 conjuncti
350 1347 440 1407 erant,
455 1356 563 1412 sosque
583 1338 696 1398 monuit
715 1355 751 1396 oc
772 1357 789 1394 a
809 1337 980 1414 conjugibus
1005 1335 1193 1406 discederent,
1207 1337 1232 1395 si
1255 1338 1286 1396 bi

97 1432 198 1492 sellem
210 1452 279 1492 cum
293 1435 330 1492 iis
355 1435 535 1508 tranquillam
556 1433 659 1512 degero
674 1433 780 1492 sitam:
803 1433 861 1490 “si
875 1433 939 1506 quis
961 1433 1044 1491 irater
1059 1451 1179 1492 uxorem
1199 1433 1287 1494 habat

97 1529 248 1599 infidelem,
262 1541 292 1588 et
306 1530 369 1589 haec
382 1532 525 1590 consentit
543 1531 669 1591 habitare
690 1549 755 1589 cum
778 1530 837 1598 illo,
852 1548 910 1589 non
931 1529 1053 1589 dimittat
1073 1530 1162 1590 illam.
1201 1531 1241 1591 Et
1260 1533 1287 1589 si

98 1644 147 1701 qua
161 1627 265 1686 mulier
279 1626 373 1686 fidelis
387 1628 472 1687 habet
484 1629 574 1688 virum
588 1626 746 1697 infidelem,
761 1638 789 1686 et
802 1627 849 1686 his
861 1629 1003 1686 consentit
1012 1627 1136 1686 habitare
1147 1647 1213 1687 cum
1227 1629 1287 1696 illa,

98 1744 149 1785 noo
174 1725 299 1785 dimittat
321 1728 433 1785 virum:
462 1727 653 1794 sanctificatus
678 1735 723 1785 est
744 1727 821 1785 onim
849 1726 1038 1785 virinfidelis
1063 1745 1115 1804 per
1138 1727 1289 1787 mulierem

100 1823 217 1893 fidelem,
233 1838 262 1883 et
276 1825 451 1884 sanctificata
461 1836 505 1891 est
516 1825 619 1885 mulier
632 1824 756 1885 infidelis
771 1845 824 1902 per
834 1826 926 1885 virum
941 1825 1073 1885 fidelem:
1095 1826 1221 1901 alioquin
1236 1826 1289 1885 filii

100 1923 178 1981 sesni
201 1922 346 1982 immundi
369 1934 476 1992 essent,
504 1943 581 1984 nnuc
605 1935 699 1983 autem
723 1924 816 1983 sancti
839 1922 955 1982 sunt.”⁴
993 1923 1107 1983 Eximit
1130 1924 1287 2001 Apostolus

100 2017 221 2079 fidelibus
245 2021 412 2096 scrupulum
440 2039 498 2095 quo
522 2021 696 2099 angebantur
718 2021 804 2096 aliqui
826 2020 862 2080 de
886 2020 1000 2098 juribus
1021 2021 1194 2081 matrimonii
1221 2041 1289 2102 arga

102 2117 220 2177 adnisos
233 2120 372 2197 conjuges
387 2119 545 2188 servandis,
559 2138 650 2194 eaque
662 2118 745 2179 docet
758 2132 856 2179 sancta
866 2120 927 2177 fieri
948 2131 976 2177 ct
994 2119 1133 2196 legitima,
1146 2139 1183 2179 ex
1194 2121 1290 2181 fidelis

103 2217 221 2295 conjugis
242 2218 398 2286 consortio,
414 2237 472 2292 quo
492 2219 578 2279 stiam
591 2236 669 2296 saepe
684 2219 803 2295 contigit
816 2227 848 2279 ut
861 2217 986 2276 infidelis
1001 2217 1035 2277 ad
1056 2218 1143 2278 tidem
1158 2219 1288 2280 traduce·

105 2323 178 2373 retur.
199 2315 292 2374 Filios
307 2334 407 2374 eurum
420 2315 564 2393 legitimos
579 2324 729 2374 etsaoctos
743 2315 823 2384 dicit,
836 2334 873 2373 ex
885 2315 968 2374 thoro
980 2316 1100 2392 nuptiali
1114 2327 1290 2393 procreatos,

105 2421 128 2468 et
138 2410 226 2470 tidelis
241 2411 379 2490 genitoris
393 2411 488 2471 studio
503 2411 639 2470 institutis
653 2411 759 2469 sanctis
773 2410 953 2470 imbuendos.

140 2511 201 2568 172.
222 2508 324 2567 Liceat
347 2508 438 2568 obiter
461 2507 596 2568 adnotare
621 2525 678 2566 non
704 2517 824 2574 temere,
847 2506 953 2579 absque
982 2505 1157 2574 discrimine,
1183 2526 1292 2586 pueros

107 2603 336 2672 tauricorum,
360 2622 433 2679 quos
455 2612 587 2683 parentes
609 2603 707 2661 forsan
727 2601 889 2669 obtulerint,
914 2602 1100 2679 baptizandus
1125 2621 1208 2662 esse:
1237 2605 1289 2663 sed

106 2701 230 2777 probabili
244 2720 297 2780 sps
313 2701 407 2760 habita
421 2719 471 2759 sos
486 2699 625 2760 catholice
635 2697 809 2767 educandos,
824 2699 979 2776 presertim
993 2699 1180 2776 sponsoribus
1194 2701 1293 2761 setho--

106 2794 159 2855 licis
171 2796 200 2857 id
213 2798 244 2857 in
258 2815 289 2855 se
315 2796 549 2874 suscipientibus.
590 2795 632 2855 Ita
646 2795 739 2855 ferunt
751 2796 948 2856 Romanorum
962 2796 1145 2856 tribunalium
1165 2797 1290 2868 decreta,

107 2891 197 2964 quibus
218 2903 360 2953 consonat
372 2893 487 2953 concilii
501 2891 683 2971 provincialis
705 2892 923 2951 Baltimorsnsis
947 2892 1033 2970 primi
1048 2912 1140 2953 canon
1161 2894 1294 2955 decimus

107 2991 244 3069 optimos.

142 3093 204 3151 1711.
225 3090 260 3150 ld
274 3091 361 3150 etiam
377 3088 527 3168 diligenter
548 3089 704 3150 curandum
718 3099 772 3159 est,
787 3100 819 3148 ut
839 3089 981 3149 Catholici
1005 3091 1081 3151 filios
1102 3110 1171 3151 suos
1194 3112 1292 3167 quam·

108 3186 218 3263 fimum
233 3189 353 3249 afferant
366 3188 564 3268 baptizandos,
581 3190 666 3266 juxta
679 3207 790 3248 morem
804 3189 909 3262 ubique
923 3189 958 3247 in
976 3188 1110 3249 Ecclesia
1123 3209 1179 3268 per
1194 3193 1292 3251 onmia

109 3289 200 3349 meula
212 3289 443 3349 commendatum
458 3299 487 3348 et
500 3298 654 3358 servatum,
668 3289 791 3366 plurima
803 3290 881 3347 enim
902 3287 1028 3365 pericula
1047 3289 1195 3349 infantiam
1216 3292 1292 3350 obsi·

110 3380 175 3444 dent.
224 3384 295 3447 ldeo
320 3386 514 3445 sanctionibus
536 3385 716 3464 grauissimis
739 3393 853 3444 cautrsm
875 3395 931 3452 est,
944 3385 976 3442 iu
997 3384 1141 3461 plerisque
1164 3386 1294 3464 Europus

113 3478 283 3552 discessibus,
306 3493 338 3543 ut
360 3483 390 3542 id
412 3483 486 3541 intra
510 3501 616 3560 panem
639 3481 732 3541 diosa
754 3482 900 3541 nativitate
926 3481 993 3550 liat3
1017 3499 1071 3541 nec
1092 3483 1172 3560 gravi
1196 3484 1293 3543 carsirt

111 3579 183 3657 culpa
195 3582 245 3656 qui
259 3593 366 3641 temme
381 3599 443 3640 rem
456 3579 528 3641 adso
540 3581 737 3641 necessariam
749 3578 896 3638 differunt.

137 3772 491 3840 (l)1nst.lis.c.1vi.ts.9a

139 3859 177 3927 (2)
195 3861 289 3913 Ibidem
299 3877 325 3911 m
338 3862 380 3911 24.

139 3942 177 4013 (3)
194 3944 272 3998 “The
282 3946 376 3997 introis
386 3945 468 3996 olous
479 3961 507 3996 or
516 3944 577 3996 both
586 3944 708 4009 bcliesirm
718 3952 816 4012 parents
825 3961 865 3996 ars
876 3945 946 3996 tabs-
953 3944 1087 4011 repausat
1104 3947 1183 3999 “The
1193 3949 1295 4019 efficacy

113 4026 135 4077 oi
143 4028 241 4097 bsptim
250 4032 273 4083 is
283 4039 329 4083 not
338 4030 389 4082 tisd
399 4037 425 4082 tu
435 4030 489 4082 that
499 4038 610 4082 minant
620 4031 649 4085 ol
661 4032 720 4083 time
729 4031 870 4083 wbersinit
884 4032 909 4083 is
922 4031 1106 4094 administered3
1122 4042 1165 4100 yet
1180 4038 1297 4090 notwith-

113 4115 444 4185 manumissorum
455 4118 485 4169 ol
496 4116 545 4169 tisis
557 4118 687 4170 ordonna
698 4118 824 4182 tbsgraoe
838 4116 958 4184 proffissd
974 4117 996 4167 is
1007 4125 1051 4170 not
1067 4121 1126 4186 only
1143 4119 1295 4184 effamini

113 4199 1290 4277 Ialysxltibitcdsndeonl'esrsdbytbeliolyGhosttosacbwbstbarolagaorinfeots)

115 4283 488 4351 “Mmbslongedtuom
499 4287 628 4352 acwrdiog
638 4287 717 4339 totbe
728 4289 829 4340 wunssl
840 4288 869 4338 oi
879 4287 1295 4357 God’smssidissl'mppoinr.

116 4365 222 4423 usm'
253 4371 754 4435 ConfessiunolllsitltcbaxviiimA
768 4375 791 4422 bs

145 4453 186 4521 (t)
198 4456 284 4514 LGcs.
295 4457 339 4511 sii.
358 4460 402 4509 12,

692 4608 730 4666 ⁷*
