2774 5056
402 310 466 374 ΒΕ
480 312 650 375 HAERESI
671 313 926 376 Noverunt.
1202 318 1264 379 32⁹

62 468 289 540 phariseorum,
303 480 333 530 et
344 470 410 532 ideo
420 471 466 531 bis
478 472 625 551 potestatis
636 491 697 532 sues
708 475 826 552 gratim
837 483 931 552 negat,
944 493 1008 550 quae
1018 475 1047 535 in
1060 476 1262 537 remissionem

64 576 250 645 pecmtomm
263 569 383 644 estqui
403 568 546 629 celestem
567 570 630 648 ejus
651 564 821 648 potestatem
842 570 983 630 diabolico
1002 572 1103 632 sultam
1125 573 1264 652 suffragio

65 661 253 725 vindicarent.
295 665 357 726 Eos
379 684 494 741 quoqne
519 667 621 726 asserit
644 666 786 728 diabolico
810 669 851 728 uti
884 669 1003 748 Spiritu,
1025 670 1077 744 qui
1096 680 1262 749 separarent

64 760 231 824 Ecclesiam
246 762 314 834 Dei,
328 774 361 824 ut
380 767 509 826 omnium
524 777 684 845 temporum
708 765 857 827 hereticos
871 782 900 827 et
919 768 1119 828 schismaticos
1133 788 1264 847 compre·

64 857 332 935 benderet,quibus
345 860 552 943 indulgentiam
565 872 659 941 negat.
681 903 691 921 .
713 903 722 922 .
745 903 753 921 .
775 862 816 922 Et
829 864 895 924 ideo
915 865 1089 924 revertimini
1103 863 1140 923 ad
1160 865 1264 926 Eccle-

65 955 153 1025 siam,
166 958 193 1017 si
215 958 266 1033 qui
293 977 345 1018 vos
372 960 525 1037 separastis
545 961 653 1039 impie:
689 960 822 1020 omnibus
843 962 921 1021 enim
941 963 1087 1022 conversis
1114 962 1265 1040 pollicetur

66 1054 192 1129 veniam,
205 1056 274 1129 quia
286 1056 424 1135 scriptum
437 1067 499 1116 est:
515 1056 638 1117 ‘Omnis
648 1056 820 1132 ¹quicumque
834 1059 1008 1118 invocaverit
1018 1077 1123 1119 nomen
1133 1057 1263 1128 Domini,

65 1148 165 1210 salvus
178 1152 254 1210 erit'
295 1151 429 1228 Denique
443 1153 527 1213 etiam
542 1152 708 1213 ludaeorum
733 1153 856 1232 populus
877 1154 928 1229 qni
947 1154 1058 1214 dicebat
1078 1155 1114 1214 de
1136 1155 1264 1216 Domino

63 1248 158 1309 lesu:
181 1249 372 1311 ‘demonium
386 1251 501 1311 habetc'
516 1252 566 1327 qui
586 1251 714 1312 dicebat:
739 1252 792 1312 ‘ln
812 1253 976 1312 Beelzebub
996 1254 1074 1331 ejicit
1094 1253 1262 1314 demoninc’

64 1348 119 1422 qui
132 1349 274 1408 crucifixit
286 1348 445 1410 Dominum
466 1349 579 1420 Jesum,
591 1350 670 1410 Petri
681 1350 881 1429 predicatione
894 1363 1011 1411 vocatur
1024 1351 1060 1411 ad
1076 1353 1262 1432 baptismum,

63 1455 98 1505 nt
110 1445 228 1505 sceleris
242 1447 312 1506 tanti
325 1447 426 1507 merita
435 1446 607 1525 deponat.”¹

105 1528 157 1603 ⁶4.
178 1543 229 1604 Ex
253 1554 363 1622 patrum
387 1563 451 1619 qua
465 1544 643 1604 laudavimus
666 1546 838 1607 testimoniis
862 1547 952 1621 liquet
965 1547 1186 1606 controversiam
1196 1565 1265 1608 cum

65 1640 240 1703 Novatianis
250 1642 413 1720 respexisse
423 1642 623 1702 remissionem
635 1654 826 1722 peccatorum,
837 1662 896 1703 non
904 1652 1012 1703 tantum
1025 1644 1056 1703 in
1069 1644 1132 1704 foro
1146 1655 1265 1705 externo

63 1739 222 1810 Eeelesin,
235 1739 287 1799 sed
301 1741 387 1800 etiam
411 1759 487 1811 vere,
503 1751 532 1800 et
551 1760 645 1801 coram
661 1740 746 1801 Deo:
769 1741 804 1801 de
818 1742 872 1801 hac
886 1743 963 1802 enim
983 1726 1155 1802 AmbroSiue
1175 1743 1266 1802 mani·

62 1839 141 1898 sesto
166 1839 234 1915 egit.
276 1837 421 1912 Equidem
448 1838 574 1898 severior
601 1838 650 1897 illa
669 1839 845 1916 penitentie
864 1838 1017 1916 disciplina
1037 1858 1101 1914 quae
1116 1839 1266 1918 perplura

62 1933 173 1997 secula
185 1934 285 2013 viguit,
299 1935 415 1995 inducta
428 1935 548 2005 videtur,
563 1953 599 1994 ne
621 1934 743 1994 faciliori
759 1935 850 1994 venire
868 1935 1072 1995 consecutione
1092 1937 1264 2014 penitentes

62 2031 100 2092 ad
115 2012 409 2111 peccandumffierent
427 2032 640 2110 propensiores,
655 2042 684 2091 et
697 2041 728 2091 ut
741 2032 981 2094 Montnnistarum
994 2044 1023 2091 et
1037 2033 1264 2096 Novatianorum

64 2130 182 2193 obviam
204 2131 293 2190 iretur
317 2131 555 2190 accusationibus.
597 2129 723 2190 Consilii
749 2130 918 2191 Eliberitani
942 2131 1072 2210 episcopi
1091 2141 1265 2193 censuerunt

59 2228 264 2305 ecclesiasticae
284 2229 495 2289 communionis
505 2230 582 2307 jura,
597 2228 764 2304 nequidem
779 2229 810 2289 in
825 2231 925 2288 mortis
940 2229 1106 2289 discrimine
1119 2248 1186 2288 esse
1200 2233 1264 2304 qui·

63 2325 187 2387 busdam
207 2326 375 2406 gravissime
395 2326 624 2400 delinquentibus
646 2325 852 2396 concedenda,⁸
864 2327 968 2401 quibus
988 2336 1084 2386 tamen
1103 2326 1217 2386 veniam
1231 2329 1263 2389 iu

63 2427 141 2494 foto,
161 2427 202 2484 uti
223 2425 311 2493 aiunt,
332 2425 515 2485 conscientie
536 2424 703 2503 denegatam
723 2443 782 2484 non
802 2443 956 2503 possumus
977 2426 1060 2485 nobis
1081 2425 1261 2502 persuadere.

64 2523 206 2585 Meminit
233 2520 399 2600 Cyprianus
428 2520 616 2596 quorumdam
640 2522 853 2600 episcoporum,
881 2521 931 2596 qui
959 2530 979 2558 “
990 2521 1111 2581 dandam
1140 2523 1261 2583 mechis

67 2637 171 2699 pacem
198 2635 257 2679 non
277 2628 457 2697 putaverunt,
479 2619 557 2677 etin
577 2627 666 2678 totum
689 2617 861 2694 penitentia
888 2617 984 2677 locum
1009 2627 1107 2676 contra
1127 2616 1264 2678 adulteria

63 2717 228 2777 clauserunt
237 2714 281 2772 :”⁸
302 2733 424 2790 quorum
445 2724 540 2774 tamen
560 2712 674 2772 decreta
693 2713 720 2772 ei
734 2732 792 2774 non
816 2713 930 2773 suerunt
957 2715 1098 2792 probata.⁴
1144 2715 1190 2774 Ea
1209 2715 1264 2775 fuit

63 2815 152 2875 etiam
163 2825 245 2875 vetus
260 2813 421 2892 disciplina,
436 2821 467 2870 ut
479 2830 565 2871 nemo
579 2811 752 2890 penitentie
773 2812 894 2891 publica
908 2810 1029 2871 stadium
1051 2813 1151 2872 iterato
1164 2826 1264 2891 posset

62 2931 250 2992 percurreret
270 2921 441 2990 quapropter
460 2913 511 2986 qui
532 2911 562 2971 in
576 2911 672 2988 gravia
691 2911 817 2969 facinora
837 2910 952 2987 publica
973 2910 1078 2972 luenda
1093 2911 1264 2989 poeuitentia

63 3012 271 3081 relabebantur,
286 3010 427 3069 Ecclesiae
451 3009 653 3069 communione
678 3008 793 3068 nonnisi
819 3009 873 3068 sub
897 3020 1018 3069 mortem
1039 3010 1138 3069 iterato
1162 3010 1263 3070 donari

64 3101 226 3172 valuerunt.
261 3108 447 3169 Eruditorum
458 3108 607 3167 hominum
623 3107 658 3167 de
672 3107 718 3167 his
732 3108 815 3167 rebus
829 3107 1050 3186 disceptationes
1061 3118 1190 3168 nostrum
1204 3127 1262 3170 non

64 3212 185 3271 interest
197 3209 322 3289 penitius
336 3205 509 3285 expendere.

105 3313 157 3368 55.
179 3307 330 3368 Generalis
345 3305 485 3366 Ecclesia
499 3304 652 3383 disciplina
664 3303 789 3378 qualibet
812 3311 892 3362 aetate
912 3303 1046 3362 omnibus
1059 3303 1262 3381 poenitentibus

64 3407 180 3466 veniam
201 3414 231 3464 et
250 3389 483 3463 communionem
506 3399 727 3460 ecclesiasticam
749 3408 815 3475 post
840 3399 1036 3476 poenitentiam
1059 3398 1186 3458 indulsit.
1228 3400 1261 3460 S.

65 3503 235 3582 Cyprianus
250 3502 308 3560 ait:
332 3499 521 3559 “Neminem
542 3507 674 3576 putamus
689 3517 705 3555 a
719 3497 810 3556 fructu
837 3495 1039 3555 satisfactionis
1059 3499 1090 3554 et
1110 3514 1162 3574 spe
1183 3497 1262 3574 pacis

63 3599 221 3661 arcendum
234 3618 243 3667 3
265 3618 331 3663 cum
356 3597 481 3656 sciamus
492 3597 576 3674 Juxta
590 3594 799 3671 scripturarum
824 3591 983 3651 divinarum
998 3592 1095 3659 fidem,
1107 3604 1220 3652 auctore
1234 3605 1264 3653 et

64 3700 208 3759 hortatore
220 3696 285 3774 ipso
297 3695 372 3764 Deo,
384 3704 413 3753 et
423 3693 457 3751 ad
469 3691 606 3770 agendam
617 3689 811 3769 poenitentiam
822 3701 984 3766 peccatores
995 3687 1096 3767 redigi,
1111 3700 1139 3748 et
1150 3691 1262 3749 veniam

63 3805 151 3870 atque
162 3792 369 3870 indulgentiam
384 3789 588 3868 poenitentibus
603 3784 854 3863 nou.denegari.’'⁵
893 3785 925 3843 S.
939 3785 1096 3863 Gregorius
1107 3785 1262 3864 Nyreenus

61 3892 160 3955 statuit
172 3911 182 3951 t
202 3900 222 3928 ‘⁶
231 3889 341 3948 inhora
354 3889 399 3946 sui
408 3904 545 3947 excessus
560 3903 576 3943 e
590 3885 648 3943 vita
661 3892 789 3961 apostata
797 3883 939 3960 poenitens
953 3883 1122 3942 sacramenti
1134 3902 1263 3943 commu·

61 3991 160 4053 niuniu
188 3988 245 4047 erit
271 3985 424 4063 particeps.
466 3984 519 4043 Sin
546 3993 641 4041 autem
665 3980 825 4060 contigerit,
847 3990 877 4039 ut
897 3980 922 4038 is
944 3989 1044 4057 preter
1063 3998 1146 4057 spem
1175 3980 1260 4047 vivat,

365 4219 405 4284 (1)
424 4215 488 4268 L.ii.
499 4215 530 4268 de
539 4215 609 4267 Poen.
620 4232 641 4267 c.
652 4215 686 4267 iv.

370 4303 412 4370 (2)
432 4301 496 4353 Oen.
508 4301 525 4352 i.

368 4389 410 4455 (a)
430 4388 478 4454 up.
489 4387 522 4438 ru
534 4386 566 4437 su
576 4385 711 4437 monim.
792 4375 801 4396 '

367 4472 409 4539 (4)
429 4471 477 4538 Ep.
487 4471 528 4522 liv.
539 4469 571 4521 sd
582 4468 660 4520 Corn.

368 4560 407 4625 (b)
425 4559 474 4626 Ep.
482 4558 517 4611 lit.
524 4557 555 4610 ed
564 4559 657 4610 Antan.

640 4647 699 4704 28*
