2774 5056
228 304 287 365 DE
308 302 563 365 POTESTATE
584 302 857 364 REMITTENDI
878 302 1086 366 Pacorus.
1196 309 1253 364 au

52 461 131 522 mula
158 462 239 522 haud
268 461 449 540 suffragante.
491 460 678 530 Ouderdonk,
707 463 862 540 episcopus
883 481 921 523 ex
946 461 1046 522 eadem
1073 474 1152 522 secta
1177 463 1256 523 Neo·

54 559 259 629 Eboracenus,
279 561 308 620 in
331 561 469 619 concione
488 559 637 618 Baltimori
665 559 828 637 nuperrime
849 560 954 628 habita,
969 568 998 618 et
1010 560 1041 618 iu
1055 559 1151 619 lucem
1168 560 1255 629 edita,

55 667 228 733 potestatem
245 656 405 716 dimittendi
426 669 543 734 peccata
563 658 656 715 verbis
676 657 864 734 amplissimis
886 657 1049 726 vindicavit,
1071 658 1142 731 quin
1168 658 1260 735 expli·

56 753 148 811 cuerit
161 772 220 828 quo
234 763 318 830 pacto
328 752 403 831 apud
414 772 482 811 suos
494 761 668 811 exerceatur.
711 753 829 812 Sectarii
843 754 971 831 plerique
982 772 1097 812 omnem
1110 757 1258 813 notionem

56 849 145 928 hujus
159 852 308 928 potestatis
322 850 473 908 exsibilans
488 849 590 909 solent.
632 849 657 908 li
672 861 765 909 umen
780 851 829 924 qui
845 850 999 909 AnnaLee
1012 861 1098 908 matre
1111 863 1140 908 et
1155 851 1259 927 magis·

57 958 101 1008 tra
114 948 281 1022 gloriantur,
299 947 427 1008 Stetere
443 948 527 1027 vulgo
547 948 625 1027 dicti,
640 958 810 1026 potestatem
830 959 947 1026 peccata
970 948 1130 1008 dimittendi
1151 949 1258 1007 sanctis

59 1043 154 1104 datam
169 1043 292 1103 dicunt²

100 1145 134 1202 6.
154 1141 232 1201 lnter
253 1154 364 1202 veteres
386 1143 536 1202 haereticos
557 1143 670 1202 luerunt
683 1143 733 1218 qui
748 1151 918 1220 potestatem
933 1142 1074 1201 Ecclesiae
1089 1143 1119 1202 in
1134 1144 1260 1221 peccatis

59 1237 236 1299 dimittendis
252 1241 296 1299 vel
310 1254 457 1319 negarunt,
473 1241 518 1299 vel
532 1241 697 1300 arctioribus
713 1241 890 1300 incluserunt
911 1239 1061 1298 limitibus.
1103 1241 1261 1300 Montanus

10 1386 13 1409 ,
58 1339 192 1418 graviora
204 1349 330 1417 peccata,
353 1341 509 1419 praesertim
531 1341 693 1408 moechiam,
715 1337 870 1399 condonari
890 1358 947 1398 non
968 1358 1055 1418 posse
1076 1340 1117 1408 ab,
1126 1340 1261 1399 Ecclesia

58 1434 175 1504 docuit3
196 1454 252 1510 qua
266 1434 301 1496 de
315 1456 402 1496 causa
416 1436 575 1514 Zephyriui
592 1437 734 1516 pontificis
749 1434 904 1503 decretum,
925 1435 1036 1495 veniam
1051 1437 1259 1514 paenitentibus

57 1530 234 1608 pollicentis,
264 1533 354 1610 carpit
377 1530 580 1591 Tertullianus.
635 1532 747 1590 Saeculo
782 1531 863 1590 tertio
894 1531 1084 1601 Novatianus,
1111 1532 1263 1609 presbyter

58 1628 222 1698 Romanus,
237 1648 294 1689 uua
314 1650 379 1689 curu
401 1631 516 1689 Novato
538 1629 769 1709 Carthaginiensi
791 1630 969 1707 presbytero,
994 1629 1148 1689 schismate
1172 1631 1259 1700 facto,

57 1725 198 1786 iuvidiam
212 1727 340 1806 legitimo
355 1728 488 1788 Pontifici
505 1727 642 1787 Cornelio
663 1728 786 1788 conflare
807 1729 926 1798 studuit,
942 1747 978 1788 eo
999 1728 1076 1804 quod
1091 1728 1264 1789 idololatriae

59 1841 124 1883 rsos
140 1825 280 1902 reciperet
294 1827 474 1905 prenitentes.
517 1826 650 1887 Moechos
675 1826 812 1902 deinceps
833 1825 980 1884 contendit
999 1828 1081 1886 venia
1102 1847 1260 1902 numquam

60 1919 210 1981 donandos
221 1925 244 1980 :¹
270 1923 329 1984 imo
354 1925 446 2002 ipsam
467 1934 634 2003 potestatem
664 1935 778 2002 peccata
806 1924 939 1999 quaelibet
967 1924 1127 1983 dimittendi
1148 1926 1263 1986 videtur

60 2017 215 2093 aliquando
229 2019 423 2098 impugnasse,
437 2042 504 2081 narn
518 2021 657 2096 quosdam
680 2022 741 2099 ejus
761 2031 926 2090 sectatores,
943 2023 994 2097 qui
1007 2020 1146 2082 leviorum
1164 2023 1263 2101 culpa·

60 2134 124 2175 rum
139 2115 346 2194 indulgentiam
357 2119 420 2199 ¹dari
434 2139 520 2197 posse
535 2118 737 2189 concedebant,
748 2121 782 2178 ab
797 2119 918 2178 auctoris
932 2121 978 2178 sui
996 2121 1108 2198 placitis
1123 2119 1261 2179 recedere

61 2208 135 2271 dixit
149 2213 344 2287 Ambrosius!

99 2315 130 2370 7.
155 2308 319 2370 Concilium
334 2313 546 2387 Tridentinum,
569 2323 601 2372 ut
613 2325 780 2373 novatorum
795 2333 904 2373 errores
919 2315 1062 2384 evelleret,
1084 2314 1180 2392 plures
1205 2314 1260 2374 hac

61 2403 96 2463 de
117 2423 149 2464 re
171 2403 260 2465 edidit
283 2428 427 2467 canones:
451 2411 600 2485 “Siquis
622 2410 735 2479 dixerit,
758 2412 842 2469 verba
861 2411 910 2468 illa
935 2409 1053 2469 Domini
1077 2411 1261 2469 Salvatoris:

63 2502 214 2580 ‘Accipite
229 2503 367 2581 Spiritum
382 2506 537 2566 Sanctum:
554 2525 675 2580 quorum
690 2507 855 2566 remiseritis
869 2520 993 2585 peccata,
1011 2508 1192 2566 remittuntur
1207 2509 1261 2576 eis,

62 2609 228 2674 etquorum
250 2602 432 2672 retinueritis,
454 2615 561 2664 retenta
581 2604 668 2674 sunt,'
691 2625 748 2664 non
770 2624 834 2664 csse
856 2605 1038 2681 intelligenda
1062 2605 1097 2664 de
1122 2615 1264 2682 potestate

61 2696 225 2756 remittendi
239 2710 266 2757 et
280 2700 419 2760 retinendi
435 2714 550 2779 peccata
564 2704 594 2762 iu
616 2703 799 2762 Sacramenta
822 2704 1007 2781 poenitentiae,
1029 2703 1103 2761 sicut
1128 2704 1265 2763 Ecclesia

64 2794 216 2856 Catholica
229 2798 263 2856 ab
278 2799 359 2858 initio
373 2819 487 2876 semper
495 2801 635 2861 intellexit
648 2822 655 2871 ;
671 2801 820 2861 detorserit
831 2816 925 2861 antem
940 2813 1037 2861 contra
1051 2802 1263 2863 institutionem

63 2893 150 2973 hujus
166 2896 341 2956 Sacramenti
356 2899 391 2957 ad
403 2901 595 2958 auctoritatem
609 2899 782 2977 praedicandi
793 2900 1003 2978 Evangelium;
1019 2901 1170 2960 anathema
1181 2901 1267 2960 sit.'·'⁴

65 2993 127 3051 “si
149 2993 215 3067 quis
237 2993 349 3064 dixerit,
365 2999 571 3057 absolutionem
593 2999 826 3058 sacramentalem
849 3000 1002 3058 sacerdotis
1018 3020 1074 3059 nou
1091 3020 1156 3058 esse
1171 3016 1266 3060 actum

61 3090 238 3169 judicialem,
248 3095 299 3153 sed
311 3096 418 3156 nudum
430 3098 617 3157 ministerium
630 3098 837 3175 pronunciandi
852 3110 880 3156 et
891 3098 1052 3158 declarandi
1067 3100 1187 3158 remissa
1199 3119 1264 3159 esse

65 3202 181 3267 peccata
195 3192 351 3258 confitenti,
368 3193 453 3252 modo
469 3204 575 3252 tantum
590 3194 685 3253 credat
698 3214 730 3252 se
751 3213 815 3253 esse
831 3195 992 3253 absolutum
1015 3236 1022 3253 .
1047 3236 1055 3253 .
1079 3238 1086 3254 .
1109 3197 1263 3254 anathema

65 3287 149 3346 sit.''⁵
178 3289 242 3348 “Si
259 3291 322 3363 quis
338 3290 450 3358 dixerit,
465 3290 626 3349 sacerdotes
642 3292 691 3365 qui
706 3292 735 3349 in
747 3301 865 3368 peccato
875 3291 987 3349 mortali
1001 3303 1078 3360 suut,
1096 3300 1264 3367 potestatem

64 3384 172 3463 ligandi
194 3397 223 3444 et
243 3387 373 3446 solvendi
398 3408 456 3447 non
477 3389 591 3457 habere,
606 3398 654 3446 aut
674 3407 731 3446 non
752 3389 830 3447 solos
852 3376 1014 3446 sacerdotes
1036 3406 1101 3446 esse
1117 3388 1266 3446 ministros

66 3485 263 3554 absolutionis,
278 3486 329 3545 sed
344 3488 477 3547 omnibus
491 3497 520 3546 et
533 3487 654 3565 singulis
670 3485 913 3546 christifidelibus
930 3504 993 3544 esse
1008 3485 1137 3544 dictum:
1159 3495 1168 3522 ‘
1183 3485 1268 3553 Quae·

67 3602 190 3658 cumque
215 3582 370 3661 ligaveritis
396 3605 483 3663 super
507 3599 620 3654 terram,
636 3585 824 3663 erunt·ligata
843 3594 872 3643 et
885 3583 916 3643 in
929 3584 1012 3653 coelo,
1028 3594 1057 3642 et
1077 3601 1268 3658 quacumque

67 3679 210 3739 solveritis
225 3699 312 3758 super
338 3691 451 3750 terram,
476 3691 558 3740 erunt
580 3682 673 3741 soluta
698 3690 726 3739 et
750 3682 781 3740 in
805 3679 890 3750 coelo,
912 3688 942 3739 et
965 3698 1086 3754 qnorum
1102 3680 1269 3739 remiseritis

66 3785 193 3854 peccata,
213 3777 393 3837 remittuntur
414 3778 467 3847 eis,
491 3787 519 3837 et
540 3797 661 3852 quorum
689 3778 871 3848 retinueritis,
893 3788 1000 3837 retenta
1026 3775 1121 3846 sunt3’
1147 3796 1269 3851 quorum

101 3942 145 4009 (1)
164 3939 225 3990 “As
236 3939 335 3991 theson
347 3942 376 3991 os
389 3957 447 3992 man
458 3940 506 3991 hod
518 3955 600 4006 power
611 3956 644 3990 on
664 3938 734 3990 earth
750 3947 776 3991 to
795 3940 887 4003 forgive
904 3939 973 4000 sins;
990 3955 1017 3989 so
1028 3938 1060 3989 he
1071 3954 1132 4002 gave
1143 3937 1186 3988 tho
1203 3954 1271 3990 sams

65 4044 149 4096 power
157 4035 220 4078 unto
231 4027 271 4077 his
282 4029 403 4078 sollowors
420 4063 426 4076 .
445 4062 452 4077 .
470 4063 476 4077 .
493 4027 535 4078 tha
546 4043 613 4077 sama
624 4042 707 4092 povvsr
718 4028 768 4078 and
780 4035 937 4090 greater‚vvas
946 4034 971 4076 to
980 4028 1010 4077 ba
1021 4027 1127 4078 restored
1135 4026 1184 4077 and
1196 4027 1270 4089 given

64 4114 181 4167 uutothe
191 4114 308 4164 saiutaiu
328 4114 369 4165 the
390 4115 459 4164 latter
478 4112 551 4179 day?
584 4112 798 4179 The'l'estimouy
814 4114 844 4163 of
857 4110 962 4163 Christ’s
974 4113 1064 4164 second
1081 4112 1220 4178 eppearing,
1236 4111 1270 4179 ad

65 4203 124 4255 edit.
135 4202 244 4267 Albany,
259 4190 331 4254 1810.
342 4219 369 4268 p.
377 4202 427 4259 viii.
439 4201 519 4252 ch.iv.
527 4218 553 4251 n.
566 4204 606 4252 29.
619 4205 661 4252 30.

99 4292 140 4358 (2)
161 4290 227 4341 Vide
243 4288 379 4340 Eusebium
398 4291 413 4339 l.
424 4289 466 4338 vii.
476 4289 533 4338 hist.
545 4288 614 4355 Eccl.
625 4305 646 4338 c.
655 4287 697 4339 vii.
730 4287 847 4338 Socraten
863 4287 880 4338 1.
897 4286 930 4338 iv.
947 4285 1004 4337 hist.
1020 4284 1092 4337 Eccl.
1104 4301 1125 4337 c.
1137 4283 1207 4334 xxiii.
1219 4291 1243 4333 et
1255 4283 1271 4332 l.

63 4377 104 4430 vii.
120 4393 143 4427 c.
154 4391 216 4426 xxv.
250 4375 419 4441 Epiphaniam
431 4374 487 4424 herr.
504 4375 549 4426 lix.

99 4464 145 4531 (3)
167 4460 441 4528 1..1.aepoenit.0.it

97 4551 146 4621 (4)
167 4551 234 4602 Saos.
246 4549 296 4602 xiv.
308 4547 372 4600 Gan.
382 4547 417 4598 iil.
428 4547 458 4598 de
470 4545 626 4598 Paenitentia.

96 4644 144 4713 (s)
166 4639 232 4692 can.
242 4639 277 4691 rx.
