2774 5056
21 395 26 404 1
93 319 134 377 ss
272 312 331 375 nu
349 314 464 386 sous
481 317 538 381 su
558 318 806 379 urimenus
828 318 1100 381 successum

6 4002 20 4086 l

6 4473 57 4499 &a

93 488 161 535 est:
183 485 204 513 ‘⁶
216 476 365 556 Baptismo
378 488 472 538 sutem
485 477 577 537 babeo
589 479 738 556 baptizari,
752 479 940 554 ecquomodo
953 493 1081 538 coarctor
1093 495 1185 551 usquc
1210 473 1282 534 dum

92 572 310 648 perficiaturl”¹

132 667 222 748 Resp.
257 670 426 729 Translatus
436 669 486 728 ille
498 689 601 729 sensns
614 672 684 728 satis
706 671 848 749 colligitur
859 689 898 730 ex
911 673 1071 750 adjunctis:
1093 689 1182 745 quum
1202 670 1282 728 cuim

93 764 228 826 Christus
242 788 316 843 aqna
325 769 386 846 jani
399 787 417 826 s
428 766 540 827 Joauue
554 768 666 826 ablutus
679 769 789 837 inissa,
803 768 939 847 deinceps
952 789 1011 828 uon
1024 770 1147 846 emplius
1167 768 1284 826 abluen-

92 861 159 933 dus,
172 864 251 938 loqui
265 866 473 943 intelligebatur
484 864 521 922 do
534 844 668 923 emmuii
679 885 743 938 que
756 886 822 924 enm
837 868 997 934 manebunt,
1010 885 1076 940 quse
1086 867 1181 944 pelsgi
1194 867 1283 924 instar

92 978 160 1019 cum
172 962 259 1020 veluti
272 963 413 1020 obruturse
427 971 516 1020 ersnt.
556 961 591 1021 ln
605 962 736 1021 mandsto
747 975 841 1022 autem
855 964 1002 1040 Apostolis
1015 964 1081 1023 dato
1093 964 1162 1022 dum
1177 964 1208 1021 in
1220 963 1285 1020 uuis

89 1076 205 1116 sorsum
219 1058 357 1118 muudum
371 1059 556 1127 mitterentur,
568 1060 633 1136 ipso
646 1059 677 1117 in
696 1038 785 1118 ciclos
795 1062 855 1138 jam
876 1081 1040 1129 ascensuro,
1054 1060 1151 1119 nullus
1164 1069 1211 1118 est
1224 1077 1284 1118 me·

91 1155 216 1233 tspborae
228 1156 320 1223 locus,
334 1154 386 1213 sed
400 1157 486 1214 verba
495 1174 584 1214 seusu
597 1157 700 1215 usitato
712 1170 741 1216 et
758 1172 827 1216 noto
839 1157 978 1217 sumenda
991 1159 1110 1216 omnino
1123 1170 1202 1214 suut.

129 1257 180 1312 35.
219 1251 286 1330 obj
301 1257 331 1311 3.
366 1252 500 1311 Christus
523 1271 609 1311 suum
636 1253 808 1330 baptismum
834 1254 995 1332 designsrit
1019 1255 1144 1332 Spiritus
1172 1254 1283 1318 Saneb',

91 1368 215 1424 eumque
229 1349 462 1428 distinguendum
474 1349 571 1409 docuit
584 1369 602 1408 s
621 1351 764 1429 baptismo
776 1371 852 1425 aqua
863 1372 949 1425 quem
962 1353 1090 1412 Josunes
1104 1350 1285 1409 administra·

89 1449 148 1507 rit:
171 1457 192 1484 “
204 1446 333 1507 Joannes
347 1447 464 1522 quidem
476 1448 632 1525 baptizarit
654 1467 738 1521 aqua,
752 1468 804 1508 vos
827 1465 922 1509 sutem
934 1450 1148 1527 baptizabimini
1172 1448 1283 1525 Spiritu

89 1544 196 1603 Sancto
218 1564 276 1603 non
298 1557 365 1622 post
383 1545 488 1604 multos
512 1545 566 1603 bos
593 1543 704 1603 dies.”¹
762 1544 805 1604 lts
818 1547 976 1623 Apostolos
996 1557 1062 1605 ante
1081 1547 1283 1604 ascensionem

91 1662 174 1702 suam
188 1643 327 1702 allocutus
340 1655 395 1712 est,
409 1643 459 1717 qui
469 1643 526 1720 ipsi
537 1661 594 1702 non
606 1643 693 1702 alium
705 1644 877 1721 baptismum
891 1646 1054 1722 suscepisse
1066 1654 1236 1702 noscuntur.

129 1737 218 1817 Resp.
240 1740 287 1798 Eo
297 1740 353 1799 loci
367 1739 501 1798 Christus
511 1739 547 1799 de
561 1741 668 1818 Spiritu
683 1741 790 1798 Ssnmo
802 1752 868 1818 post
887 1761 994 1819 paucos
1007 1741 1069 1800 dies
1083 1742 1115 1799 iu
1126 1740 1285 1818 Apostolus

90 1835 225 1914 illapsum
235 1837 348 1896 locutus
360 1851 414 1896 est.
443 1837 528 1897 illum
541 1838 674 1915 illapsum
689 1839 890 1916 ‘baptismum'
906 1840 1016 1899 vooerit
1029 1839 1165 1899 ususlsto
1184 1858 1283 1908 seusu,

89 1944 123 1991 ut
148 1933 321 2010 significaret
347 1934 459 2011 copiam
486 1932 626 1994 donorum
651 1935 810 1995 celestium
838 1936 943 2010 quibus
967 1937 1125 1994 affluerent.
1175 1935 1286 1995 Eume

91 2031 213 2090 loannis
233 2033 385 2110 baptismo,
405 2051 479 2106 aqua
505 2043 612 2092 tantum
633 2044 821 2101 constantem,
842 2033 942 2093 merito
963 2034 1116 2102 diemout:
1137 2052 1193 2093 nec
1205 2035 1285 2094 euim

95 2148 171 2203 aqua
183 2128 283 2187 soloin
295 2147 331 2186 eo
342 2127 577 2197 adhibendserat,
585 2128 637 2188 sed
645 2131 690 2187 sis
701 2129 791 2188 diuini
800 2131 934 2207 Spiritus,
943 2132 1020 2208 ignis
1027 2131 1126 2198 instar,
1134 2130 1286 2189 ostendm·

95 2227 141 2286 da.
162 2227 283 2286 Mittens
296 2238 388 2284 sutem
400 2227 554 2304 Apostolos
564 2228 789 2305 utbsptizarent,
798 2247 855 2287 uon
867 2228 958 2306 potuit
967 2229 1087 2306 intelligi
1098 2228 1133 2286 ds
1142 2229 1287 2305 baptismo

95 2327 218 2404 Spiritus
238 2327 347 2393 Sancti,
368 2326 437 2399 quia
456 2325 492 2385 dc
512 2345 548 2383 eo
562 2325 641 2384 siluit
660 2344 787 2403 prorsus,
802 2339 831 2384 et
850 2328 978 2403 ipsorum
998 2346 1057 2385 nou
1076 2339 1137 2385 erst
1156 2327 1284 2387 divinam

92 2425 171 2484 illurn
184 2425 243 2483 mm
257 2425 287 2482 iu
300 2425 425 2483 animam
439 2440 645 2499 excisisque
659 2426 751 2502 ipsius
764 2425 890 2502 Spiritus
904 2435 958 2484 est.
999 2425 1090 2503 igitur
1099 2427 1190 2485 obvie
1204 2427 1285 2484 vocis

93 2523 295 2601 significationi
317 2519 514 2580 inherendum
529 2530 583 2588 est,
597 2533 626 2578 et
638 2522 796 2599 baptismus
813 2542 885 2594 aqua
898 2521 1105 2600 agnoscendus,
1119 2523 1166 2580 cui
1187 2535 1285 2581 umen

92 2619 187 2685 Pater,
211 2619 314 2685 Filius,
328 2629 358 2675 et
380 2618 504 2694 Spiritus
529 2618 650 2674 Sanctus
664 2637 717 2676 sua
737 2619 839 2677 virtute
863 2619 966 2677 adsint.
1006 2619 1092 2686 Quod
1116 2630 1210 2678 sutem
1225 2639 1286 2681 non

93 2715 244 2794 legatorio
258 2712 413 2790 Scripturis
427 2711 582 2788 Apostolos
595 2713 674 2790 ipsos
687 2714 777 2772 fuisse
788 2716 1038 2793 aquabaptisatos,
1047 2735 1106 2774 uon
1120 2717 1219 2793 probat
1231 2736 1285 2778 eos

89 2812 264 2890 baptismum
277 2829 335 2869 nou
358 2811 532 2887 suscepisse,
546 2828 636 2883 quum
649 2830 702 2870 nec
717 2811 826 2870 Christi
840 2832 894 2872 nec
907 2813 1110 2890 Apostolorum
1132 2833 1179 2871 res
1192 2826 1284 2892 gestae

92 2927 194 2970 omnes
207 2906 370 2966 reserantur.
413 2905 557 2964 Ceterum
572 2925 661 2985 penes
676 2906 823 2968 Christum
838 2920 898 2968 erat
910 2931 961 2970 eos
972 2910 1131 2988 abaptismi
1144 2911 1209 2989 lego
1222 2914 1286 2971 exi·

92 3025 171 3067 mere
185 3026 193 3064 :
215 3004 291 3079 quod
317 3015 412 3062 tamen
426 3021 493 3063 eum
506 3003 609 3062 secisse
623 3024 681 3064 non
695 3017 739 3063 est
752 3008 924 3066 verosimile.
964 3007 1097 3066 Dicimus
1110 3008 1197 3085 igitur
1214 3029 1284 3069 cum

92 3104 272 3182 Augustino:
295 3112 315 3139 ‘⁴
326 3101 394 3160 Non
409 3103 581 3176 omniaque
596 3102 668 3161 facts
682 3105 840 3163 suntetiam
851 3106 958 3183 scriptu
968 3106 1160 3175 inveniuntur,
1174 3125 1288 3167 verum·

92 3214 188 3262 umen
201 3199 274 3258 sacta
286 3213 351 3258 osse
364 3217 401 3257 ex
412 3199 520 3256 ceteris
535 3197 712 3258 documentis
733 3202 895 3277 probantur.
936 3203 1083 3280 Scriptum
1106 3215 1151 3260 est
1170 3204 1287 3278 quaudo

91 3300 252 3378 baptizatus
265 3297 304 3355 sit
318 3295 474 3374 Apostolus
490 3294 609 3364 Paulus,
624 3309 652 3354 et
665 3299 802 3376 scriptum
817 3319 874 3358 nou
894 3309 939 3358 est
951 3298 1065 3373 quaudo
1078 3300 1213 3377 baptizati
1226 3301 1288 3360 sint

94 3397 142 3456 alii
168 3393 319 3473 Apostoli:
352 3403 547 3452 verumtamen
569 3393 653 3452 etism
667 3393 748 3471 ipsos
764 3396 922 3472 baptizatos
945 3395 1100 3474 intelligere
1126 3394 1286 3455 debemus:

90 3490 477 3570 quomadmodumscripturn
498 3487 666 3563 estqusndo
686 3491 834 3567 baptizatas
853 3493 910 3551 siut
930 3491 1028 3570 plebes
1043 3491 1232 3550 ecclesiarum
1255 3494 1286 3552 iu

93 3590 251 3650 Jerusalem
267 3601 296 3648 st
309 3589 446 3655 Samaria,
461 3586 575 3660 quando
588 3601 681 3646 autem
696 3589 844 3667 baptizate
857 3591 916 3649 sint
936 3589 998 3648 elie
1023 3589 1120 3667 plebes
1141 3590 1287 3667 gentium,

93 3687 196 3762 quibus
224 3684 354 3761 Apostoli
375 3684 509 3761 epistolas
531 3684 679 3753 miserunt,
701 3704 759 3744 non
781 3695 825 3743 est
848 3686 946 3760 utique
969 3685 1117 3763 scriptum,
1139 3696 1286 3746 ettamen

95 3785 180 3842 etiam
207 3782 284 3858 ipsas
310 3781 466 3857 baptizatas
486 3780 583 3854 utique
604 3781 723 3841 misitne
743 3782 904 3841 dubitamus
925 3794 1039 3860 propter
1057 3782 1135 3840 illam
1163 3781 1287 3842 Domini

95 3879 284 3940 anundum:
307 3877 392 3936 ‘Nisi
406 3878 471 3951 quis
481 3887 595 3936 renatus
608 3879 692 3938 fuerit
705 3898 742 3939 ex
752 3900 826 3954 aqua
839 3892 867 3939 et
880 3880 988 3958 Spiritu
999 3881 1115 3948 Sancto,
1130 3899 1188 3940 non
1201 3883 1288 3940 intra-

94 3979 136 4036 bit
155 3976 185 4034 iu
198 3993 317 4051 reguum
331 3972 515 4032 celorum.”⁸
554 3974 644 4034 Porro
672 3976 801 4034 Evodius
829 3977 879 4051 qni
892 3977 1099 4036 Antiochenam
1120 3976 1285 4038 Ecclesiam

96 4091 206 4154 primus
219 4072 303 4141 rexit,
317 4072 342 4130 si
354 4072 524 4150 Apostolum
538 4073 655 4132 Petrum
665 4075 852 4150 excipiamus,
863 4076 891 4133 in
906 4075 1025 4153 epistola
1036 4090 1066 4140 aa
1076 4091 1125 4155 pur
1138 4075 1287 4154 iuscripta,
1301 4127 1305 4134 .

98 4170 195 4231 retulit
222 4167 370 4228 Christum
396 4170 514 4228 Petrum
534 4170 594 4229 suis
615 4171 746 4230 monibus
766 4172 944 4248 baptizasse:
967 4181 987 4210 “
999 4171 1166 4240 Christus,’‘
1182 4171 1286 4248 iuquit,

98 4279 118 4309 ‘⁸
126 4267 255 4330 manibus
267 4267 330 4345 ipse
341 4267 402 4325 suis
411 4267 529 4328 Petrum
542 4268 736 4330 tantummodo
747 4269 899 4348 baptizarit
908 4290 917 4328 :
927 4270 1030 4331 Petrus
1041 4288 1126 4349 porro
1140 4271 1287 4359 hircum·

396 4444 438 4510 (1)
457 4442 520 4494 Luc.
535 4444 580 4497 xii.
590 4445 631 4495 5⁰.

394 4531 435 4596 (2)
454 4531 565 4582 soto.

392 4615 433 4683 (3)
451 4617 517 4681 Aug.
527 4633 565 4686 sp
573 4617 650 4671 cclxv.
661 4617 721 4670 sliss
730 4616 794 4669 cviii.
805 4616 837 4670 sd
845 4617 988 4670 Seleuciam.
