2774 5056
100 309 157 367 tec
197 322 200 329 “
394 309 450 371 DE
472 310 999 373 TRANSUBSTANTIATIONE.

97 479 143 525 tus
164 468 310 529 Dominioi
325 470 452 548 corporis
474 469 674 548 appellatione,
689 470 801 529 etiamsi
826 481 926 530 natura
939 472 1022 549 panis
1036 470 1067 529 in
1083 471 1149 548 ipso
1164 486 1303 548 perman·

95 564 144 633 sit,
158 576 188 624 et
199 584 258 625 non
270 566 328 626 duo
340 586 468 645 corpora,
480 566 532 625 sed
545 586 633 627 unum
645 587 748 645 corpus
763 568 830 627 Filii
844 568 901 627 Dei
915 568 1122 646 predicamus:
1143 568 1187 626 sic
1202 578 1233 627 et
1247 567 1299 626 hic

97 659 194 733 divina
207 662 347 723 insidente
356 668 469 742 corpori
483 675 591 734 natura,
605 683 695 724 unum
710 665 827 734 Filium,
840 684 924 725 unam
935 684 1086 744 personam
1101 676 1221 740 utraque
1233 665 1301 724 haec

96 757 268 819 fecerunt.”¹

135 856 225 937 Recp.
247 858 324 917 Inter
343 858 469 918 eruditos
483 857 656 937 disceptatur
669 859 704 918 de
718 859 848 937 epistolae
859 860 935 919 illius
947 860 1103 919 authentia.
1144 858 1300 919 Caeterum

96 960 212 1013 nature
225 972 283 1014 vox
294 955 386 1014 latiori
400 955 522 1014 sumitur
534 975 632 1025 sensu,
647 970 732 1033 prout
744 976 821 1034 sape
842 957 917 1034 apud
932 967 1053 1025 veteres,
1069 975 1121 1033 pro
1135 955 1299 1033 proprieta-

96 1053 170 1110 tibus
184 1064 213 1111 et
226 1055 401 1131 speciebus·
421 1054 470 1112 Sic
479 1055 707 1130 chrysostomus
716 1055 752 1114 de
764 1057 860 1134 pueris
870 1057 899 1115 in
912 1056 1026 1114 fornace
1038 1054 1146 1114 ardenti
1158 1053 1299 1128 loquens,

96 1151 151 1208 ait:
174 1152 341 1228 “juvenum
355 1153 445 1228 pietas
459 1170 554 1212 rerum
568 1165 696 1212 naturam
711 1153 877 1213 mutavit.''⁸
917 1154 986 1231 Ipso
999 1153 1065 1212 loco
1079 1151 1192 1230 objecto
1206 1169 1299 1230 nega·

96 1259 140 1307 tur
153 1248 211 1308 duo
224 1267 289 1307 esse
302 1269 432 1326 corpora,
446 1251 577 1324 quamvis
588 1254 670 1328 panis
685 1250 832 1310 Dominici
843 1252 971 1329 corporis
982 1250 1172 1328 appellatione
1186 1247 1299 1326 dignus

95 1346 207 1405 habitus
222 1347 269 1415 sit,
283 1348 382 1421 utique
396 1348 464 1421 quia
483 1348 574 1406 sactus
594 1360 639 1408 est
659 1349 754 1426 ipsum
769 1368 859 1407 unum
880 1349 942 1426 ejus
957 1366 1072 1425 corpus,
1087 1346 1159 1405 adeo
1179 1355 1213 1405 ut
1224 1345 1300 1404 libe·

94 1455 171 1501 ratus
199 1444 236 1502 sit
257 1444 291 1501 ab
316 1443 505 1521 appellatione
526 1445 619 1522 panis,
641 1444 763 1522 amplius
784 1445 900 1504 nonnisi
919 1463 1023 1522 corpus
1052 1442 1163 1502 Christi
1183 1460 1300 1502 nuncu·

96 1539 216 1616 pandus.

138 1639 204 1694 177.
229 1633 295 1715 obj.
314 1641 361 1695 lo.
394 1637 425 1696 S.
448 1636 617 1696 Ambrosius
637 1639 754 1697 scribit:
784 1639 849 1698 “Si
870 1649 946 1698 tauta
966 1638 1010 1696 vis
1037 1649 1082 1696 est
1107 1638 1137 1697 iu
1159 1654 1297 1696 sermone

95 1731 216 1791 Domini
228 1731 309 1802 Jesu,
325 1745 357 1791 ut
370 1734 528 1812 inciperent
541 1753 606 1794 esse
631 1755 694 1810 qua
709 1756 766 1796 non
781 1747 869 1806 erant,
885 1748 991 1811 quanto
1005 1737 1098 1815 magis
1112 1735 1296 1814 operatorius

93 1841 148 1898 est,
162 1840 194 1888 ut
207 1831 264 1888 sint
277 1850 341 1904 qute
356 1844 445 1901 erant,
460 1843 488 1891 et
502 1833 531 1892 in
552 1834 628 1893 aliud
642 1834 899 1894 commutentur.”⁴
939 1835 1020 1912 Ergo
1034 1846 1151 1894 manent
1167 1833 1250 1912 panis
1264 1843 1298 1892 ct

93 1929 202 1995 vinum,
217 1947 270 2013 nec
285 1929 340 1986 nisi
354 1931 593 1990 sacramentaliter
607 1943 825 1992 commutantur.

130 2022 219 2102 Hesp.
241 2022 286 2083 De
300 2025 436 2085 librorum
450 2026 565 2086 illorum
579 2037 693 2086 auctore
704 2030 930 2096 controvertitur,
946 2027 1026 2087 Cave
1041 2027 1212 2105 Anglioauo,
1223 2046 1295 2087 cum

95 2121 255 2180 Catholicis
270 2122 452 2195 quibusdam,
474 2143 524 2183 eos
550 2123 705 2183 Ambrosio
720 2125 901 2203 abjudicanti‚
917 2125 1015 2183 Natali
1028 2123 1203 2192 Alexandro,
1226 2141 1298 2183 oum

93 2218 156 2277 aliis
170 2227 310 2277 emunctae
322 2238 390 2277 sane
405 2220 481 2278 naris
493 2221 608 2291 criticis,
624 2232 768 2299 pugnante
782 2240 819 2280 ex
833 2222 951 2280 adversa
965 2232 1053 2300 parte.
1082 2221 1225 2280 Nostrum
1233 2237 1297 2279 non

91 2330 136 2376 est
146 2329 236 2376 tantas
251 2317 383 2376 dirimere
394 2318 469 2378 lites.
511 2317 656 2378 Caeterum
670 2320 791 2379 libenter
801 2321 984 2398 agnoscimus
997 2339 1047 2379 eos
1057 2337 1122 2377 esse
1134 2318 1295 2396 probabilis

89 2414 171 2473 valde
182 2425 211 2473 et
225 2414 333 2487 antiqui
348 2415 480 2483 auctoris,
502 2416 552 2488 qui
579 2415 826 2474 Mediolanensem
843 2416 958 2492 regebat
971 2415 1146 2473 Ecclesiam.
1189 2413 1293 2472 Voces

91 2511 146 2569 illae
159 2521 178 2548 ⁸⁴
189 2523 220 2568 ut
233 2512 290 2568 sint
311 2529 374 2583 quae
389 2511 501 2577 erant,’'
516 2512 546 2568 in
567 2509 695 2587 pluribus
719 2510 914 2569 desiderantur
934 2509 1081 2568 codicibus
1096 2529 1104 2579 ;
1125 2509 1176 2567 sed
1191 2509 1218 2567 si
1233 2510 1295 2587 pla·

91 2620 154 2665 neat
181 2626 228 2664 eas
249 2608 353 2664 hahere
381 2609 529 2683 genuinas,
552 2607 662 2665 facilem
688 2609 836 2684 excipiunt
856 2627 985 2675 sensum,
1007 2608 1116 2665 scilicet
1137 2626 1243 2684 panem
1264 2619 1295 2666 et

92 2707 190 2763 vinum
205 2724 263 2762 non
285 2705 319 2761 ad
335 2705 455 2762 nihilum
477 2704 580 2781 redigi,
596 2704 646 2762 sed
669 2705 697 2763 in
720 2706 794 2762 aliud
811 2707 990 2774 commutari,
1007 2707 1188 2765 manentibus
1203 2708 1292 2766 etiam

91 2820 189 2859 eorum
212 2801 372 2877 speciebus.
418 2801 560 2859 Cosinum
581 2803 728 2877 scriptoris
749 2801 835 2877 hujus
857 2803 1050 2860 auctoritatem
1065 2804 1148 2861 nobis
1163 2803 1292 2880 objicere

92 2899 178 2955 nimis
207 2898 428 2954 inverecundum
450 2908 503 2964 est,
525 2915 562 2954 ex
584 2898 715 2974 professo
738 2899 814 2956 enim
830 2899 1016 2957 mutationem
1038 2901 1122 2975 panis
1137 2902 1167 2959 in
1181 2919 1290 2978 corpus

90 2993 210 3060 Christi,
223 2994 281 3051 vini
296 2994 325 3050 in
339 2994 401 3068 ejus
425 2994 606 3069 sanguinem,
625 2993 681 3052 Dei
702 2996 837 3070 potentia,
860 3007 977 3053 tuetur:
1004 2996 1079 3054 “Tu
1094 2996 1168 3056 forte
1193 2997 1286 3056 dicis:

92 3090 177 3147 Meus
193 3090 273 3165 panis
288 3100 332 3145 cst
346 3091 464 3146 usitatus
478 3108 485 3157 ;
508 3088 559 3146 sed
574 3090 656 3165 panis
671 3091 724 3147 iste
747 3091 827 3167 panis
842 3101 887 3148 cst
907 3102 971 3149 ante
985 3093 1070 3149 verba
1095 3105 1288 3153 sacramento·

90 3207 171 3246 rum:
195 3187 242 3245 ubi
254 3187 405 3245 accesserit
416 3188 602 3255 consecratio,
617 3205 656 3245 nu
672 3206 749 3245 rann
774 3207 822 3247 riu
842 3207 918 3247 cano
940 3188 1079 3248 Onusam.
1123 3189 1191 3249 Hoc
1203 3191 1290 3270 igitur

89 3299 257 3354 astruamus,
270 3284 415 3359 quomodo
426 3295 518 3360 potest
529 3285 578 3357 qui
590 3287 672 3361 panis
683 3300 727 3343 est
737 3305 841 3363 corpus
853 3305 917 3344 esse
930 3286 1049 3356 Christi,
1060 3291 1288 3349 consecratione.

90 3381 277 3442 consecratio
292 3384 377 3460 igitur
391 3383 495 3455 quibus
510 3382 603 3440 verbis
618 3393 672 3451 est,
687 3392 715 3440 et
729 3384 810 3460 cujus
823 3385 1027 3442 sermonibus?
1069 3385 1188 3445 Domini
1203 3387 1288 3447 Jesu.

90 3523 223 3539 .....
248 3482 326 3557 Ergo
354 3479 488 3546 didicisti,
511 3479 588 3552 quod
602 3499 642 3538 ux
663 3499 742 3538 nanu
763 3499 873 3539 coneus
896 3485 965 3540 uras
987 3482 1138 3541 citarem:
1160 3495 1190 3542 et
1210 3484 1289 3558 quod

89 3578 187 3635 vinum
203 3590 231 3635 et
244 3596 317 3650 aqua
336 3578 365 3635 in
387 3577 504 3635 calicem
520 3577 650 3644 mittitur,
664 3576 715 3634 sed
730 3597 780 3636 ern
796 3596 920 3636 sunonis
935 3597 1182 3639 cousucnauroun
1198 3600 1290 3641 vunnu

89 3693 248 3734 omauaurs.
290 3675 422 3733 Didicisti
437 3694 515 3751 ergo,
531 3675 597 3748 quia
611 3674 687 3748 quod
702 3677 807 3753 accipis
821 3695 931 3734 coneus
943 3696 998 3735 usu
1013 3677 1175 3738 Cnnrsu1.”

132 3777 198 3831 178.
224 3772 353 3848 Ohj.1u.
390 3773 421 3830 S.
444 3773 614 3831 Ambrosius
642 3792 705 3831 eant
732 3776 845 3847 quasin
868 3774 1038 3833 eucharistia
1051 3777 1085 3833 fit
1098 3779 1288 3839 mutationem

88 3869 229 3928 adsimilat
242 3872 269 3927 ei
280 3889 343 3943 quae
358 3872 386 3928 in
396 3871 513 3929 homine
524 3871 556 3928 fit
567 3872 720 3947 baptismo,
733 3892 789 3945 qua
798 3892 871 3931 nova
890 3872 992 3931 dicitnr
1003 3884 1140 3942 creatura,
1156 3878 1287 3937 substan·

89 3967 127 4026 tia
141 3979 215 4026 certe
229 3968 303 4025 haud
318 3978 433 4026 mutata.
474 3967 517 4028 Ita
528 3969 627 4046 objicit
642 3970 779 4028 Casinus.

25 4082 28 4087 ⁴
126 4064 215 4144 Reap.
228 4067 335 4123 Auctor
348 4066 395 4123 ille
410 4066 578 4125 venerabilia
593 4067 723 4144 plurimis
738 4069 824 4126 utitur
837 4068 1070 4127 similitudinibus
1086 4079 1115 4127 et
1128 4073 1284 4150 exemplis,

20 4182 22 4187 ’
89 4177 119 4224 ut
133 4163 249 4229 suadeat
269 4164 368 4221 miram
391 4165 467 4222 illam
490 4183 553 4237 quae
568 4165 597 4223 in
618 4164 788 4223 eucharistia
801 4167 834 4226 fit
849 4169 1059 4240 mutationem3
1080 4170 1186 4241 quibus
1208 4184 1284 4233 certe

120 4325 163 4390 (1)
183 4323 204 4372 Ε
207 4339 230 4388 p.
242 4322 273 4372 ad
284 4321 415 4372 Caesarium
427 4323 583 4374 monachum.

122 4411 165 4474 (2)
184 4408 248 4458 Vide
259 4423 321 4472 opus
332 4423 395 4472 sape
405 4406 545 4458 laudatum:
563 4410 604 4459 La
610 4407 754 4477 perpdtcitd
764 4409 793 4460 de
804 4407 885 4478 Inferi,
897 4417 914 4461 t.
926 4410 951 4461 ii.
963 4411 979 4460 l.
990 4427 1014 4460 v.
1022 4411 1061 4462 ch.
1075 4412 1124 4463 viii.
1141 4421 1166 4464 et
1176 4430 1204 4465 x.

120 4494 162 4559 (3)
182 4495 256 4544 Hom.
267 4492 299 4542 iv.
311 4493 341 4543 ad
352 4509 408 4559 pop.
416 4493 531 4543 Antioch.

120 4579 162 4644 (t)
182 4577 211 4628 L.
218 4578 250 4628 iv.
261 4578 291 4628 de
299 4578 367 4630 Secu.
377 4578 437 4630 civ.
