2812 5062
356 166 412 225 DE
434 163 956 227 TRANSUBSTANTIATIONE.
1193 169 1251 225 207

60 338 171 387 remum
186 324 277 402 frangi
290 325 321 384 in
335 344 409 399 aqua
421 326 561 403 opinatur,
576 335 683 384 etcum
698 324 765 384 indo
779 324 901 383 aufertur
914 325 1058 403 integrari,
1073 342 1132 385 non
1145 322 1252 383 malum

60 416 167 478 babent
186 421 399 490 internuntium,
425 421 476 480 sed
496 422 589 480 malus
610 431 654 480 est
676 422 766 500 judex
769 462 901 480 .....
923 422 1018 488 Quare
1038 420 1140 480 oculus
1163 430 1250 486 recte,

13 518 27 553 ἱ
62 514 97 574 ad
111 516 168 576 hoc
182 519 259 577 enim
274 518 363 577 lactus
378 529 465 578 estut
479 528 587 577 tantum
601 516 709 587 videat3
731 517 782 577 sed
796 519 907 576 animus
922 536 1054 595 perverse
1065 517 1115 577 cui
1129 514 1164 575 ad
1185 534 1251 574 con·

62 615 253 692 templandam
267 635 409 675 summam
430 617 671 694 pulchritudinem
694 636 785 684 mens,
801 635 858 675 non
879 616 979 674 oculus
1001 615 1090 673 factus
1105 625 1158 672 cst.
1200 613 1252 672 Ille

61 723 155 771 autem
171 713 230 771 vult
244 723 366 772 mentem
382 724 547 773 convertere
560 714 596 772 ad
609 733 736 792 corpora,
753 713 851 773 oculos
864 712 900 771 ad
914 713 1019 771 Deum.
1055 711 1163 778 Quaerit
1174 711 1251 768 enim

60 806 218 885 intelligere
232 811 365 879 carnalia,
380 821 408 869 et
422 810 517 869 videre
531 811 677 888 spiritalia,
693 810 769 885 quod
784 810 844 868 fieri
858 829 915 868 non
931 808 1069 886 potest.’'¹
1106 806 1251 884 Angelicre

60 913 89 961 et
102 905 283 983 Proplreticae
298 908 422 966 visiones
438 917 560 986 possunt
572 908 656 966 etiam
672 908 887 986 responsionem
902 918 1027 965 nostram
1042 906 1191 964 illustrare.

102 1003 171 1059 193.
190 1001 256 1080 Obj.
267 1007 315 1061 31.
332 1003 608 1062 Transubstantiatio
619 1004 739 1081 plurima
752 1003 870 1062 includit
881 1002 1026 1070 miracula,
1036 1021 1099 1075 quae
1111 999 1251 1074 quotidie,

59 1096 120 1153 imo
133 1096 255 1173 singulis
270 1097 328 1155 lere
342 1099 505 1167 momentis,
521 1108 609 1157 totum
626 1118 676 1176 per
689 1099 796 1165 orbem,
819 1119 834 1156 a
855 1097 1049 1156 sacerdotibus
1070 1105 1251 1173 peraguntur,

60 1193 132 1265 quin
146 1192 262 1266 aliquod
275 1192 394 1271 prodeat
407 1213 505 1253 eorum
520 1194 676 1253 indicium:
691 1195 751 1252 haec
764 1194 963 1253 miraculorum
977 1193 1135 1266 frequentia
1148 1191 1251 1248 divina

59 1291 230 1349 oeconomiac
246 1303 393 1371 repugnat,
409 1312 471 1366 quae
486 1293 602 1351 nonnisi
616 1311 729 1370 perraro
743 1301 849 1351 naturae
863 1292 973 1370 legibus
988 1289 1116 1367 derogari
1130 1289 1208 1355 sinit,
1223 1298 1252 1346 et

58 1387 264 1447 miraculorum
288 1397 456 1466 potestatem
471 1389 541 1447 nnlli
562 1389 713 1449 hominurn
727 1389 819 1449 ordini
840 1389 974 1465 alligavit,
996 1385 1046 1445 sed
1067 1405 1118 1463 per
1137 1394 1251 1444 sanctos

56 1482 230 1560 plerumque
242 1485 329 1553 viros,
341 1504 379 1544 ex
392 1486 564 1564 impulsione
579 1486 700 1561 quadam
716 1485 812 1545 divina
826 1505 860 1544 ea
871 1485 972 1563 patrari
985 1483 1084 1552 voluit,
1096 1493 1125 1541 et
1136 1482 1252 1556 quidem

55 1582 88 1641 in
103 1579 173 1639 tidei
194 1583 450 1652 confirmationem,
464 1585 623 1643 manifestis
644 1585 747 1643 divinae
770 1585 901 1662 potentiae
916 1581 1041 1650 indiciis,
1056 1581 1150 1659 potius
1166 1598 1252 1653 quam

55 1674 92 1735 ad
108 1676 194 1736 fidem
209 1677 408 1748 exercendam,
423 1680 534 1738 occulta
547 1679 668 1753 quadam
681 1681 855 1757 operatione.
1253 1728 1259 1737 .

97 1772 188 1852 Reap.
210 1775 339 1834 Plurima
352 1775 468 1849 quidem
482 1777 618 1835 miracula
625 1774 729 1835 divinae
743 1778 879 1854 potentiae
891 1787 919 1836 ct
929 1778 1061 1837 bonitatis
1074 1777 1102 1834 in
1115 1773 1253 1853 mysterio

58 1870 250 1930 eucharistico
264 1890 420 1950 agnoscere
434 1883 555 1949 oportet,
571 1892 626 1947 qua
647 1873 683 1932 dc
704 1893 789 1932 causa
803 1873 1029 1952 Chrysostomus
1050 1872 1139 1932 etalii
1161 1880 1252 1947 patres

59 1988 96 2028 ca
109 1970 204 2028 verbis
226 1970 413 2049 amplissimis
434 1971 627 2031 celebrarunt:
650 1988 784 2031 caeterum
804 1973 919 2031 alterius
940 1987 1008 2031 sunt
1027 1970 1140 2050 generis
1161 1970 1196 2027 ab
1217 1969 1252 2026 iis

58 2084 125 2140 quae
140 2065 270 2125 ordinem
284 2077 390 2127 naturae
412 2069 631 2147 interrumpunt,
644 2090 710 2128 cum
734 2071 837 2143 quibus
858 2071 976 2148 proinde
992 2089 1050 2129 non
1072 2077 1140 2127 sunt
1159 2066 1229 2127 conl
1242 2098 1253 2112 ·

57 2161 158 2221 reuda.
200 2163 329 2223 Plurima
351 2165 472 2243 singulis
496 2166 649 2224 momentis
671 2169 841 2244 contingunt
865 2168 961 2244 gratiae
987 2165 1133 2233 miracula,
1148 2165 1252 2238 quibus

57 2259 171 2329 scilicet
184 2259 265 2318 Deus
279 2270 391 2320 mentes
405 2262 526 2320 illustrat
539 2281 665 2341 superno
679 2263 798 2330 lumine,
815 2263 956 2337 cordaque
971 2263 1123 2320 dilectione
1143 2260 1253 2318 coelesti

58 2355 158 2426 afficit,
174 2376 237 2430 quoe
251 2377 308 2417 non
324 2358 389 2418 ideo
404 2358 570 2437 deneganda
583 2368 659 2427 sunt,
674 2360 741 2433 quia
755 2379 771 2417 a
785 2359 927 2418 miraculis
942 2358 1049 2419 ordinis
1063 2357 1179 2434 physici
1201 2356 1253 2415 dis·

58 2453 164 2512 serunt.
206 2453 350 2528 Equidem
372 2463 484 2514 constat
504 2455 652 2514 Christum
677 2454 733 2513 boc
753 2456 912 2515 instituisse
937 2457 1163 2527 Sacramentum,
1183 2451 1254 2511 illud

59 2549 234 2609 conficiendi
257 2561 426 2629 potestatem
450 2552 600 2611 bominum
622 2561 699 2611 certo
718 2552 821 2618 ordini,
844 2553 1038 2611 sacerdotibus
1059 2552 1177 2618 scilicet,
1200 2562 1252 2608 tra·

59 2644 180 2714 didisse,
194 2647 265 2705 illud
287 2647 423 2726 perpetud
448 2648 648 2707 celebrandum
670 2649 807 2718 voluisse,
822 2659 851 2707 et
875 2649 971 2726 ipsum
991 2667 1095 2726 corpus
1119 2666 1203 2706 suum
1224 2657 1252 2704 et

58 2745 229 2823 sanguinem
246 2745 348 2805 adesse
363 2747 531 2806 declarasse.
575 2748 646 2814 Qua
668 2747 734 2806 inde
755 2756 911 2821 sequuntur
925 2766 983 2806 non
1004 2759 1125 2823 possunt
1138 2746 1253 2823 allegari

57 2853 95 2923 ut
104 2842 210 2901 divinis
225 2845 287 2922 ejus
302 2845 430 2903 consiliis
456 2855 646 2924 repugnetur;
668 2864 758 2924 penes
779 2846 873 2922 ipsum
895 2846 972 2905 enim
993 2856 1037 2902 est
1057 2864 1112 2919 qua
1133 2844 1255 2903 volucrit

58 2940 171 2999 ratione
195 2959 248 2998 sua
269 2942 406 3017 perficere
428 2959 524 3018 opera.
567 2943 643 3000 Sane
657 2942 808 3019 conceptio
829 2943 956 3019 virginea
976 2941 1010 2998 ab
1031 2940 1094 2998 aliis
1109 2939 1254 2998 miraculis

59 3037 248 3116 discrepabat,
263 3057 316 3097 nec
329 3038 406 3098 enim
421 3039 565 3113 quomodo
580 3040 729 3116 contigerit
742 3050 852 3117 poterat
865 3058 1001 3096 sensuum
1014 3038 1177 3096 testimonio
1188 3055 1255 3095 con·

59 3147 156 3207 stare3
178 3155 231 3197 nec
256 3136 292 3195 ad
313 3136 401 3196 tidem
423 3137 646 3196 confirmandam
671 3138 852 3205 inserviebat,
864 3122 918 3194 'sed
938 3137 969 3194 in
989 3154 1023 3193 ca
1042 3134 1161 3193 colenda
1181 3133 1252 3192 tides

59 3248 220 3293 exercetur.

104 3334 171 3389 194.
198 3329 264 3410 Obj.
280 3335 328 3390 32.
351 3332 626 3390 Transubstantiatio
647 3331 755 3390 inutilis
775 3347 891 3408 prorsus
912 3336 965 3394 est,
981 3324 1115 3385 Christus
1130 3325 1207 3384 enim
1221 3344 1253 3384 se

60 3426 123 3485 suis
138 3426 205 3486 dare
219 3437 323 3506 potest,
338 3429 444 3502 absque
458 3425 541 3505 panis
563 3439 590 3486 et
610 3428 669 3485 vini
684 3428 713 3485 in
728 3445 832 3503 corpus
852 3438 880 3483 et
901 3424 1069 3501 sanguinem
1089 3440 1174 3481 suum
1188 3440 1255 3481 con·

60 3525 204 3585 versione.

99 3619 191 3698 Resp.
214 3621 353 3680 Nostrum
375 3631 498 3679 nonest
518 3617 636 3678 Christo
656 3619 838 3698 prescribere
860 3617 948 3696 leges,
976 3614 1027 3674 sed
1050 3615 1169 3675 consilia
1190 3616 1252 3694 ejus

59 3716 189 3785 adorare,
214 3727 243 3776 et
268 3717 407 3777 beneficia
433 3718 516 3776 nobis
541 3717 634 3776 oblata
659 3726 738 3794 grato
763 3715 896 3794 amplecti
923 3715 1029 3773 animo.
1080 3713 1113 3771 Si
1139 3713 1253 3790 corpori

63 3816 160 3875 anima
173 3816 326 3893 conjuncta
346 3834 403 3873 non
424 3815 534 3884 suisset,
555 3814 652 3875 divina
666 3833 783 3873 munera
802 3814 885 3873 nobis
900 3812 1034 3872 donasset
1053 3812 1140 3884 absqe
1154 3812 1251 3889 specie

61 3912 158 3987 aliqua
185 3924 311 3980 externa,
336 3913 377 3970 uti
398 3923 496 3971 monet
523 3912 764 3989 chrysostomum
784 3911 836 3970 sed
855 3919 959 3970 nostras
981 3928 1013 3967 se
1034 3908 1254 3968 misericorditer

61 4012 260 4089 attemperavit
286 4009 452 4079 conditioni,
482 4023 690 4071 sacramentum
721 4007 903 4080 instituendo,
930 4026 988 4082 quo
1019 4026 1085 4067 eum
1120 4007 1174 4065 sub
1205 4024 1252 4064 es·

62 4110 151 4169 ternis
165 4108 222 4167 illis
238 4110 388 4187 speciebus
409 4110 577 4187 accipimus,
592 4110 661 4168 certi
681 4108 735 4167 hac
755 4107 863 4167 ratione
883 4106 949 4164 lacti
970 4104 1093 4164 coelestis
1108 4103 1176 4162 doni
1197 4121 1254 4177 quo

62 4204 197 4265 ditamur.
239 4206 437 4283 Agnoscamus
451 4216 481 4263 et
494 4205 644 4265 adoremus
659 4215 765 4263 tantam
778 4202 835 4261 Dei
849 4214 878 4261 et
892 4201 1045 4261 salvatoris
1060 4201 1149 4259 nostri
1163 4199 1255 4258 muni·

61 4302 219 4365 licentiam.

465 4481 507 4547 (l)
527 4478 555 4529 1..
567 4480 662 4530 devera
673 4477 858 4530 ueremni.
