2812 5062
160 326 220 384 886
593 314 651 381 DE
671 319 922 383 POTESTATE

159 483 189 542 in
204 480 368 559 regionibus
382 478 542 549 catholicis,
563 487 595 538 ut
615 478 719 539 caelum
740 479 855 541 modico
875 490 1037 541 mercantur
1049 481 1162 552 incole,
1175 483 1261 542 tantis
1281 481 1353 545 ditati

158 579 318 640 beneficiis.

197 675 287 754 Resp.
309 675 427 735 Morum
452 675 529 734 foret
549 675 739 754 integritatem
761 684 791 734 et
811 678 990 737 sanctitatem
1014 675 1257 754 indulgentiarum
1279 696 1353 750 usus,

157 791 207 834 eas
221 775 299 834 enim
312 793 399 833 nemo
413 772 515 832 lucrari
528 773 604 832 valet
623 773 673 848 qni
693 775 789 833 animo
803 773 880 833 haud
901 775 1056 834 detestatur
1069 786 1232 854 peccatum,
1247 786 1279 836 et
1300 778 1352 838 Dei

156 873 246 952 gratia
259 891 316 931 non
331 872 447 931 fruatur.
489 871 573 939 Quod
587 883 682 932 autem
696 872 806 931 actibus
820 874 869 947 qui
877 872 1018 932 levissimi
1029 875 1060 932 in
1073 893 1106 933 se
1115 875 1250 934 videntur
1264 877 1352 936 indul·

98 966 109 987 '
158 973 254 1049 geutia
268 969 421 1045 aliquando
435 969 613 1046 amplissima
626 968 800 1040 adnectatur,
819 971 959 1049 contingit
972 972 1141 1049 plerumque
1156 973 1194 1032 ob
1218 975 1355 1052 specialia

156 1084 252 1125 rerum
283 1065 425 1144 adjuncta.
466 1065 516 1123 Sic
539 1066 671 1124 osculum
696 1066 789 1124 crucis
810 1065 841 1125 in
861 1066 1070 1144 amphitheatro
1091 1067 1234 1128 Flauiano
1255 1070 1352 1130 erectae

156 1163 267 1223 dierum
282 1162 468 1223 ducentorum
484 1163 679 1241 pertendam
693 1163 789 1234 solvit,
804 1165 871 1238 qnia
884 1165 1017 1242 specialis
1038 1165 1158 1224 affectus
1172 1185 1243 1245 erga
1258 1167 1355 1228 Chris·

155 1268 217 1320 tum
237 1259 398 1319 Dominum
419 1270 592 1320 monstratur
611 1261 677 1338 ipso
701 1279 759 1335 quo
780 1272 938 1337 martyrum
952 1261 1070 1339 sangnis
1092 1261 1204 1334 effusus
1227 1275 1274 1323 est
1286 1263 1354 1324 loco.

156 1355 297 1435 Magnum
312 1375 430 1414 sensum
446 1356 559 1434 pietatis
572 1356 625 1414 hac
639 1356 749 1415 ratione
768 1355 953 1416 excitandum
967 1356 1022 1416 sibi
1036 1357 1162 1436 polliciti
1175 1371 1247 1418 sunt
1261 1362 1354 1420 merito

155 1455 307 1532 pontifices
321 1454 459 1532 supremi.
501 1454 647 1514 Oaeterum
671 1453 801 1531 plurimae
825 1454 1010 1532 indulgentie
1035 1456 1353 1534 circumferunturque

155 1550 270 1609 incentu
298 1560 374 1618 suut,
400 1549 447 1609 vel
473 1551 558 1627 plane
585 1550 787 1628 supposititiae.
831 1551 916 1619 Quod
941 1551 975 1610 ad
1006 1552 1119 1629 copiam
1148 1555 1180 1612 in
1207 1555 1351 1615 catholicis

155 1649 321 1725 regionibus
347 1647 470 1706 oblatam
494 1647 603 1715 attinet,
624 1648 733 1725 majora
756 1647 814 1706 illis
835 1648 936 1707 salutis
954 1648 1083 1708 subsidia
1108 1650 1195 1709 tribui
1220 1651 1350 1720 ostendit,

155 1764 240 1820 quam
255 1745 393 1804 rationem
408 1747 439 1804 in
452 1747 517 1823 ipsa
530 1745 587 1805 Dei
601 1765 668 1824 erga
681 1765 772 1824 genus
787 1746 945 1805 humanum
966 1748 1128 1807 aeconomia
1141 1748 1263 1809 adorare
1277 1769 1351 1828 oper·

155 1855 215 1903 tet:
238 1842 290 1902 sed
310 1858 400 1918 quum
427 1843 610 1922 indulgentiae
637 1845 807 1922 temporales
836 1861 935 1923 prenae
961 1855 1069 1904 tantum
1096 1847 1269 1924 respiciant,
1291 1848 1349 1907 coeli

157 1940 261 2020 gaudia
274 1958 332 1999 non
346 1940 401 1999 alia
414 1939 478 2018 lege
491 1941 597 2013 ubique
621 1941 832 2018 promittuntur,
846 1960 931 2016 quam
956 1952 988 2000 ut
1000 1940 1068 2009 fide,
1082 1959 1148 2019 spe,
1163 1954 1192 2001 et
1206 1943 1351 2003 dilectione

154 2037 283 2097 colamus
298 2033 404 2104 Deum,
426 2036 560 2095 omnibus
585 2036 787 2114 cupiditatibus
801 2037 997 2116 compressis:
1021 2039 1229 2116 “abnegantes
1256 2041 1349 2119 impie·

149 2140 243 2193 'tatem
264 2143 294 2193 et
313 2134 460 2192 saecularia
479 2133 629 2202 desideria,
651 2134 746 2192 sobrie
768 2145 797 2192 et
813 2135 902 2212 juste,
924 2145 953 2193 et
972 2135 1020 2212 pie
1041 2135 1173 2194 vivamus
1188 2139 1220 2196 in
1240 2137 1352 2197 hocse-

153 2231 267 2291 eulo.'‘²
308 2231 395 2290 Certe
409 2231 583 2289 facilioribus
603 2230 815 2291 conditionibus
836 2232 940 2290 cmlum
955 2233 1127 2309 pollicentur
1149 2235 1351 2303 Protestantes,

153 2330 361 2401 satisfactiones
376 2348 477 2389 omnes
491 2340 520 2388 et
531 2330 704 2407 ponitentiae
718 2348 806 2407 opera
820 2331 993 2408 rejicientes.

193 2433 243 2489 24.
269 2428 336 2509 obj.
354 2434 400 2487 10.
422 2428 474 2487 Illa
488 2428 728 2506 indulgentiarum
743 2427 871 2487 doctrina
891 2427 1040 2506 ingeniose
1062 2429 1180 2504 quidem
1195 2433 1352 2511 excogitata

155 2536 200 2585 est
214 2526 248 2584 ad
258 2527 431 2604 argumentis
441 2527 543 2599 quibus
558 2527 761 2603 impugnantur
772 2526 1025 2585 satisfaciendum:
1047 2544 1078 2584 re
1092 2539 1188 2587 autern
1205 2548 1270 2588 vera
1286 2531 1353 2607 pler·

154 2625 237 2697 isque
261 2641 428 2699 persuasum
455 2633 499 2678 est
522 2622 619 2680 omnia
640 2623 694 2679 sibi
709 2622 805 2690 licere,
820 2621 997 2698 indulgentia
1016 2623 1176 2699 impetrata,
1192 2644 1251 2698 quo
1273 2640 1351 2702 paeto

155 2721 272 2797 plurimi
286 2721 316 2778 in
330 2720 406 2777 vitiis
421 2728 639 2786 consenescunt,
655 2719 838 2795 indulgentiae
854 2720 987 2796 plenarian
1002 2721 1056 2778 sub
1072 2732 1193 2780 mortem
1210 2722 1322 2780 fiducia.

195 2816 284 2893 Reap.
308 2817 456 2889 Quotquot
469 2827 536 2874 sunt
551 2815 696 2873 Catholici
710 2832 762 2892 per
782 2817 879 2874 orbem
902 2827 1005 2875 norunt
1020 2818 1129 2890 absque
1143 2820 1310 2895 poenitentia
1329 2831 1356 2877 et

156 2931 270 2972 morum
285 2912 483 2970 emendatione
498 2912 604 2969 nullam
619 2913 675 2969 sibi
690 2911 860 2988 sperandam
882 2931 947 2970 esse
962 2913 1095 2981 salutern,
1111 2915 1243 2989 nihilque
1257 2935 1307 2992 per
1326 2935 1356 2974 se

157 3011 264 3070 malum
279 3029 365 3087 posse
379 3010 434 3067 ulla
450 3010 613 3067 auctoritate
633 3010 730 3068 licere.
774 3011 871 3068 Nemo
891 3009 962 3069 adeo
977 3012 1093 3088 ignarus
1108 3014 1228 3090 reperiri
1244 3015 1354 3091 poterit,

159 3109 210 3183 qui
224 3107 408 3185 indulgentiae
423 3105 633 3180 consequendae
659 3125 711 3183 spe
726 3108 803 3165 vitiis
829 3107 985 3166 inhaereat:
1007 3110 1140 3182 quamvis
1161 3111 1220 3169 sint
1244 3112 1356 3188 plurimi

156 3208 206 3282 qui
221 3206 325 3266 divina
340 3205 553 3273 misericordiae,
566 3224 651 3279 quam
665 3206 758 3264 verbis
771 3206 958 3282 amplissimis
971 3203 1095 3265 efferunt
1104 3210 1178 3266 sacri
1194 3211 1355 3286 scriptores,

156 3305 262 3363 fidncia
282 3322 401 3381 peccare
422 3313 550 3380 pergant.
593 3303 726 3361 Profecto
747 3304 812 3380 ipsa
829 3302 910 3379 plebs
934 3303 1076 3362 catholica
1096 3306 1206 3381 optime
1228 3307 1358 3384 intelligit

157 3403 348 3481 indulgentias
360 3422 394 3460 ea
405 3403 562 3479 presertim
574 3402 625 3459 niti
640 3401 814 3470 conditione,
827 3413 859 3459 ut
873 3400 1089 3462 cordecoutrito
1100 3403 1280 3481 deponantur
1295 3426 1357 3464 con·

157 3501 264 3559 fiteudo
290 3511 416 3577 peccata.
459 3498 590 3565 Quodsi
612 3497 704 3556 forent
726 3499 775 3571 qui
797 3499 956 3574 ignorantia
976 3499 1022 3557 vel
1043 3502 1249 3577 superstitione
1265 3503 1357 3577 aliqua

157 3598 337 3655 abuterentur
353 3596 547 3672 indulgentiis,
563 3614 619 3653 non
636 3608 680 3652 est
691 3615 741 3652 cnr
754 3595 899 3671 legitimus
912 3612 1007 3653 aarum
1020 3612 1089 3654 usus
1102 3598 1226 3656 tollatur.

196 3700 246 3753 25.
273 3694 339 3772 Obj.
357 3699 402 3751 ll.
427 3693 620 3770 Inrlulgentias
640 3693 768 3751 lucrandi
791 3693 886 3751 studio
910 3695 1044 3752 virtutum
1070 3696 1226 3773 negligitur
1250 3701 1357 3757 exerci-

156 3795 237 3861 tium,
253 3792 323 3850 adeo
338 3803 368 3849 ut
382 3802 439 3849 tota
460 3792 497 3847 sit
511 3791 662 3849 solicitudo
677 3792 705 3848 in
729 3792 910 3848 confessione
934 3792 1104 3868 peragenda,
1127 3805 1155 3851 et
1175 3795 1358 3872 suscipienda

157 3891 369 3956 communione,
385 3902 413 3946 et
425 3890 522 3964 paucis
537 3887 686 3945 recitandis
702 3890 844 3964 precibus.

196 3987 284 4064 Rcop.
308 3987 365 4052 Qui
381 3986 443 4043 haee
467 3986 564 4042 rnunia
578 3985 629 4041 rite
644 3985 703 4042 obit
718 3985 752 4041 ad
765 3986 881 4041 virtutes
896 3985 1073 4043 exercendas
1089 3986 1267 4062 impellitur:
1285 3988 1359 4060 quod

156 4085 181 4141 si
197 4084 261 4157 quis
276 4083 356 4140 iniis
371 4083 517 4148 consistat,
531 4081 669 4157 neglectis
685 4082 844 4149 virtutibus,
859 4081 1021 4159 culpandus
1036 4084 1100 4150 erit,
1117 4085 1188 4156 quin
1204 4084 1270 4143 ideo
1286 4085 1359 4143 dam·

155 4178 256 4238 nandae
271 4180 329 4236 sint
343 4177 536 4255 indulgentiae.
578 4178 721 4236 Caeterum
738 4179 917 4236 conditiones
939 4180 1043 4253 quibus
1066 4180 1207 4249 nituntur,
1223 4184 1355 4240 virtutum

143 4279 322 4336 ‘exercitium
339 4278 475 4353 exigunt:
498 4288 527 4334 et
541 4278 718 4353 experientia
732 4289 843 4335 constat
865 4289 931 4337 tnnc
945 4279 1070 4336 maxime
1085 4277 1139 4335 has
1153 4279 1269 4350 florere,
1292 4281 1356 4340 dum

155 4376 339 4453 indulgentiae
356 4374 580 4451 promulgantur.

194 4479 243 4531 26.
270 4471 335 4549 obj.
362 4475 408 4529 12.
441 4471 474 4526 Si
501 4470 707 4528 satisfactiones
737 4471 834 4531 divino
858 4474 924 4550 jure
950 4473 1161 4550 praecipiantur,
1192 4476 1233 4534 uti
1263 4486 1356 4535 tenent

155 4569 309 4635 Catholici,
331 4586 380 4625 eas
395 4567 537 4625 remittere
552 4566 652 4640 nequit
666 4568 810 4627 Ecclesia.

599 4728 644 4796 ιιι
659 4726 754 4778 utun.
763 4730 808 4775 ia.
