2774 5056
535 296 593 357 DE
614 296 837 357 LITURGIIS.
1221 301 1280 361 817

94 450 161 517 diem
173 462 311 512 sanctum
327 452 510 532 Epiphanio,
530 454 574 514 sic
597 455 717 534 incipit:
740 465 760 495 ‘⁴
772 454 972 515 venerabilem
993 474 1026 514 ac
1050 457 1226 534 primitivum
1250 459 1281 518 in

92 547 262 609 mirabilibus
276 549 450 635 Epiphaniae
464 549 541 609 diem
561 592 570 609 .
592 591 602 610 .
624 592 633 610 .
655 571 832 622 veneremur,
847 553 896 631 pia
907 553 1103 613 obsecratione
1117 566 1281 632 poscenoes,

92 645 179 721 ntqm
198 654 271 705 tunc
285 665 373 721 aquas
394 647 424 705 in
444 648 512 706 vina
531 649 659 717 mutavit,
680 668 756 709 nunc
776 651 807 709 in
827 651 995 727 sanguinem
1009 669 1093 709 suum
1107 651 1282 712 oblationum

91 752 248 803 marum
257 744 328 801 rina
340 743 515 804 convertat.”
556 744 591 804 In
605 746 699 805 Missa
712 746 771 806 XX
785 748 815 806 in
830 746 1005 806 cathedram
1014 747 1047 805 8.
1059 747 1138 807 Petri
1148 749 1282 824 Apostoli

54 848 151 919 -pert
169 842 344 919 mysterium
374 842 507 902 sacerdos
530 854 680 921 precatur:
722 853 784 904 “ut
809 846 962 905 immittere
990 844 1115 923 digneris
1143 846 1282 923 Spiritum

89 948 165 999 unm
174 938 316 999 Sancmm
329 959 417 1017 super
428 941 492 1002 haec
506 943 657 1011 solemnia,
667 952 698 1001 ut
708 943 757 1002 fiat
769 944 853 1004 nobis
866 943 993 1021 legitima
1007 944 1176 1003 eucharistia
1188 946 1219 1004 in
1233 954 1283 1005 tuo

89 1032 212 1123 Qua
232 1037 275 1095 tui
293 1038 420 1107 nomine,
434 1047 464 1097 et
485 1038 608 1116 Spiritus
630 1040 737 1109 Sancti,
752 1040 783 1099 in
803 1058 1093 1100 raanssoamoun
1107 1042 1235 1117 corporis
1249 1060 1282 1100 ac

89 1134 236 1213 unguinis
245 1133 366 1194 Domini
379 1136 469 1194 nostri
482 1137 554 1195 Jeeu
572 1136 694 1206 Christi,
709 1138 848 1216 unigeniti
868 1138 919 1206 tui,
934 1137 1083 1197 edentibus
1096 1139 1179 1197 nobis
1193 1138 1280 1197 vitam

91 1240 236 1299 aterum,
262 1250 440 1308 regnumque
461 1245 631 1310 perpetuum
652 1235 797 1293 conlatura
817 1234 1010 1294 bibentibus.”
1052 1236 1146 1294 Missa
1168 1233 1282 1293 LXXX

90 1324 268 1387 Mminicalis
288 1336 354 1404 post
375 1338 482 1388 secreta
503 1328 604 1389 habet:
627 1339 647 1367 “
661 1329 821 1408 Explentea
846 1340 1024 1390 sacrosancta
1050 1332 1283 1390 caeremoniarum

90 1422 239 1491 wlamnia,
260 1424 315 1482 ritn
343 1424 562 1485 Melchisedech
588 1428 695 1485 summi
716 1426 871 1486 sacerdotis
893 1427 996 1495 oblata,
1019 1445 1167 1505 precamur
1187 1437 1282 1484 mente

90 1516 190 1581 devota
202 1528 242 1588 ta,
257 1519 396 1597 Maiestas
408 1530 522 1591 eterna,
534 1529 566 1580 ut
578 1533 713 1599 operante
727 1524 840 1591 virtute,
855 1541 957 1581 ranan
977 1540 1122 1581 mansu
1136 1539 1168 1580 ru
1182 1538 1281 1581 maun

92 1632 224 1675 momnis
243 1634 358 1675 versun
372 1634 406 1675 m
420 1634 569 1677 sanemus
583 1619 665 1679 illum
679 1638 826 1679 sumamus
849 1620 878 1678 in
898 1619 986 1679 calice
1000 1621 1048 1693 qni
1063 1617 1097 1677 de
1113 1629 1139 1676 ts
1153 1618 1236 1677 llurit
1249 1618 1280 1677 in

93 1731 168 1773 cruca
181 1730 218 1772 er
233 1713 352 1774 latere.”
393 1715 434 1773 Et
449 1725 513 1793 post
525 1716 684 1775 orationem
698 1716 890 1776 dominicam:
913 1725 934 1753 ‘⁶
944 1716 1062 1775 Liberae
1083 1733 1136 1774 noa
1163 1714 1280 1782 amalo,

95 1808 212 1870 Domine
231 1810 304 1869 Jesu
326 1810 453 1871 Christe.
495 1812 610 1891 Corpus
641 1825 720 1872 tunm
743 1833 795 1891 pro
817 1813 901 1872 nobis
921 1814 1089 1872 crucifixum
1110 1811 1233 1881 edimus,
1254 1822 1283 1869 et

97 1907 255 1984 smgninem
268 1916 398 1966 sanctum
412 1923 493 1968 tuum
507 1928 558 1986 pro
573 1909 655 1967 nobie
670 1908 794 1967 effosum
808 1907 965 1968 bibimus.'’

128 2007 193 2062 228.
215 2002 337 2063 Missale
358 2003 532 2063 Francorum
558 2002 780 2064 inordinatione
795 2004 955 2082 presbyteri
969 2004 1137 2082 episcopum
1152 2012 1280 2063 orantem

100 2098 193 2169 inducit
207 2121 215 2161 ι
237 2111 257 2140 “
268 2112 300 2161 ut
312 2121 364 2180 per
376 2103 547 2177 obsequium
562 2103 655 2180 plebis
669 2112 724 2162 tuae
746 2122 851 2181 corpus
866 2115 894 2161 et
907 2102 1077 2181 sanguinem
1092 2102 1160 2160 Filii
1174 2103 1214 2159 tui
1228 2102 1283 2162 im·

102 2197 223 2257 neusa
236 2198 434 2258 benedictione
449 2199 662 2259 transformet.”
704 2199 798 2258 Missa
821 2198 895 2258 XXI
917 2218 1004 2277 super
1028 2200 1142 2258 oblata:
1166 2208 1185 2236 “
1199 2199 1280 2257 Deus

105 2293 142 2365 qui
150 2294 283 2374 legalium
305 2295 480 2355 differentias
500 2296 658 2355 hostiarum
682 2296 766 2354 unius
792 2295 924 2354 sacrificii
946 2295 1121 2373 perfectione
1141 2295 1279 2362 sanxistir

105 2391 182 2471 wtipe
194 2394 367 2453 sacrificium
381 2414 398 2452 a
411 2393 521 2453 devotis
536 2393 587 2451 tibi
601 2393 715 2450 famulis
738 2433 746 2451 .
768 2433 776 2451 .
800 2432 808 2450 .
831 2433 839 2449 .
860 2403 892 2451 ut
902 2391 994 2450 Filius
1004 2400 1068 2450 tuus
1082 2392 1169 2450 Jesus
1179 2391 1280 2449 Chris·

56 2536 59 2545 .
108 2490 204 2563 moui
223 2509 257 2549 se
278 2509 371 2565 usque
392 2492 422 2551 in
444 2492 531 2550 tinem
552 2490 650 2548 seculi
670 2489 730 2547 suis
755 2488 887 2547 fidelibus
912 2488 1044 2566 promisit
1065 2488 1236 2557 adfuturum,
1251 2498 1280 2547 et

108 2596 268 2647 murras
282 2606 460 2646 consonans
476 2605 633 2647 aversans
653 2605 712 2645 non
725 2584 836 2645 deserat
850 2603 922 2659 quos
936 2582 1066 2654 redemit,
1081 2595 1111 2643 et
1124 2586 1278 2663 majestatis

109 2684 300 2745 mbeueficiis
314 2704 371 2745 non
385 2684 557 2760 relinquat.”

66 2806 69 2811 ·
135 2780 193 2841 22⁰.
214 2782 335 2841 Missale
348 2782 529 2842 Gallicanum
543 2792 624 2841 vetus
639 2782 720 2860 plura
734 2779 906 2859 suppeditat.
946 2779 981 2840 ln
992 2779 1086 2840 Missa
1097 2780 1129 2839 S.
1140 2781 1279 2842 Germani

110 2872 222 2957 erumpi,
251 2879 383 2938 collectio
411 2888 477 2957 post
503 2880 720 2938 eucharistiam:
748 2878 943 2938 “sumsimus
972 2895 1009 2937 ex
1032 2880 1120 2937 sacris
1145 2879 1278 2939 altaribus

111 2962 195 3035 t'nrsri
207 2976 328 3036 Domini
341 2995 373 3035 ac
388 2977 444 3036 Dei
458 2977 548 3036 nostri
562 2996 666 3053 corpus
689 2987 719 3036 et
736 2977 907 3054 sanguinem
928 3014 937 3035 .
959 3016 968 3034 .
991 3016 999 3034 .
1021 2978 1118 3054 aspice
1140 2976 1277 3046 Domine,

110 3066 235 3143 qniettpo
261 3073 340 3132 vesci
361 3092 490 3151 corpore,
508 3088 536 3132 et
561 3085 641 3132 tuum
664 3093 767 3151 corpus
795 3072 870 3132 effici
894 3072 939 3130 vis
961 3071 1093 3133 fideles.”
1135 3074 1170 3133 In
1185 3076 1278 3135 Missa

110 3156 173 3227 llll
184 3170 253 3229 seria
267 3171 295 3228 V
309 3172 339 3231 in
351 3191 433 3231 coena
446 3172 576 3241 Domini,
593 3184 658 3250 post
682 3170 831 3232 Sanctus.-
855 3171 968 3230 “Hanc
987 3172 1072 3249 igitur
1093 3172 1277 3243 oblationem,

109 3274 170 3333 lttn
179 3270 229 3328 tibi
240 3269 389 3330 offerimus
399 3271 436 3329 ob
447 3270 523 3330 diem
531 3271 635 3348 jejunii
645 3289 732 3328 coenae
745 3269 906 3337 dominice,
918 3268 948 3327 in
959 3286 1015 3342 qua
1026 3268 1168 3328 Dominus
1179 3281 1277 3332 nosoer

109 3352 170 3425 luna
183 3366 316 3427 Christus
330 3368 424 3427 Filius
439 3379 504 3428 tuus
519 3370 548 3428 in
562 3388 637 3428 novo
653 3368 839 3427 Testamenta
853 3365 1030 3424 sacrificandi
1044 3367 1128 3425 ritum
1142 3368 1275 3437 instituit,

109 3452 264 3543 lamponem
280 3476 309 3525 et
322 3466 432 3534 vinum,
447 3465 526 3543 (quae
540 3465 757 3525 Melchisedech
771 3465 801 3522 in
812 3462 1038 3541 prefiguratione
1049 3464 1135 3523 futuri
1145 3466 1275 3541 mysterii

109 3561 212 3623 meos
226 3562 389 3638 obtulerat),
399 3563 677 3623 inSacramentosui
692 3561 819 3639 corporis
832 3570 860 3619 et
868 3559 1015 3638 sanguinis
1026 3559 1254 3641 transformavit
1259 3584 1272 3633 ,·

54 3707 56 3743 ἰ
108 3664 256 3732 sanamus,
271 3660 407 3730 Domine,
419 3671 452 3720 ut
465 3662 590 3740 placatus
603 3659 756 3738 accipias.'’

54 3826 57 3839 Ι
135 3760 192 3819 280.
212 3759 472 3819 Sacramentarium
486 3758 677 3828 Gallicanum,
690 3759 720 3817 iu
733 3759 826 3818 Missa
833 3753 1120 3836 quodraginaimuli,
1131 3765 1273 3819 contesta-

54 3880 60 3937 ᾗ
109 3848 191 3917 Men
212 3858 313 3916 habet:
336 3854 454 3914 “Hune
477 3873 591 3933 panem,
612 3853 749 3923 Domine,
770 3854 853 3913 nobie
878 3852 1038 3912 ministrare
1067 3871 1125 3911 non
1146 3852 1271 3926 desinas,

54 3998 61 4035 ,
111 3962 171 4019 lttm
181 3965 213 4014 ut
223 3955 355 4014 sitiamus
370 3951 563 4034 (cinnomus)
579 3952 771 4012 indesinenter
783 3951 915 4020 hortaris,
931 3951 1012 4028 cujus
1027 3968 1111 4008 carne
1127 3971 1144 4008 a
1158 3963 1184 4010 ta
1206 3954 1271 4031 ipso

112 4052 253 4112 musea
275 4052 344 4112 dum
362 4052 515 4130 pascimur,
529 4053 705 4120 roboramur,
722 4063 751 4111 et
772 4051 910 4128 sanguine
931 4048 999 4108 dum
1020 4058 1163 4125 potamur,
1184 4051 1271 4110 ablui·

56 4176 59 4184 ⁴
114 4146 180 4205 Εἴθ’
217 4150 251 4209 lu
276 4150 369 4208 Missa
397 4149 429 4207 S.
458 4148 636 4228 sigismundi
662 4149 748 4227 regis,
774 4145 967 4208 contestatio:
998 4153 1076 4204 “tna
1096 4145 1170 4205 dona
1193 4159 1270 4213 sunt,

115 4226 304 4313 brumatin
318 4245 435 4304 nomine
449 4246 531 4304 electi
546 4247 586 4304 tui
596 4244 774 4324 sigismundi
789 4263 840 4322 per
853 4242 1084 4302 communionem
1100 4245 1227 4320 corporis
1242 4255 1270 4301 et

57 4377 69 4435 p
119 4338 228 4412 *minis
246 4342 367 4401 Domini
388 4342 477 4401 nostri
499 4339 570 4401 Jesu
592 4341 701 4401 Christi
712 4340 779 4400 Filii
793 4339 834 4398 tui
848 4359 864 4397 a
877 4338 983 4399 famulo
998 4349 1057 4407 tuo,
1069 4336 1126 4396 ills
1143 4348 1267 4415 tempes-

122 4430 274 4515 ffifiigora,
288 4440 410 4500 febrium
425 4439 555 4500 ardorem
569 4439 721 4518 repellas.’'

92 4572 97 4583 ³
177 4592 209 4659 il)
223 4594 282 4649 Illo:
299 4598 403 4650 itaolim
415 4599 580 4651 nominandus
591 4598 769 4663 designabatur,
780 4596 824 4664 qui
834 4596 913 4649 littera
922 4594 957 4648 N.
968 4609 1036 4647 nuno
1046 4590 1172 4644 indicatur.
1286 4650 1300 4673 θ

208 4680 277 4745 Vos.
297 4684 432 4746 ltu-19
