2774 5056
74 4674 110 4762 h.

132 276 193 335 2⁰4
432 276 489 337 DE
511 274 1040 341 TRANSUBSTAN'I'IATIONE.

174 440 241 497 187.
266 434 334 517 obj.
345 439 396 495 25.
417 435 452 495 In
467 434 536 495 fidoi
549 435 673 495 formula
686 436 733 495 oui
747 435 938 514 Berengarius
958 436 1130 514 subscripsit
1143 453 1222 495 snno
1244 434 1336 503 105⁹,

131 531 164 591 in
187 532 311 592 concilio
331 532 464 593 Romano
484 543 598 592 centurn
620 532 755 591 tredcolm
776 534 990 612 episcoporum,
1006 532 1128 612 preside
1149 530 1334 595 Nicolaodl.

132 627 237 688 dicitur
255 647 354 689 verum
367 648 472 707 corpus
486 640 515 689 et
528 630 697 707 sanguinem
713 628 824 689 Christi
838 631 1038 690 “sensualiter
1058 649 1116 691 non
1129 629 1225 689 solnm
1240 648 1337 688 sacra·

131 734 238 794 mento,
252 723 343 785 sedin
357 726 473 787 veritate
484 727 614 784 manibus
627 725 807 786 sacerdotum
822 729 942 798 tractari,
961 728 1062 806 frangi,
1077 738 1107 786 et
1119 726 1248 787 fidelium
1262 726 1336 786 den·

132 823 208 883 tibus
219 823 346 882 atteri.”¹
386 824 420 883 ld
434 836 529 883 antem
543 843 628 883 nemo
638 825 700 902 jam
714 835 801 884 tenet.

180 919 269 999 Resp.
321 930 340 959 ‘⁴
353 921 543 1000 intelligentia
580 921 721 981 dictorum
756 941 794 982 ex
829 925 924 983 causis
951 934 996 983 est
1022 923 1162 983 sumenda
1189 922 1339 984 dicendi.'’

132 1019 333 1097 Berengarius‚
348 1029 380 1078 ut
392 1039 474 1079 suam
486 1020 619 1079 heresim
631 1021 745 1090 celaret,
760 1040 864 1099 corpus
879 1032 908 1081 et
919 1022 1087 1100 sanguinem
1099 1021 1202 1081 adesse
1213 1023 1244 1081 in
1255 1022 1339 1083 altari

131 1127 197 1196 post
222 1118 467 1177 consecrationem
496 1116 648 1191 aliquando
678 1118 870 1194 profitebatur,
900 1119 1062 1197 intelligens
1089 1138 1124 1177 ea
1151 1108 1335 1181 sacramento

132 1213 246 1283 adesse,
260 1215 344 1294 signo
359 1214 478 1283 scilicet,
500 1213 575 1272 hand
596 1215 637 1273 rei
659 1215 786 1273 veritate.
829 1215 870 1295 Ut
892 1216 978 1294 igitur
998 1234 1065 1274 vero
1084 1228 1113 1274 et
1133 1216 1335 1275 substantialis

130 1322 331 1388 agnosceretur
345 1312 506 1389 prasentia,
527 1321 642 1370 coactus
663 1322 707 1370 est
728 1310 808 1371 fateri
828 1310 899 1370 illud
915 1331 981 1371 vere
1001 1312 1132 1371 manibus
1152 1313 1339 1373 sacerdotum

130 1410 251 1477 tractari,
267 1409 368 1488 frangi,
383 1408 552 1467 stfidelium
575 1408 707 1467 dentibus
733 1409 825 1467 atteri.
867 1410 942 1468 Hoec
967 1419 1073 1478 umen,
1099 1409 1188 1469 instar
1209 1410 1339 1489 plurium

130 1525 194 1581 quae
215 1526 253 1566 ex
281 1506 495 1584 chrysostomo
516 1506 705 1576 laudavimus,
727 1506 923 1584 intelliguntur
950 1505 985 1565 de
1007 1525 1126 1584 corpore
1148 1505 1263 1565 Christi
1282 1509 1339 1567 sub

130 1605 281 1681 speciebus
308 1603 571 1662 sacramentalibus.
615 1603 699 1662 Nihil
723 1602 809 1680 igitur
829 1602 860 1662 in
880 1622 915 1662 ea
934 1603 1056 1663 formula
1086 1602 1243 1663 affirmatur
1257 1603 1340 1681 quod

132 1700 290 1761 Catholicae
302 1701 370 1759 fidei
382 1720 439 1761 non
451 1702 489 1759 sit
502 1720 672 1761 consonum.

175 1802 240 1859 188.
266 1798 332 1878 obj.
355 1803 405 1858 26.
441 1798 719 1858 Transubstnntiatio
746 1799 863 1858 nonnisi
884 1819 901 1858 a
921 1799 1045 1860 concilio
1065 1799 1253 1861 Lateraoensi
1274 1800 1330 1859 IV.

130 1906 273 1971 tamquam
288 1898 392 1975 dogma
405 1898 552 1975 proposita
573 1909 601 1957 et
620 1897 736 1957 definita
750 1907 818 1956 est:
841 1898 950 1959 nullum
965 1909 1059 1958 sutem
1086 1897 1242 1959 concilium
1263 1898 1341 1959 valet

130 2012 236 2054 uorum
253 2013 306 2053 suo
321 1994 434 2053 arbitrio
448 1994 551 2053 cudere
563 1992 676 2072 dogma.

170 2091 260 2171 Resp.
282 2091 395 2169 Dogma
406 2091 482 2165 quod
497 2110 567 2150 voce
581 2091 629 2149 illa
640 2092 809 2169 exprimitur
822 2092 857 2150 ab
871 2092 953 2152 initio
967 2092 1108 2153 Ecclesiae
1123 2102 1168 2152 est
1188 2091 1336 2160 traditum,

131 2191 172 2248 uti
186 2208 223 2249 ex
242 2199 284 2248 tot
302 2208 366 2263 quae
393 2187 571 2248 laudavimus
592 2189 763 2247 testimoniis
784 2189 893 2262 liquet:
916 2208 973 2248 vox
996 2190 1062 2268 ipsa
1082 2202 1147 2250 ants
1169 2189 1339 2250 Concilium

130 2288 322 2347 Laterancnse
337 2296 381 2345 est
391 2296 535 2365 usurpata,
545 2296 658 2345 centum
669 2285 769 2345 saltem
780 2287 862 2351 annis
873 2305 890 2344 a
901 2287 1049 2365 Stephano
1061 2286 1337 2366 Augustoduncnsi:

132 2383 288 2443 “Oramus
303 2394 335 2443 ut
348 2384 428 2442 cibus
439 2384 589 2443 hominum
603 2383 653 2442 fiat
666 2383 747 2442 cibus
761 2383 948 2462 Angelorum,
965 2385 1075 2443 scilicet
1085 2396 1117 2443 ut
1129 2384 1237 2443 oblatio
1253 2385 1339 2462 panis

131 2482 231 2540 etvini
246 2482 509 2540 transubstantietur
523 2481 551 2540 in
567 2498 671 2559 corpus
686 2489 715 2538 et
728 2481 895 2556 sanguinem
910 2478 981 2540 Jesu
994 2479 1151 2539 christiss’·
1187 2481 1239 2539 Sic
1249 2482 1337 2540 etiam

132 2579 228 2656 plnres
242 2579 290 2637 alii
304 2597 366 2636 cam
383 2578 577 2637 adhibuerant.
621 2576 765 2635 Oaeterum
789 2578 871 2635 licuit
885 2589 960 2636 certe
975 2579 1098 2637 concilio
1114 2597 1214 2637 vocem
1229 2598 1337 2638 novam

132 2676 265 2734 adhibere
282 2675 316 2732 ad
343 2686 423 2733 vetus
446 2674 649 2733 enuntiandum
671 2672 785 2751 dogma,
801 2686 954 2752 postquam
976 2677 1112 2745 haeretioi,
1129 2696 1234 2735 vocum
1249 2678 1340 2736 ambi·

134 2773 240 2849 gnitate
254 2773 310 2840 usi,
326 2771 432 2848 dogma
446 2773 665 2849 impugnarunt3
682 2771 758 2844 quod
773 2783 802 2829 ct
814 2773 882 2831 fecit
897 2774 925 2830 N
930 2774 1050 2832 ioaenum
1064 2774 1217 2832 concilium
1235 2784 1256 2811 ‘⁶
1270 2794 1341 2834 oon·

132 2870 368 2929 substantialem”
385 2871 533 2928 Christum
555 2870 735 2947 appellando.
779 2881 797 2906 “
813 2874 859 2930 Αη
887 2873 1011 2931 novitate
1033 2872 1225 2941 offenderis‚''
1244 2875 1341 2947 inquit

132 2970 163 3026 S.
180 2967 364 3035 Athanasius,
381 2977 400 3004 ‘⁸
413 2987 447 3025 an
464 2969 547 3026 etiam
564 2971 606 3026 rei
619 2969 710 3045 ipsius
732 2969 891 3036 veritatem,
908 2988 971 3042 quae
992 2970 1048 3028 hoo
1068 2982 1113 3028 est
1133 2972 1234 3029 sortita
1255 2989 1340 3030 voca·

131 3067 240 3133 bulum,
255 3066 384 3141 refugis?
427 3065 485 3123 Res
501 3067 578 3124 enim
593 3067 709 3139 antiqua
722 3085 828 3124 novum
845 3068 1014 3125 vocabulum
1036 3068 1156 3144 accepit,
1173 3088 1232 3126 non
1255 3088 1341 3128 voca-

132 3165 198 3224 bulo
212 3166 253 3224 rei
269 3170 371 3224 veritas
385 3166 506 3224 accessit
509 3207 641 3224 .....
664 3165 788 3224 Etiamsi
798 3185 884 3223 voces
899 3167 938 3224 ita
952 3167 981 3224 in
992 3167 1139 3244 Scriptura
1153 3186 1211 3226 non
1227 3178 1340 3236 extent,

131 3264 272 3325 sententia
286 3276 380 3322 tamen
396 3282 481 3337 qnam
496 3263 651 3331 continent,
667 3282 731 3321 vere
744 3263 773 3320 in
790 3264 943 3340 Scripturis
958 3263 1124 3321 habetur.”⁸
1150 3290 1152 3296 ·

173 3365 240 3419 189.
267 3359 333 3439 obj.
349 3367 399 3421 27.
421 3361 525 3419 intima
541 3360 588 3417 illa
613 3360 710 3418 relatio
724 3361 806 3436 panis
822 3360 923 3417 etvini
949 3358 984 3417 ad
999 3379 1103 3436 corpus
1119 3370 1147 3417 et
1162 3363 1340 3438 sanguinem

132 3460 252 3528 Christi,
275 3479 396 3533 quorum
423 3461 638 3518 consecratione
659 3460 730 3517 fiunt
757 3458 903 3534 symbola,
925 3478 1011 3516 causa
1031 3458 1084 3517 suit
1105 3477 1155 3516 our
1176 3477 1211 3516 ea
1232 3460 1338 3520 fideles

132 3578 321 3637 magnacum
343 3559 525 3616 veneratione
554 3557 831 3636 contemplarentur:
854 3555 929 3615 unde
950 3576 1002 3633 per
1031 3557 1136 3614 saecula
1157 3558 1342 3618 tenebricosa

135 3658 234 3734 opinio
249 3657 397 3715 Paschasii
411 3658 518 3715 sensim
535 3659 597 3715 sine
612 3675 699 3716 sensu
714 3656 845 3724 obtinuit,
862 3654 954 3713 donee
967 3654 1079 3713 tandem
1100 3656 1181 3714 nefas
1206 3656 1342 3719 habitum

133 3756 172 3812 sit
191 3753 226 3812 de
241 3773 275 3811 ca
288 3754 425 3812 dubitare.

171 3848 260 3927 Resp.
283 3851 395 3908 Relatio
410 3851 458 3908 illa
478 3851 560 3908 facile
575 3850 725 3929 effugisset
746 3851 945 3928 plerorumque
961 3862 1097 3917 mentem,
1113 3850 1170 3908 nisi
1184 3871 1200 3909 a
1215 3853 1340 3929 pastori·

132 3949 185 4006 bus
200 3947 339 4006 Eoolcsiae
355 3948 455 4006 fuisset
466 3950 627 4025 saepissime
637 3950 786 4007 inculcata.
828 3948 952 4006 Facilius
964 3947 1069 4006 idcirco
1080 3948 1221 4008 oblivioni
1235 3951 1342 4011 fuisset

131 4154 211 4198 tontes
222 4144 271 4211 pris
283 4145 313 4196 ds
328 4143 431 4208 l’Eglise
443 4145 562 4195 Romoins
574 4146 598 4195 la
614 4145 648 4196 foi
660 4146 690 4196 do
701 4147 725 4195 la
735 4145 985 4205 transubstantiation,
996 4145 1055 4194 ellos
1072 4144 1211 4196 n'auraient
1221 4147 1301 4198 voulu
1318 4150 1342 4202 ls

130 4233 211 4284 suivrs
227 4231 288 4281 dans
300 4248 381 4281 aucun
393 4232 435 4281 des
446 4239 527 4282 autres
537 4248 600 4297 pour
610 4233 715 4297 lesqusls
725 4232 783 4281 elles
795 4247 821 4280 se
833 4239 889 4280 sont
900 4229 1004 4281 dinsess
1015 4229 1109 4281 d’elle.’'
1144 4231 1182 4282 Lo
1198 4231 1340 4299 perpessure

131 4323 161 4372 de
171 4323 195 4373 ls
206 4320 240 4372 soi
251 4328 268 4370 t.
280 4320 297 4370 i.
308 4320 323 4369 l.
334 4319 369 4369 ix.
380 4336 401 4369 c.
413 4320 448 4368 xi.

168 4408 210 4473 (l)
231 4406 306 4472 Apud
318 4405 453 4455 Boronium
465 4406 590 4457 annalium
603 4406 662 4456 tsi.
674 4406 705 4455 ad
716 4421 810 4456 annum
824 4405 896 4454 1059.

168 4494 212 4557 (2)
232 4492 271 4542 De
283 4493 350 4542 Sscr.
361 4492 412 4541 Ait.
421 4508 442 4541 c.
454 4491 488 4540 iii.

168 4580 212 4644 (³)
233 4578 272 4629 De
282 4579 385 4630 decretis
396 4578 490 4644 synodi
498 4577 555 4628 Nic.
