2774 5056
380 301 708 367 INDULGENTIAS
729 301 1022 367 GONGEDENDI.
1241 311 1300 368 sat

136 465 185 522 te.
210 460 280 542 obj.
294 465 324 521 2.
348 462 483 522 Christos
497 463 607 542 ligandi
620 473 650 521 et
662 463 793 522 solvendi
807 472 976 540 potestatem
991 463 1143 542 pollicens,
1159 465 1301 527 manendi

88 576 211 635 quoqne
224 569 254 619 et
267 559 433 620 remittendi
448 572 575 639 peecata,
591 560 669 620 illam
684 560 896 620 distinctionem
913 561 986 621 inter
1001 562 1116 639 culpam
1136 573 1165 623 et
1186 582 1300 641 poenam
1367 544 1371 553 ⁸

89 674 153 716 non
167 656 275 725 statuit,
291 674 345 719 nec
359 657 434 715 inter
447 656 655 716 absolutionem
669 657 903 716 sacramentalem
917 677 934 716 a
946 658 1042 736 eulpa,
1058 667 1088 717 et
1100 660 1300 719 remissionem

89 773 187 835 paene
201 763 283 814 extra
296 764 517 815 sacramentum.

133 849 225 928 Resp.
251 849 388 909 Christus
409 851 601 928 amplissimis
622 851 715 910 verbis
737 852 933 910 auctoritatem
948 851 1062 912 tradidit
1075 872 1139 928 qum
1153 856 1239 914 variis
1260 874 1301 915 ra·

91 947 222 1008 tionibus
236 948 399 1007 exercenda
408 958 462 1006 cst.
491 949 713 1007 Distinctionem
728 949 842 1026 culpam
856 950 929 1008 inter
939 960 968 1008 et
979 969 1094 1028 poenam
1109 971 1228 1012 necesse
1242 972 1300 1014 non

91 1052 157 1103 erat
176 1053 312 1112 statuere,
339 1045 499 1103 innotuerat
520 1045 598 1104 enim
623 1063 661 1104 ex
687 1043 785 1102 divina
812 1047 973 1105 ‹anonomia
993 1065 1060 1124 erga
1082 1058 1248 1125 peccatores
1270 1051 1299 1109 in

92 1139 252 1216 Scripturis
267 1141 410 1199 veteribus
426 1141 522 1199 relata.
545 1139 691 1199 Gaeterum
706 1141 799 1199 verbis
816 1141 990 1218 specialibus
1005 1142 1118 1202 tradidit
1132 1155 1301 1222 potestatem

92 1236 258 1296 remittendi
273 1248 399 1315 peccata,
414 1255 479 1311 quse
493 1238 585 1315 culpoe
603 1248 712 1296 reatum
734 1237 840 1297 directe
860 1240 988 1317 respicit,
1004 1260 1103 1318 peenas
1124 1244 1240 1302 nonnisi
1258 1245 1301 1303 in·

92 1333 213 1392 directe.
256 1333 354 1401 Quum
375 1343 469 1392 autem
495 1335 588 1411 culpae
609 1333 741 1392 remissio
762 1336 880 1410 gratiam
895 1345 924 1393 et
939 1336 1081 1413 justitiam
1099 1357 1199 1398 secum
1219 1339 1300 1409 serat,

93 1441 306 1491 sacramentum
321 1431 440 1490 babetur
453 1431 523 1490 ritus
539 1450 597 1504 quo
611 1449 645 1489 ea
659 1432 818 1508 contingitr
840 1431 978 1492 relaxatio
1001 1433 1067 1493 verd
1093 1455 1185 1513 poenae
1208 1447 1303 1514 potest

92 1539 176 1589 extra
190 1538 400 1589 sacramentum
414 1529 487 1597 fieri,
504 1529 571 1603 quia
585 1530 617 1587 fit
631 1529 739 1601 absque
754 1548 829 1589 nove
844 1531 942 1607 gratim
957 1531 1119 1593 collatione.
1161 1535 1302 1612 igiturex

93 1628 190 1687 verbis
206 1627 318 1686 Christi
331 1637 408 1686 recte
428 1627 578 1687 inferimus
600 1637 729 1704 pastores
754 1629 897 1688 Ecclesiae
924 1649 1011 1706 posse
1034 1633 1133 1709 culpas
1154 1642 1183 1692 et
1202 1652 1301 1711 poenas

93 1725 250 1794 remittere,
266 1725 426 1802 prasertim
441 1743 529 1799 quum
544 1735 689 1803 precepto
709 1725 799 1803 ligent
819 1725 854 1783 ad
876 1745 976 1803 poenas
997 1729 1199 1790 satisfactionis
1214 1732 1303 1792 instar

92 1823 228 1887 luendas.

136 1926 185 1982 tt.
212 1918 278 2000 ooj.
294 1926 323 1981 ³.
345 1921 491 1998 Martyres
514 1939 615 1998 pacem
637 1919 726 1997 lapsis
752 1921 919 1989 tribuentes,
946 1923 991 1981 rel
1012 1923 1207 2001 impetrantes,
1223 1944 1301 1986 eom·

92 2020 263 2081 munionem
279 2019 432 2090 Ecclesiae,
447 2039 506 2081 non
520 2018 586 2079 verb
602 2039 694 2097 poene
707 2020 828 2099 alicujus
843 2038 939 2079 coram
960 2020 1025 2080 Deo
1046 2024 1247 2085 remissionem
1264 2025 1301 2083 iis

91 2119 290 2178 obtinuerunt.
331 2119 394 2176 Eos
414 2118 499 2177 etiam
526 2117 649 2195 grauiter
676 2119 819 2194 increpuit
846 2119 1013 2195 Cyprianus
1042 2119 1079 2179 ob
1099 2139 1227 2180 eversam
1249 2121 1302 2181 hac

92 2217 204 2276 ratione
220 2213 414 2293 disciplinam,
430 2217 490 2274 imo
504 2215 561 2274 Dei
575 2215 668 2293 legem
684 2215 829 2273 violatam.

134 2311 226 2389 Resp.
242 2312 348 2371 Pacem
358 2312 630 2370 etcommunionem
642 2311 784 2369 Ecclesia
795 2330 860 2370 eum
872 2312 1007 2370 omnibns
1018 2331 1081 2386 quoe
1092 2314 1245 2372 amiserant
1255 2315 1302 2374 de·

92 2409 218 2469 sectione
224 2408 289 2487 jura
298 2419 437 2485 martyres
450 2408 538 2485 lapsis
550 2408 748 2485 impetrabant.
765 2408 884 2475 Quoties
896 2407 968 2475 haec,
977 2408 1057 2485 justa
1067 2420 1185 2486 urgente
1198 2429 1300 2478 causa,

92 2506 237 2565 dabantur
262 2505 393 2583 praesulis
414 2506 590 2573 auctoritate,
612 2524 647 2562 ea
667 2505 782 2580 agnovit
805 2504 972 2582 Cyprianus
992 2505 1066 2583 apud
1089 2506 1182 2564 Deum
1196 2506 1301 2565 valere:

94 2603 178 2678 “qui
192 2601 308 2662 libellos
328 2622 346 2660 a
359 2602 532 2679 martyribus
547 2610 730 2680 aeceperunt,
752 2612 781 2660 et
800 2603 1097 2679 praerogativaeorum
1112 2602 1188 2680 apud
1203 2603 1300 2663 Deum

95 2698 228 2777 adjurari
254 2710 385 2777 possunt,
410 2700 435 2756 si
456 2699 640 2758 incommodo
662 2699 760 2772 aliquo
781 2708 811 2756 et
837 2699 1009 2758 infirmitatis
1028 2701 1156 2778 periculo
1169 2703 1301 2778 occupati

96 2796 215 2865 fuerint,
230 2814 289 2855 non
313 2805 463 2874 expectata
487 2796 640 2874 praesentia
660 2808 757 2854 nostra
778 2794 855 2872 apud
875 2797 1074 2874 presbyterum
1091 2816 1302 2873 quemcumque

96 2906 271 2975 praesentem
292 2937 300 2955 .
324 2937 333 2955 .
356 2937 364 2954 .
387 2936 396 2953 .
418 2894 637 2973 exomologesin
653 2895 748 2953 iacere
762 2893 858 2953 delicti
873 2895 918 2954 sui
939 2895 1071 2973 possint;
1094 2907 1124 2954 ut
1148 2916 1234 2957 manu
1260 2899 1302 2956 eis

94 2994 126 3054 in
141 2993 340 3072 peonitentiam
354 2993 490 3072 imposita
503 2993 619 3051 veniant
639 2991 673 3050 ad
694 2992 854 3051 Dominum
876 3011 941 3051 cum
957 3012 1037 3070 pace,
1053 3013 1138 3067 quarn
1156 2994 1216 3053 dari
1231 3014 1302 3053 mar·

93 3101 174 3168 tyres
188 3090 290 3148 litteris
305 3086 342 3147 ad
358 3107 412 3148 nos
426 3088 508 3148 sactis
523 3088 802 3147 desideraverunt.”²
842 3089 906 3148 Pax
928 3090 1013 3165 igitur
1036 3090 1120 3166 plena
1135 3102 1194 3149 erat
1208 3092 1301 3158 venia,

81 3185 211 3262 ‘quando
225 3184 342 3248 dabatur
354 3204 421 3245 vere
436 3185 595 3263 pmuitenti,
607 3195 636 3242 et
649 3203 761 3257 aequam
776 3187 814 3244 ob
827 3204 953 3243 eausam.
983 3186 1127 3245 Caeterum
1142 3188 1242 3246 leviter
1256 3199 1302 3246 et·

94 3299 207 3347 temere
234 3285 329 3345 oblata
353 3283 513 3362 discipline
541 3294 571 3343 et
591 3283 744 3360 Evangelii
765 3284 856 3360 vigori
879 3284 1098 3352 adversabatur;
1131 3298 1304 3362 quapropter

95 3385 200 3446 merito
214 3394 334 3459 questus
348 3394 394 3442 est
407 3393 523 3442 sanctus
544 3383 592 3441 ille
613 3382 720 3460 praesul
733 3381 768 3439 de
783 3381 872 3439 nimia
893 3395 1051 3458 martyrum
1066 3382 1254 3455 quorumdam
1270 3385 1299 3443 in

94 3481 278 3560 porrigendis
290 3481 422 3560 precibus
437 3479 472 3538 ad
494 3498 557 3538 eam
573 3478 780 3556 impetrandam
794 3477 939 3536 facilitate.

139 3583 187 3638 18.
213 3576 281 3657 obj.
296 3581 326 3637 t.
348 3577 495 3656 Episcopi
508 3595 649 3637 canonum
663 3561 824 3636 relaxantes
838 3577 1020 3636 severitatem
1030 3577 1104 3636 nibil
1117 3576 1153 3636 de
1165 3578 1222 3637 Dei
1231 3578 1305 3656 juri·

95 3679 151 3738 bus
162 3676 195 3735 in
209 3684 377 3753 peccatores
391 3675 582 3742 remiserunt;
597 3673 650 3733 sed
664 3674 813 3733 christiani
823 3673 949 3734 hominis
962 3675 1111 3754 privilegia
1121 3677 1306 3736 restituerunt
1366 3694 1377 3711 .

94 3773 257 3855 poenitenti,
272 3772 387 3833 indiciis
401 3774 516 3833 eximiis
531 3772 636 3832 doloris
652 3772 735 3831 datis.

135 3872 228 3951 Reap.
247 3873 345 3941 Quum
366 3883 480 3931 constet
499 3889 537 3930 ex
562 3870 641 3930 libris
663 3871 906 3948 poenitentialibus
928 3883 957 3930 et
984 3890 1021 3930 ex
1042 3884 1155 3948 patrum
1176 3875 1303 3952 scriptis,

95 3990 197 4051 poenas
206 3991 223 4030 a
233 3969 391 4030 canonibus
403 3970 583 4048 prescriptas
595 3969 796 4028 satisfactionis
809 3970 873 4028 Deo
884 3969 984 4029 obtare
995 3969 1130 4030 habuisse
1142 3973 1280 4031 rationem
1292 3991 1300 4040 ;

95 4089 241 4131 canonum
263 4071 316 4129 bac
337 4081 474 4146 exparte
495 4069 632 4131 relaxatio
653 4088 801 4146 paenarum
830 4070 955 4146 peccatis
982 4069 1139 4128 debitarum
1168 4073 1303 4129 remissio

95 4168 241 4230 censenda
264 4179 318 4228 est.
360 4167 580 4235 Pmnitentibus,
602 4166 652 4240 qui
672 4167 773 4245 majori
793 4167 901 4226 doloris
922 4170 951 4224 vi
973 4167 1145 4245 plangebant
1165 4168 1304 4240 admissa,

95 4267 184 4326 venia
197 4267 299 4325 merito
312 4260 429 4324 dabatur
442 4263 564 4332 facilins,
577 4274 675 4340 utpote
685 4263 775 4341 magis
790 4262 901 4323 idoneis
913 4263 940 4322 ei
952 4264 1142 4342 suscipiendae
1156 4286 1164 4324 ε
1182 4285 1303 4340 quorum

96 4374 218 4425 conatus
233 4361 384 4441 potestatis
399 4381 415 4420 a
430 4360 548 4419 Obristo
562 4359 633 4418 date
647 4360 784 4420 exercitio
799 4358 932 4439 adjuvare
946 4362 1106 4439 prestabat.

140 4466 189 4522 te.
216 4461 284 4544 obj.
299 4466 328 4521 o.
350 4458 608 4537 Indulgentiarum,
632 4458 732 4533 quales
757 4459 788 4516 in
808 4459 898 4518 veteri
918 4459 1061 4520 Ecclesia
1083 4462 1304 4539 usurpabantur,

366 4637 410 4705 (l)
429 4635 479 4703 Ep.
489 4633 543 4687 xiii.
554 4634 585 4686 ad
596 4635 748 4702 presbyteros
757 4640 783 4686 et
793 4631 912 4687 dissonos
923 4633 1041 4701 carthag.
