2774 5056
247 302 304 365 DE
324 302 618 373 COMMUNIONE
640 305 719 365 SUB
741 305 943 375 UTRAQUE
966 305 1126 369 sunem.
1225 312 1283 367 243

77 463 217 527 inclusas
230 463 345 522 domum
356 481 452 522 seeum
468 462 619 532 deferrent,
633 482 739 537 easque
754 465 813 523 suis
829 465 958 523 manibus
972 465 1142 543 reciperent,
1154 465 1283 526 sacerdo·
1373 538 1381 554 ἱ

80 563 124 623 tis
145 561 237 638 copia.
252 560 301 633 qni
322 559 554 619 communionem
570 560 627 619 illis
647 561 794 637 praeberet,
810 560 885 620 haud
896 571 1073 639 suppetente.
1116 563 1285 622 Tertulliani

84 656 183 717 rerba
190 656 248 733 jam
263 656 412 714 citavimus
426 655 463 714 de
476 665 623 733 pausante
637 675 753 716 omnem
766 658 862 715 cibum
875 656 1021 735 gustando.
1066 658 1097 717 S.
1120 658 1285 735 Cyprianus

89 752 185 813 dicit:
205 761 224 788 “
237 751 314 811 Onm
327 751 457 826 quadam
471 772 563 811 arcam
578 772 670 823 suam,
686 755 715 812 in
730 772 785 828 qua
800 754 918 814 Domini
932 764 1060 813 sanctum
1074 755 1137 823 luit,
1152 757 1284 815 manibus

84 848 215 927 indignis
230 858 365 909 tentasset
379 851 497 927 aperire,
513 851 578 927 igne
593 850 659 909 indo
669 860 802 928 surgente
817 851 949 910 deterrita
962 863 1015 919 est,
1025 870 1061 909 nc
1076 851 1191 910 auderet
1202 854 1285 912 attin·

97 947 208 1027 gere.”¹
234 946 389 1006 Monachis
401 948 430 1007 in
446 966 551 1017 eremo,
567 950 625 1007 imo
639 948 769 1008 fidelibus
780 949 921 1008 universis
931 949 961 1008 iu
972 949 1115 1027 AEgypto‚
1128 948 1156 1006 id
1171 968 1287 1008 conces-

100 1062 163 1103 sum
175 1043 296 1103 Basilius
310 1055 421 1103 narrat:
445 1054 464 1081 ‘⁶
477 1044 522 1103 llli
536 1064 636 1104 omnes
652 1047 700 1119 qui
713 1065 762 1123 per
776 1064 888 1106 eremos
903 1047 989 1105 vitam
1004 1050 1189 1105 monasticam
1205 1047 1285 1105 insti-

104 1152 188 1212 tuunt,
207 1143 255 1201 ubi
275 1143 361 1220 copia
382 1162 440 1202 non
467 1145 592 1221 suppetit
612 1144 775 1213 sacerdotis,
798 1163 864 1203 cum
885 1143 1006 1202 habeant
1032 1143 1111 1202 dorni
1130 1159 1287 1202 commmu·

107 1237 218 1307 monem,
239 1239 275 1298 de
303 1241 363 1298 suis
382 1241 512 1299 manibus
531 1240 609 1300 illam
633 1240 803 1318 percipiunt.
845 1239 1027 1299 Alexandria
1059 1251 1152 1299 autern
1182 1250 1210 1299 ct
1237 1258 1288 1318 per

114 1333 257 1414 AEgyptum
268 1338 467 1411 unusquisque
482 1339 565 1397 etiarn
581 1337 616 1396 de
631 1339 723 1415 plebe,
737 1338 934 1415 utplurimum
950 1337 1034 1395 habet
1047 1336 1125 1396 domi
1136 1356 1195 1395 suae
1210 1355 1287 1396 com·

114 1430 258 1491 munionem
261 1473 396 1491 .....
418 1431 494 1491 Nam
509 1444 538 1493 et
562 1433 592 1492 in
615 1433 748 1492 Ecclesia
769 1433 831 1512 ipse
845 1432 977 1491 sacerdos
991 1442 1098 1509 partem
1120 1431 1243 1505 aliquam
1256 1434 1286 1491 in

117 1544 198 1586 manus
210 1528 303 1597 tradit,
319 1537 347 1586 et
360 1527 438 1587 illam
453 1502 640 1606 apprehendit
653 1530 703 1603 qni
717 1531 839 1608 percipit
852 1549 917 1588 curn
929 1531 1009 1589 omni
1034 1529 1123 1587 libera
1137 1539 1287 1606 potestate,

118 1632 183 1696 atque
194 1627 230 1683 ita
244 1626 304 1683 suis
321 1625 444 1702 propriis
458 1626 589 1685 manibus
605 1625 725 1685 eandem
739 1646 792 1685 suo
807 1628 849 1686 ori
863 1626 1004 1685 admotam
1026 1625 1173 1703 ingerit.”⁹
1213 1625 1288 1684 Nar·

118 1726 150 1776 rat
169 1721 330 1781 Ambrosius
352 1721 465 1780 fratrem
493 1741 576 1781 snum
599 1722 734 1800 Satyrum
755 1742 771 1781 e
792 1722 937 1800 naufragio
952 1723 1077 1781 evasisse
1099 1722 1284 1790 incolumem,

119 1816 191 1878 hostia
212 1839 291 1879 sacra
315 1818 389 1879 collo
416 1820 546 1899 alligata:
585 1830 603 1857 ⁸⁶
614 1821 731 1880 Etenim
751 1821 835 1898 ligari
861 1821 928 1891 fecit
948 1821 977 1878 in
991 1821 1094 1887 orario,
1115 1830 1143 1879 et
1163 1821 1288 1880 orarium

121 1914 215 1977 urolvit
227 1919 257 1979 in
271 1917 357 1987 collo,
372 1926 455 1993 atquc
469 1919 508 1977 ita
521 1936 552 1977 se
566 1917 669 1995 dejecit
683 1920 713 1977 in
734 1937 821 1988 mare,
836 1936 895 1977 non
909 1919 1055 1992 requirens
1071 1918 1199 1979 denaris
1213 1937 1291 1977 oom-

121 2018 334 2093 pagtrosolutam
350 2017 483 2085 tabulam,
498 2016 545 2074 oui
569 2027 755 2094 supernatans
772 2018 929 2096 juvaretur,
946 2017 1081 2094 quoniam
1108 2016 1175 2074 fidei
1197 2016 1288 2075 solius

123 2115 380 2190 nnaquaesierat.”³

147 2214 204 2271 309.
224 2213 346 2273 Publica
360 2212 444 2270 etiam
456 2212 621 2271 communio
640 2211 792 2286 aliqnando
806 2212 892 2270 fiebat
905 2210 958 2269 sub
971 2228 1028 2268 una
1040 2210 1146 2287 specie,
1161 2209 1290 2268 libertate

120 2308 239 2384 musque
249 2308 420 2386 recipiendae
433 2309 600 2385 plerumque
616 2309 839 2385 suscipientibus
855 2308 961 2365 relicta.
1004 2307 1108 2364 Narrat
1123 2304 1289 2383 Cyprianus

72 2388 79 2513 'l
119 2402 240 2473 honinem
254 2408 425 2467 maculatum
441 2406 571 2474 crimine,
587 2406 713 2465 cinerem
729 2424 760 2463 se
776 2405 907 2463 manibus
921 2404 1003 2472 serre,
1019 2413 1135 2480 accepta
1148 2403 1291 2461 eucharis-

121 2502 312 2577 hinrenisso,
327 2506 404 2566 dono
414 2506 520 2565 caelesti
534 2507 570 2564 ob
584 2505 693 2564 crimen
707 2504 834 2563 sublato:
859 2502 954 2580 “lpse
969 2503 1135 2572 maculatos,
1148 2501 1290 2562 sacrificio

121 2606 267 2667 aamerdote
282 2606 432 2672 celebrato,
447 2621 548 2681 panem
564 2622 630 2662 cnm
644 2602 752 2661 ceteris
767 2620 852 2659 ausus
867 2611 911 2659 ost
922 2601 1039 2659 latenter
1050 2601 1188 2679 accipere,
1201 2619 1288 2660 sanc·

90 2682 93 2689 Ι
121 2702 288 2763 mDomur
308 2701 403 2768 edere,
418 2710 448 2759 et
466 2709 639 2758 contrectare
667 2716 725 2758 non
745 2697 855 2776 potnit:
886 2698 1010 2775 cinerem
1028 2697 1101 2756 ferre
1129 2716 1160 2755 se
1181 2697 1287 2775 apertis

89 2844 92 2851 .
120 2790 227 2875 lienibus
246 2796 403 2858 invenit.'’⁴
444 2798 625 2855 sozomenus
639 2805 668 2853 et
681 2796 865 2871 Nicephorus
887 2804 1002 2854 narrant
1022 2795 1170 2854 mulierem
1196 2795 1293 2853 Mace·

86 2904 97 2935 ·'
121 2888 259 2965 brionam,
270 2898 332 2955 viro
339 2896 400 2973 jam
423 2892 457 2951 ad
480 2893 566 2951 fidem
581 2892 759 2951 catholicam
780 2909 919 2951 converso
933 2901 965 2950 nt
978 2892 1189 2970 gratificaretur,
1204 2893 1295 2952 simu·

121 2988 175 3053 lasso
195 2995 372 3055 eucharistie
393 3013 410 3050 a
430 2990 560 3050 manibus
575 2991 606 3049 S.
621 2990 742 3049 loannis
765 2989 970 3067 chrysostomi
998 2991 1203 3069 receptionem,
1224 3010 1289 3051 earn

120 3090 205 3154 aiios
224 3074 323 3154 ¹tritanu
349 3103 494 3168 acceptam
526 3087 1062 3159 ῐθῒίυυὶῐ-ἂπέρέδεξσκτοκατέχουσα-ει
1093 3092 1136 3150 ori
1164 3090 1291 3150 admovit

72 3176 75 3247 l
119 3204 210 3263 mnam,
223 3208 311 3265 quern
325 3188 411 3247 domo
425 3186 552 3244 attulerat
566 3185 677 3252 ancilla,
693 3184 744 3243 sed
759 3204 831 3262 pane
846 3184 1051 3244 obdurescente
1066 3186 1152 3243 instar
1170 3184 1284 3262 lapidis,

81 3350 84 3357 ,
119 3290 309 3351 ttmadfidem
324 3288 471 3347 exanimo
495 3285 660 3344 traductam.
702 3283 843 3361 Lapidem
872 3303 938 3342 cum
961 3282 1088 3342 dentium
1116 3284 1238 3359 vestigio
1258 3283 1289 3341 in

118 3382 231 3449 loreia
257 3382 573 3460 Constantinopolitano
587 3400 641 3440 suo
669 3391 796 3457 tempore
818 3380 926 3437 servari
946 3378 1053 3446 dicunt,
1075 3397 1111 3437 ne
1139 3376 1211 3435 fides
1231 3394 1292 3435 rem

118 3484 201 3545 msam
219 3480 395 3545 narrantibus
411 3480 590 3558 denegetur.⁵
628 3479 734 3552 Liquet
747 3486 839 3536 autem
855 3495 917 3534 eam
932 3494 990 3533 non
1005 3474 1131 3551 potuisse
1145 3473 1290 3541 simulare,

118 3580 161 3641 tis
177 3584 263 3643 calice
282 3580 481 3655 unusquisque
506 3578 623 3637 biberet.
664 3576 834 3635 Libertatem
856 3574 933 3632 illam
948 3591 964 3630 o
977 3572 1065 3631 calice
1086 3569 1200 3630 bibendi
1221 3581 1291 3632 tem·

120 3692 174 3753 pore
184 3680 289 3739 Leonis
305 3677 406 3755 Magni
427 3675 555 3734 extitisse
581 3681 699 3740 constat,
717 3691 774 3747 qua
792 3684 887 3729 tamen
907 3671 1011 3727 abusos
1032 3687 1097 3726 esse
1112 3668 1290 3727 Manichaeos

120 3776 220 3852 parier
230 3772 346 3853 questus
361 3785 405 3834 est
418 3773 566 3852 pontifex:
589 3781 609 3808 ‘⁸
623 3770 699 3830 Cum
714 3771 749 3829 ad
763 3767 910 3847 tegendam
923 3766 1117 3828 infidelitatem
1130 3787 1211 3828 suam
1226 3787 1291 3827 nos-

122 3872 161 3929 tris
174 3874 287 3935 audeant
307 3875 444 3933 interesse
464 3869 622 3947 mysteriis,
643 3868 682 3926 ita
701 3869 731 3926 in
755 3868 1003 3926 Sacramentomm
1029 3868 1231 3925 communione
1259 3884 1291 3923 se

72 4011 75 4031 .
124 3970 269 4049 temperant,
283 3983 314 4031 ut
326 3969 467 4031 interdum
482 3968 568 4029 tutius
592 3967 714 4025 lateant:
737 3985 786 4025 ore
800 3966 917 4044 indigno
938 3983 1040 4042 corpus
1056 3964 1166 4024 Christi
1190 3964 1293 4042 accipi·

125 4069 342 4149 tntsmgninem
355 4078 450 4129 autern
465 4062 668 4142 redemptionis
683 4075 787 4123 nostrae
801 4063 913 4123 haurire
927 4061 1045 4122 omnino
1059 4058 1240 4122 declinant.’'⁰

304 4228 346 4295 (l)
365 4226 394 4276 L.
406 4225 436 4276 da
447 4225 529 4291 lapsis.

302 4314 344 4380 (2)
363 4313 412 4377 Ep.
424 4310 551 4381 cclxxxix.
559 4310 590 4360 ad
600 4309 729 4360 cesariam
740 4307 880 4358 Patricium.

303 4400 345 4464 (3)
365 4397 433 4446 Orat.
444 4397 475 4446 de
486 4397 555 4447 obitu
565 4394 652 4445 fratris

304 4485 343 4550 (4)
362 4483 393 4532 L.
401 4481 432 4532 de
442 4483 524 4547 lapsis.

302 4571 344 4637 (5)
363 4570 492 4620 Sozomon.
502 4569 519 4619 l.
527 4568 578 4618 viii.
587 4567 644 4618 hiet.
654 4566 724 4617 Eccl.
734 4581 756 4617 c.
767 4580 790 4615 v.
802 4571 826 4614 et
836 4562 992 4629 Nicephorus
1002 4560 1018 4610 l.
1029 4556 1081 4608 xiii.
1092 4572 1113 4606 o.
1121 4556 1160 4606 vii.

305 4650 661 4722 (ammanuensium.
716 4664 719 4668 ·
