2774 5056
519 332 576 393 DE
598 330 821 394 Ll'l'URGllS.
1220 332 1280 391 212

95 482 157 544 lesu
182 485 328 547 Christi.‘’
369 489 476 549 Postea
502 510 606 569 panem
634 504 829 553 consecratum
851 491 983 552 sacerdos
1012 493 1136 572 appellat
1150 502 1282 552 “renuas

94 602 194 645 cennas
208 586 396 649 vaarcnrs
408 590 524 649 Doumr
538 592 682 662 nosrnr;'’
693 604 721 652 et
735 603 777 652 ter
790 592 858 652 dicit
870 612 957 671 super
968 593 1104 654 calicem:
1119 604 1139 631 ‘⁸
1150 594 1283 653 Seuerus

93 702 179 743 renus
190 701 248 745 usn
262 687 380 748 Dorrrur
394 709 501 748 nosrar
511 690 586 750 Jasn
598 691 772 751 Crrnrsrr.'’¹

98 808 102 813 ·
124 786 194 844 220.
216 785 484 866 Cophti,AEgyptii
499 790 617 860 scilicet,
635 801 736 868 praeter
749 789 891 867 liturgiam
906 790 937 847 S.
954 788 1054 848 Basilii
1069 798 1183 848 utuntur
1204 791 1283 850 litur-

89 879 140 959 giis
150 880 184 940 S.
200 880 307 960 Cyrilli
322 884 517 954 Alexandrini,
532 896 561 945 et
574 889 605 946 S.
622 887 765 965 Gregorii.
806 886 960 944 Invocatur
975 886 1098 963 Spiritus
1114 886 1236 944 Sanctus
1251 889 1282 946 in
1296 952 1300 961 ,

90 976 200 1057 liturgia
213 998 278 1054 quie
302 980 407 1059 Cyrilli
421 982 474 1041 fert
489 1003 611 1045 nomen:
635 994 752 1062 “super
764 983 841 1042 hunc
863 1002 967 1061 panem
983 994 1011 1041 et
1026 1002 1113 1061 super
1126 984 1203 1042 hunc
1217 985 1284 1044 cali·

91 1092 162 1146 cem,
176 1088 210 1136 ut
229 1078 415 1155 purificentur
428 1090 456 1139 et
477 1083 678 1141 transferantur
699 1124 707 1140 .
730 1124 738 1141 .
762 1125 769 1140 .
791 1090 820 1140 et
840 1080 917 1140 hunc
933 1100 1036 1159 panem
1058 1082 1172 1155 quidem
1200 1082 1284 1141 saciat

90 1190 191 1251 eorpus
216 1174 327 1233 Christi
349 1217 357 1234 .
380 1218 389 1235 .
411 1218 419 1235 .
440 1186 469 1235 et
482 1178 559 1237 hunc
573 1179 688 1238 calicem
719 1178 803 1236 saciat
817 1196 932 1252 quoque
945 1178 1113 1254 sanguinem
1127 1178 1283 1255 pretiosum

91 1268 267 1333 Testamenti
282 1275 348 1333 novi
370 1317 377 1333 .
402 1317 410 1333 .
432 1315 441 1336 .
463 1277 591 1354 ejusdem
607 1278 737 1346 Domini,
753 1277 819 1345 Dei,
835 1276 990 1335 Salvatoris
1002 1285 1031 1333 et
1046 1276 1134 1354 Regis
1147 1277 1277 1336 omniurn

92 1378 217 1429 noenum
233 1371 303 1430 Jesn
319 1371 462 1432 Christi.'’

127 1470 198 1527 221.
221 1467 255 1528 Iu
269 1469 398 1549 Liturgia
409 1490 472 1545 quae
487 1472 541 1530 sert
553 1491 658 1532 nomen
673 1473 705 1532 S.
722 1471 855 1550 Gregorii
869 1480 998 1549 precatur
1012 1471 1143 1531 sacerdos
1157 1492 1165 1531 ι
1188 1481 1207 1509 “
1218 1472 1285 1550 lpse

95 1564 175 1641 igitur
184 1565 310 1626 Domine
324 1576 372 1627 tna
384 1586 453 1627 voce
463 1569 524 1628 haec
536 1570 682 1647 proposita
692 1568 1144 1646 transmuta-precntcmc-lpse
1154 1570 1285 1645 spiritum

98 1671 169 1720 tuum
184 1673 315 1723 sanctum
337 1666 431 1735 mitte,
446 1678 477 1725 ut
492 1667 657 1736 adveniens,
669 1679 776 1735 sancta,
790 1667 865 1725 bona
885 1677 913 1724 et
932 1666 1055 1744 gloriosa
1069 1686 1121 1724 aua
1134 1667 1285 1743 presentia

100 1762 247 1821 smctificet
270 1773 299 1822 et
312 1772 478 1823 transmutet
498 1767 644 1844 proposita
660 1767 792 1842 pretiosa,
815 1775 843 1823 et
865 1775 962 1823 sancta
985 1763 1060 1824 dona
1072 1766 1137 1832 ista,
1152 1766 1181 1823 in
1197 1782 1285 1823 resurr

102 1872 199 1917 acuens
219 1877 261 1917 ar
281 1878 456 1920 saneurrrnrr
475 1874 579 1921 nostre
600 1860 810 1920 liberationis.”
850 1858 1010 1938 Populus:
1033 1870 1053 1897 ‘⁴
1065 1861 1285 1920 Attendamus.”

104 1951 265 2041 Dimopus:
287 1967 307 1995 ‘⁴
321 1958 447 2018 Amen.”
493 1957 634 2018 Sacerdos
646 1956 708 2017 alta
722 1975 811 2017 nocer
835 1957 907 2015 “Et
926 1957 1013 2015 saciat
1035 1976 1139 2035 panem
1168 1959 1287 2032 quidem

107 2050 178 2113 ittam
186 2055 248 2114 fieri
260 2066 389 2116 sanctum
402 2076 505 2134 corpus
515 2065 592 2114 tuum
606 2056 724 2114 Domini
735 2056 790 2113 Dei
802 2066 830 2113 et
839 2055 1004 2123 Salvatoris,
1016 2056 1201 2132 supremique
1211 2057 1286 2135 regis

109 2151 217 2211 tunium
240 2166 368 2212 nostrum
391 2153 462 2213 Jesu
485 2153 606 2222 Christi,
621 2153 650 2211 in
673 2152 872 2211 remissionem
894 2162 1086 2229 peccatorum,
1102 2153 1180 2211 etad
1201 2155 1287 2212 vitam

111 2258 226 2309 cumam
254 2251 532 2310 communicantibus
553 2269 590 2309 ex
611 2250 695 2309 illo.’'
736 2248 788 2309 Ad
811 2249 1046 2309 communionem
1078 2248 1220 2309 Sacerdos
1241 2258 1287 2309 ter

60 2394 71 2423 Ι.
112 2338 185 2404 ter:
205 2346 352 2424 “Corpus
367 2357 495 2406 sanctum
510 2356 539 2405 et
549 2346 826 2424 sanguispretiosus,
836 2364 919 2403 veras
933 2345 1002 2402 lesu
1017 2344 1126 2402 Christi
1141 2345 1208 2403 Filii
1220 2344 1288 2414 Dei,

60 2430 62 2435 ⁵
114 2436 194 2501 lmen.
235 2443 409 2503 Emmanuel
424 2443 480 2503 Dei
495 2443 594 2511 nostri,
610 2443 665 2502 hoc
676 2452 720 2500 est
730 2460 805 2500 rere.
833 2443 937 2500 Arnen.
966 2438 1125 2518 Populus.-
1141 2443 1285 2509 ⁴‘Amen,

60 2528 197 2613 trodo,
216 2538 313 2608 credo,
335 2539 420 2599 credo
440 2551 468 2598 et
487 2541 625 2598 confiteor
646 2554 736 2612 usque
761 2536 796 2595 ad
812 2536 942 2596 ultimum
958 2536 1103 2614 spiritum,
1119 2537 1196 2610 quod
1219 2555 1289 2597 naso

60 2586 65 2693 l
116 2644 315 2696 maerentia
336 2656 476 2707 vrvrrrca,
492 2656 577 2711 quam
605 2636 740 2714 accepisti
766 2634 881 2693 Christe
902 2633 982 2693 Deus
1009 2645 1107 2693 noster
1130 2653 1166 2693 ex
1192 2646 1290 2695 sancta

60 2740 63 2781 i
116 2724 326 2794 lituinanostra
340 2735 476 2813 Deipara,
491 2745 520 2793 et
530 2752 645 2812 semper
655 2731 777 2810 Vrrgrne
791 2730 918 2790 Mariass’
960 2731 1032 2815 Post
1052 2733 1288 2794 communionem

117 2821 210 2891 dicitnr:
233 2841 254 2869 “
265 2831 401 2892 Concede
415 2832 498 2891 nobis
510 2850 561 2910 per
570 2830 781 2889 immaculatum
794 2847 901 2906 corpus
919 2839 998 2888 tuum
1009 2839 1037 2887 et
1045 2831 1200 2906 pretiosum
1212 2843 1291 2891 tuum

117 2930 260 3007 nminem
273 2930 509 3009 redemptionem,
525 2931 599 2988 sicat
613 2929 734 3008 benigne
749 2929 905 3008 prestitisti
917 2929 1000 2988 nobis
1015 2947 1091 2987 nnnc
1104 2941 1135 2988 ut
1154 2949 1190 2990 ex
1216 2932 1290 3010 ipsis

119 3016 303 3087 lnlmsttam
319 3029 524 3106 acciperemus.

143 3125 200 3184 222.
221 3124 371 3193 laconica,
386 3124 571 3201 Eutychiano
592 3141 687 3183 errore
701 3123 809 3191 iniecti,
825 3124 854 3181 in
868 3124 964 3201 Syria,
981 3123 1113 3202 AEgypto
1130 3136 1158 3183 et
1171 3126 1293 3202 Abyssi·

72 3210 76 3259 ’-
118 3214 157 3289 tin
169 3233 270 3300 preater
284 3223 316 3281 S.
331 3220 433 3281 Jacobi
447 3222 601 3299 liturgiam,
625 3230 742 3280 utuntur
762 3221 817 3278 alia
835 3240 920 3293 quam
941 3222 973 3279 S.
996 3222 1138 3279 Maratha
1153 3222 1293 3281 catholico

118 3314 228 3390 tibuunt,
243 3321 294 3395 qui
308 3321 382 3379 circa
396 3319 484 3378 linem
498 3320 596 3377 saeculi
625 3319 716 3393 quarti
729 3317 861 3377 floruisse
873 3317 984 3377 dicitur.
1025 3318 1059 3377 In
1073 3338 1107 3376 ea
1120 3318 1238 3376 habetur
1253 3320 1294 3377 in·

119 3421 204 3480 tutatio
214 3422 244 3481 S.
255 3421 380 3498 Spiritus
390 3418 493 3478 iisdem
508 3419 565 3477 lere
580 3418 674 3476 verbis
689 3417 792 3491 quibus
807 3416 868 3474 aliae
882 3416 1014 3493 liturgia,
1024 3431 1052 3473 et
1066 3426 1131 3492 post
1145 3417 1292 3475 recitatam

119 3508 271 3579 imminenti
290 3518 498 3577 institutionem
512 3516 581 3575 dicit
595 3513 754 3574 Sacerdos:
777 3513 873 3572 “Illos
888 3514 973 3571 etiam
988 3513 1119 3589 corporis
1134 3521 1164 3570 et
1177 3514 1294 3591 sangui·

119 3611 200 3676 tissm
220 3616 312 3675 sancti
335 3615 487 3693 participes
510 3615 628 3678 faciens,
650 3613 777 3671 doctrina
797 3610 893 3669 divina
914 3609 1051 3668 erudiit.”
1092 3611 1158 3670 Alia
1177 3622 1295 3671 utuntur

122 3702 213 3793 liturgia
228 3732 292 3789 qum
306 3713 382 3772 beati
395 3712 414 3771 J
416 3713 497 3772 acobi
511 3711 655 3770 Edesseni
669 3709 780 3768 dicitur.
821 3708 855 3766 In
869 3708 1048 3767 invocatione
1067 3706 1208 3787 legimus:
1233 3720 1297 3771 “ut

120 3804 201 3871 efficiat
214 3829 319 3890 panem
334 3811 422 3879 hunc,
442 3811 538 3886 ipsum
559 3827 664 3884 corpus
686 3805 796 3865 Christi
818 3805 875 3865 Dei
895 3806 996 3876 nostri,
1018 3819 1046 3865 et
1067 3807 1187 3866 calicem
1206 3809 1295 3880 hunc,

60 3944 62 3955 t
121 3902 229 3967 trhiheat
239 3908 335 3985 ipsum
350 3906 519 3983 sanguinem
535 3903 645 3962 Christi
657 3903 712 3961 Dei
725 3900 849 3961 nostri.''

60 4031 63 4043 »
147 4004 207 4063 223.
223 4004 380 4081 AEthiopes
394 4003 423 4061 in
438 4022 490 4060 sua
503 4001 626 4077 liturgia,
641 4008 707 4077 post
728 3998 838 4057 Christi
859 3998 943 4058 verba
964 3998 994 4055 in
1016 4017 1119 4074 paoem
1142 3999 1255 4058 recitata
1276 4020 1292 4058 a

60 4099 63 4113 '
125 4098 253 4169 ttcerdote,
276 4101 419 4159 clamant:
444 4099 580 4164 “Amen,
595 4098 701 4164 Amen,
716 4097 820 4154 Amen.
859 4094 1013 4153 Credimus
1034 4107 1064 4153 et
1092 4097 1160 4154 certi
1182 4116 1294 4165 sumus,

60 4197 66 4256 t'
127 4184 247 4256 lssdamns
260 4206 288 4256 te
302 4196 429 4256 Domine
451 4194 532 4253 Dens
553 4207 659 4262 noster,
675 4193 731 4252 hoc
751 4201 795 4250 est
815 4209 892 4260 vere,
913 4202 942 4250 et
962 4192 1001 4250 ita
1021 4193 1175 4260 credimus,
1191 4211 1295 4270 corpus

60 4292 69 4353 l
130 4292 215 4351 ΜΡ
242 4296 379 4355 Similiter
392 4303 459 4372 post
471 4294 556 4352 verba
570 4293 599 4351 in
614 4292 743 4361 calicem,
756 4291 880 4368 populus
894 4291 980 4350 dicit:
1004 4301 1024 4329 “
1037 4293 1141 4351 Amen.
1164 4291 1238 4349 Vere
1252 4302 1296 4349 est

65 4468 68 4476 Ι
135 4387 224 4463 aunis
237 4388 501 4461 tuus,credimus.”

60 4488 71 4521 ,¹2

270 4584 308 4652 (1)
326 4585 376 4638 cn
389 4585 507 4653 inopere.
519 4581 667 4652 Pepetnitl
677 4580 707 4632 dc
716 4578 793 4650 lasci,
801 4580 817 4632 l.
829 4597 854 4632 r.
864 4581 903 4635 ch.
914 4582 956 4633 rii.
966 4598 990 4648 p.
1002 4584 1059 4640 ³77,
1071 4578 1118 4629 ³80
