2812 5062
100 341 159 398 778
359 332 415 394 DE
436 332 660 396 sauntrtctt
679 333 1058 398 protuleramus.
1122 338 1133 356 ‘

607 608 791 652 ”ommo-

139 767 240 830 Miesa
254 775 297 829 cst
309 768 491 851 sucnfirr'um
496 766 753 849 propitiatorium.

140 867 295 928 Probatur
308 867 335 927 Ι.
350 886 387 929 ea
400 867 497 927 uubis
515 865 639 926 Christi.

142 970 192 1025 74.
215 963 349 1024 Christus
363 965 455 1024 dixit:
479 973 499 1001 ‘⁴
510 964 577 1023 Hoc
597 972 643 1022 est
661 982 766 1042 corpus
787 981 883 1024 meum
898 982 977 1031 aron
990 982 1047 1023 rao
1061 981 1147 1023 roam
1159 960 1300 1022 samur?

102 1071 122 1102 ‘¹
133 1062 193 1121 Hic
206 1072 252 1121 est
265 1063 339 1121 calix
353 1081 461 1121 novum
475 1061 695 1121 Testamentum
708 1061 739 1122 iu
749 1062 889 1139 sanguine
900 1081 966 1121 meo
977 1081 1030 1127 aur
1043 1080 1101 1120 rao
1122 1079 1211 1120 rosas
1230 1077 1302 1120 rurs·

101 1157 257 1228 aarua;”¹
272 1158 317 1217 rel
328 1159 369 1217 uti
383 1158 469 1218 habet
481 1169 588 1226 textus,
600 1157 704 1217 “calix
718 1199 728 1219 .
749 1198 758 1218 .
781 1199 790 1218 .
805 1159 854 1233 qui
866 1177 918 1236 pro
930 1159 1011 1218 robis
1024 1157 1187 1217 funditur.'’
1212 1165 1232 1194 “
1244 1157 1301 1217 Pru

100 1256 198 1317 multis
214 1254 348 1314 fundetur
361 1274 394 1315 rrr
408 1273 610 1315 asarssronsrr
622 1255 869 1315 raccaroaur.”¹
907 1256 1004 1323 Quum
1019 1265 1115 1314 textus
1130 1255 1220 1314 rerba
1233 1271 1300 1331 pra·

101 1354 190 1413 sentia
206 1352 264 1411 sint
284 1353 446 1430 temporis,⁸
467 1352 557 1426 liquet
576 1371 681 1430 corpus
696 1353 726 1411 iu
740 1353 803 1430 ipsa
816 1354 994 1412 eucharistiae
1010 1352 1192 1411 institutione
1205 1351 1299 1409 datum

99 1468 177 1517 esse,
191 1450 362 1528 sanguinem
375 1449 471 1509 fusum
485 1468 550 1509 esse
563 1449 596 1508 in
614 1449 816 1509 remissionem
836 1460 1028 1527 peccatorum.
1069 1449 1153 1526 Erga
1167 1448 1299 1526 propitia·

101 1545 204 1603 torinm
219 1544 391 1603 sacrificium
405 1553 472 1603 tunc
486 1544 612 1604 oblatum
632 1553 695 1614 est,
717 1545 794 1619 quod
816 1545 933 1605 offertur
953 1563 1069 1619 quoque
1089 1545 1208 1618 quonsa
1230 1545 1299 1605 cele·

100 1643 196 1702 bratur
209 1643 392 1709 eucharistia,
404 1660 442 1701 ex
454 1641 564 1701 Christi
575 1642 727 1712 mandato;
749 1643 826 1703 idem
841 1646 918 1703 enim
933 1644 966 1703 fit
976 1643 1056 1718 quod
1067 1644 1103 1703 ab
1115 1644 1185 1722 ipso
1197 1644 1298 1707 hatum

101 1749 154 1798 est.
196 1737 294 1816 Hujus
308 1739 467 1815 argumenti
480 1739 540 1798 rim
553 1748 730 1817 agnoverunt
742 1740 839 1816 piures
854 1739 1041 1818 Anglicani.'⁴

139 1833 295 1893 Probatur
308 1832 353 1893 II.
368 1851 406 1892 ea
420 1833 588 1913 Litargiie.

140 1936 190 1993 ta.
211 1931 246 1990 Iu
264 1930 379 2008 liturgia
398 1930 510 2000 iacobi,
533 1940 599 2010 post
621 1932 866 1992 consecrationem
890 1941 953 1991 orat
973 1931 1109 2011 sacerdps
1123 1932 1172 1993 his
1186 1932 1296 1991 verbis:

102 2026 288 2089 “offerimus
313 2029 373 2096 tibi,
399 2027 537 2097 Domine,
560 2027 616 2088 hoa
640 2029 815 2089 sacrificium
838 2029 1031 2089 venerandum
1054 2041 1084 2089 et
1109 2030 1296 2096 incruentum,

102 2138 228 2196 orantes,
242 2144 279 2185 ne
294 2126 453 2185 secundum
468 2136 585 2203 peccata
605 2136 704 2186 nostra
717 2127 867 2186 nobiscum
887 2126 987 2205 agas.”
1011 2168 1019 2186 .
1043 2169 1052 2186 .
1073 2169 1083 2187 .
1107 2168 1116 2186 .
1138 2127 1182 2187 Ut
1201 2126 1299 2186 efficia·

101 2243 167 2285 mur
180 2223 260 2302 digni
274 2224 324 2298 qui
338 2223 410 2282 socii
425 2233 454 2281 st
467 2223 621 2301 participes
641 2225 733 2282 simus
747 2239 911 2282 sanctorum
926 2236 1038 2284 tuorum
1054 2225 1258 2300 mysteriorum
1271 2224 1298 2282 iu

102 2321 304 2382 remissionem
319 2330 514 2399 peccatorum,
529 2333 558 2378 et
577 2320 608 2380 in
628 2321 717 2380 vitam
737 2320 903 2381 artemam.”
944 2320 980 2381 in
1000 2321 1115 2399 liturgia
1129 2321 1226 2381 Marci
1239 2330 1300 2399 post

105 2421 318 2480 invocationem
343 2419 468 2496 Spiritus
483 2419 591 2488 Sancti,
604 2430 667 2478 orat
679 2418 812 2478 sacerdos
835 2430 865 2478 ut
885 2437 989 2497 corpus
1013 2431 1042 2477 et
1060 2421 1182 2497 sanguis
1196 2419 1301 2479 Christi

106 2519 204 2596 “,fiant
225 2517 358 2577 omnibus
382 2517 463 2575 nobis
484 2517 534 2589 qui
557 2534 594 2574 ex
615 2516 651 2574 iis
676 2517 879 2593 participamus
902 2517 932 2574 in
958 2515 1160 2575 remissionem
1176 2528 1301 2594 peccato·

106 2613 201 2673 rum.''
242 2612 277 2671 In
290 2613 404 2689 liturgia
418 2612 529 2680 Basilii,
540 2612 625 2687 juxta
639 2611 796 2689 Copticum
810 2613 967 2689 exemplar,
980 2622 1041 2670 orat
1055 2621 1075 2648 ‘⁶
1088 2624 1120 2670 ut
1131 2613 1301 2671 sacrificium

106 2721 235 2770 nostrum
250 2729 345 2769 coram
360 2719 387 2767 te
401 2720 549 2786 acceptum
564 2709 601 2767 sit
612 2729 664 2786 pro
678 2711 803 2787 peccatis
814 2711 898 2779 meis,
910 2721 939 2769 et
957 2730 1010 2788 pro
1025 2710 1200 2788 insipientiis
1216 2710 1302 2789 piebis

175 2809 193 2837 n

107 2818 301 2962 mamm,
315 2901 374 2960 III.
389 2919 425 2960 ce
441 2901 595 2961 Putridae.

148 3005 198 3060 76.
221 3000 252 3059 S.
268 3000 420 3058 Cumanus
435 2999 742 3058 Hrurosonrurrsrsus
763 3001 963 3060 eucharistiam
988 3011 1071 3060 vocat
1091 3002 1301 3080 propitiationis

109 3100 251 3161 hostiam:
269 3106 288 3134 ‘⁴
298 3117 385 3175 super
398 3098 474 3155 illam
488 3098 696 3175 propitiationis
712 3098 835 3159 hostiam
849 3102 1033 3160 obsecramus
1047 3100 1252 3160 Deum”-tnl
1264 3101 1305 3171 τῆς

109 3340 147 3390 for
157 3338 226 3389 those
233 3334 295 3403 [that
305 3351 368 3385 were
378 3336 470 3395 absent,
481 3335 518 3384 for
529 3335 597 3385 them
608 3334 662 3385 that
671 3335 794 3397 travelled,
805 3337 842 3386 far
851 3336 926 3398 Jews,
937 3338 974 3388 for
984 3337 1096 3399 heretics,
1106 3338 1158 3389 dac.
1169 3338 1229 3390 who
1239 3340 1308 3391 could

107 3427 170 3478 have
181 3442 215 3476 no
226 3423 295 3474 other
304 3423 395 3472 benefit
406 3422 434 3470 of
446 3423 472 3482 it,
483 3423 528 3472 but
538 3439 565 3471 as
576 3423 595 3472 it
604 3438 655 3472 was
668 3439 683 3471 a
693 3422 849 3489 propitiatory
861 3424 992 3486 Sacrifice3
1008 3426 1057 3476 and
1067 3425 1120 3476 that
1131 3425 1192 3477 thus
1202 3425 1308 3492 thsydid

108 3510 168 3562 offer
179 3511 205 3571 it,
216 3509 273 3559 read
283 3525 299 3558 a
309 3507 389 3557 whole
400 3523 468 3570 army
479 3507 508 3556 of
520 3506 631 3568 Fathers,
642 3506 707 3570 apud
719 3507 795 3557 Mald.
806 3507 837 3558 de
848 3509 902 3559 Sac.
913 3525 938 3574 p.
949 3512 1008 3558 302.
1042 3509 1093 3561 Nes
1103 3516 1190 3563 autem
1197 3512 1239 3563 aa
1248 3528 1308 3564 aaut·

104 3595 302 3664 parati-sumus,
313 3598 412 3643 etcum
423 3596 476 3642 tam
493 3589 580 3642 multia
591 3597 615 3643 ct
629 3592 733 3661 magnis
744 3591 893 3644 authoribus
909 3609 992 3645 errore
1011 3593 1142 3657 malimus,
1153 3613 1236 3665 mam
1251 3614 1306 3650 asra

109 3680 247 3733 Puritartis
257 3696 343 3730 oerum
355 3678 457 3729 diceret
492 3680 529 3730 ita
540 3680 637 3731 Overall
649 3681 714 3746 apud
726 3680 888 3742 Oxonienses,
897 3697 922 3747 p.
932 3683 972 3732 74.

145 3769 188 3834 (l)
208 3766 270 3816 Luc.
281 3765 342 3815 xxii.
357 3767 395 3824 19,
406 3763 446 3814 20.

145 3853 189 3918 (2)
209 3851 280 3900 Matt.
290 3851 358 3899 xxvi.
369 3848 409 3898 28.

143 3940 183 4005 (3)
204 3937 278 3998 Quod
289 3938 402 3999 vulgatus
414 3935 531 4000 interpres
543 3938 614 3986 verbo
629 3937 706 3987 futuri
716 3937 831 4002 temporis
843 3943 937 3987 textum
948 3938 1084 3999 reddiderit,
1100 3940 1237 4004 contigisse
1247 3940 1308 3993 vide·

106 4035 153 4085 tur,
164 4040 196 4074 ex
207 4040 237 4073 eo
248 4023 313 4087 quod
324 4021 453 4084 sanguinis
464 4021 586 4072 fusionem
598 4022 624 4072 in
636 4038 708 4072 cruce
719 4023 870 4084 designatam
881 4023 1028 4085 intelligens,
1036 4040 1144 4090 presens
1156 4034 1255 4092 tempus
1264 4041 1305 4092 pru

108 4127 167 4163 max
179 4111 260 4160 futuro
271 4116 415 4173 usurpatum
427 4106 555 4157 censuerit.
589 4107 712 4157 Ceterum
723 4107 801 4156 versio
813 4122 864 4157 non
876 4115 954 4172 potest
965 4108 1089 4159 infirmare
1102 4109 1155 4160 vim
1166 4118 1257 4171 textus,
1268 4109 1307 4176 qui

106 4199 219 4251 hocloco
237 4195 330 4245 nullam
342 4193 414 4243 habet
425 4193 546 4253 mendam,
558 4193 594 4243 uti
606 4209 691 4243 omnes
709 4194 821 4243 fatentur.
853 4193 941 4243 Verrio
959 4201 1041 4244 autem
1057 4211 1115 4246 cum
1131 4203 1202 4249 textu
1221 4197 1306 4263 optime

106 4285 274 4345 concordatsi
285 4288 366 4332 textus
378 4280 408 4329 de
417 4281 513 4330 fusione
524 4281 635 4345 mystica,
648 4281 725 4331 versio
737 4280 767 4330 de
778 4280 873 4330 fusione
885 4281 944 4330 reali
955 4282 1097 4347 explicetur.

140 4375 183 4440 (t)
203 4371 239 4421 “I
251 4368 313 4418 shall
324 4366 395 4415 make
406 4381 450 4415 use
459 4367 487 4415 of
500 4366 541 4415 the
551 4366 630 4416 words
641 4367 669 4415 of
682 4366 820 4416 institution
830 4383 836 4426 3
853 4368 956 4417 because
966 4367 979 4417 I
990 4367 1062 4418 think
1074 4367 1128 4419 that
1136 4384 1170 4420 an
1180 4375 1306 4432 minent

105 4461 193 4511 drawn
203 4458 266 4507 from
277 4454 343 4505 them
355 4451 405 4500 will
417 4453 447 4499 be
459 4451 487 4499 of
500 4451 542 4501 the
553 4460 656 4514 greatest
667 4452 774 4516 weight;
792 4452 840 4501 and
852 4452 864 4501 I
880 4469 920 4503 am
932 4453 1065 4517 persuaded
1077 4454 1131 4505 that
1141 4454 1184 4505 tire
1195 4456 1305 4522 propitia·

104 4551 159 4606 tory
171 4549 257 4592 nature
267 4539 297 4589 of
308 4537 349 4587 the
361 4535 420 4599 holy
431 4533 563 4585 Eucharist
574 4536 596 4585 is
608 4553 634 4586 as
646 4537 739 4602 plainly
751 4536 879 4586 contained
888 4536 915 4586 in
926 4537 997 4588 those
1004 4538 1092 4601 words,
1104 4555 1132 4590 as
1143 4556 1194 4605 any
1205 4539 1305 4592 retonat

104 4644 164 4681 msa
176 4645 222 4680 can
233 4624 335 4705 desire?
368 4621 482 4674 Johnson
493 4622 559 4688 apud
571 4623 733 4685 oxonienses,
745 4630 805 4674 tract
816 4624 858 4676 81.
868 4639 893 4691 p.
905 4623 962 4673 ³17.
