2774 5056
136 298 195 355 249
293 293 351 355 ΒΕ
373 293 666 357 COMMUNIONE
688 296 767 356 SUB
789 296 991 364 UTRAQUE
1013 296 1091 359 SPE
1100 296 1183 361 CIE.

176 456 246 511 298.
268 453 392 512 Mutatio
406 451 564 530 disciplima
585 451 621 512 do
643 453 757 531 publica
776 457 979 514 communione
995 456 1115 533 contigit
1134 455 1245 516 sensim
1268 457 1334 516 sine

137 568 235 619 sensu,
249 551 411 618 occasione,
425 551 466 608 uti
481 550 601 619 videtur,
616 551 766 610 effusionis
781 552 974 629 sacri'poculi,
989 570 1053 624 quae
1067 553 1097 609 in
1112 551 1241 612 fidelium
1253 555 1335 612 turba

135 647 218 706 facile
233 647 424 726 contingebat.
446 647 524 706 Huic
538 647 742 720 accessitquod
756 647 940 707 diaconorum
955 650 1006 721 qui
1019 667 1131 707 sacrum
1147 650 1335 727 propinarent

135 744 253 803 calicem
267 745 350 822 copia
365 763 421 803 non
435 762 548 821 semper
569 745 726 812 haberetur,
742 754 771 803 et
793 745 853 804 vini
866 746 950 804 etiam
967 746 996 802 in
1018 745 1150 822 plurimis
1166 746 1334 822 regionibus

135 841 330 917 esset'inopia,
346 851 374 899 et
388 860 445 900 non
459 859 562 917 parvus
576 840 649 899 soret
665 859 801 899 numerus
817 841 1030 909 abstemiorum,
1045 840 1091 898 vel
1111 859 1212 899 eorum
1226 842 1277 914 qui
1299 860 1338 901 ex

135 935 236 995 eodem
250 956 316 995 cum
330 936 393 995 aliis
407 937 510 1014 poculo
525 937 619 1018 bibepe
633 937 804 1014 refugerent.
849 936 1036 1009 Consuetudo
1053 937 1114 1014 jam
1136 936 1248 995 invecta
1270 957 1339 1014 pro·

134 1035 197 1092 bata
211 1046 254 1092 est
267 1034 389 1093 concilio
404 1033 629 1102 constantiensi,
645 1033 723 1107 quod
743 1054 805 1092 eam
828 1035 928 1093 merito
949 1033 1122 1093 vindicavit:
1146 1043 1166 1070 ‘⁶
1178 1033 1256 1092 Cum
1280 1035 1335 1093 hu·

130 1131 260 1209 jusmodi
283 1131 492 1199 consuetudo,’'
515 1132 647 1205 inquiunt
666 1141 759 1209 patres
786 1131 1033 1197 constantienses,
1056 1141 1076 1168 ‘⁵
1090 1133 1124 1188 ab
1146 1132 1282 1189 Ecclesia
1303 1143 1335 1190 et

133 1230 238 1288 sanctis
253 1229 378 1307 patribus
393 1229 593 1287 rationabiliter
607 1228 775 1296 introducta,
789 1239 817 1287 et
830 1228 989 1289 diutissime
1001 1229 1148 1287 observata
1162 1229 1208 1296 sit,
1223 1227 1332 1287 liaben-

134 1325 169 1384 da
182 1340 227 1385 est
239 1345 291 1404 pro
305 1326 380 1405 lege,
395 1345 480 1401 quam
502 1344 562 1384 non
582 1326 650 1385 licet
670 1326 832 1403 reprobare,
847 1335 895 1384 aut
914 1326 977 1385 sine
997 1325 1166 1385 authoritate
1187 1324 1334 1385 Ecclesiae

134 1443 191 1502 pro
200 1424 281 1484 libito
295 1424 451 1487 mutare-”.¹
491 1424 537 1484 Ad
561 1436 729 1502 argumenta
747 1423 933 1501 intelligenda
954 1442 1018 1497 que
1039 1423 1094 1481 hac
1114 1424 1144 1483 iu
1166 1441 1196 1481 re
1218 1422 1335 1482 allaturi

133 1540 245 1591 sumus,
266 1523 349 1600 juvat
371 1520 594 1581 animadvertere
622 1539 673 1596 per
696 1520 957 1580 concomitantiam
982 1520 1151 1599 sauguinem
1179 1519 1237 1579 dici
1266 1538 1336 1578 cum

133 1637 252 1696 corpore
266 1620 296 1678 in
310 1619 480 1677 eucharistia
494 1617 604 1684 adesse,
620 1619 656 1676 ob
678 1618 833 1677 naturalem
854 1617 1096 1695 conjunctionem,
1111 1635 1201 1691 quum
1218 1635 1330 1695 corpus

134 1713 244 1773 Christi
259 1716 321 1793 jam
345 1715 455 1773 nonsit
477 1732 618 1792 exangue,
641 1713 693 1771 sed
716 1714 823 1773 visum.
874 1713 920 1775 Ea
943 1714 1029 1771 etiam
1053 1712 1163 1773 ratione
1192 1710 1334 1773 divinitas

134 1808 244 1869 Christi
257 1811 288 1869 in
302 1811 485 1869 Sacramento
498 1808 588 1878 adest,
600 1828 690 1884 quum
704 1810 829 1868 humana
843 1807 954 1868 Christi
968 1819 1067 1869 umora
1079 1806 1208 1867 divinam
1229 1807 1337 1868 habeat

133 1908 356 1968 subsistentiam.
397 1906 469 1967 lude
482 1907 573 1980 liquet
586 1918 675 1966 totum
691 1906 839 1966 Christum
854 1908 907 1965 sub
920 1905 1051 1965 alterutra
1064 1904 1163 1982 specie
1177 1903 1280 1981 recipi.

175 2009 245 2064 299.
267 2004 402 2064 Christus
416 2005 500 2065 etism
516 2006 570 2063 sub
586 2005 707 2082 singulis
722 2006 862 2082 cujusque
876 2003 984 2081 speciei
998 2003 1136 2081 partibus,
1150 2000 1333 2080 separatione

133 2103 217 2171 sacta
238 2115 313 2163 totus
340 2105 517 2170 continetur;
546 2121 635 2176 quum
658 2104 736 2163 enim
761 2101 850 2161 dindi
871 2111 1004 2176 nequeat,
1029 2099 1199 2161 immortalis
1217 2100 1281 2177 jana
1301 2109 1334 2158 et

134 2203 286 2282 gloriosus,
300 2213 330 2262 et
348 2202 427 2262 nulla
448 2203 486 2260 sit
500 2201 570 2260 ratio
585 2202 678 2279 potior
697 2221 759 2271 cur,
773 2201 951 2278 separatione
974 2200 1083 2277 speciei
1103 2198 1229 2277 partium
1246 2197 1334 2264 factm

133 2303 188 2360 sub
210 2303 296 2361 altera
316 2312 395 2379 parte
414 2302 453 2361 sit
477 2320 613 2379 praesens,
635 2319 754 2361 necesse
774 2312 819 2361 est
839 2319 905 2359 eum
930 2300 1011 2360 fateri
1025 2299 1079 2359 sub
1100 2298 1228 2373 qualibet
1247 2310 1329 2376 parte

134 2401 275 2478 integrum
290 2418 415 2459 manere.
448 2398 571 2461 Constat
582 2418 620 2459 ex
633 2399 755 2478 liturgiis
766 2399 931 2479 siphonem
947 2398 1047 2457 hostia
1060 2415 1177 2474 semper
1190 2397 1253 2457 fieri
1266 2415 1334 2457 con·

135 2498 275 2565 saevisse,
289 2507 319 2556 et
333 2496 442 2555 Christi
456 2516 560 2574 corpus
581 2497 713 2574 sanguini
739 2495 890 2554 admisceri
914 2495 980 2563 dici,
996 2496 1064 2554 dum
1086 2513 1151 2572 pars
1174 2495 1276 2553 hostiae
1300 2495 1331 2552 in

136 2594 254 2652 calicem
268 2592 462 2660 dimitteretur,
478 2604 507 2650 et
520 2593 588 2651 illud
604 2594 632 2650 in
649 2603 725 2669 parte
741 2593 826 2650 altera
841 2591 941 2650 adesse
956 2592 1043 2651 simul
1057 2591 1195 2668 agnitum.

177 2693 244 2747 300.
267 2689 373 2746 Merito
396 2691 479 2765 igitur
502 2689 664 2747 Tridentini
690 2700 782 2766 patres
808 2690 938 2766 mysterii
957 2700 1084 2747 naturam
1106 2701 1135 2746 et
1156 2687 1334 2762 antiquitatis

138 2784 224 2843 fidem
239 2803 392 2858 moresque
407 2785 625 2862 perpendentes,
641 2786 839 2845 decreverunt:
864 2786 1008 2859 “Siquis
1030 2786 1185 2862 negaverit,
1201 2787 1231 2843 in
1247 2803 1334 2845 vene

136 2882 218 2942 rabili
232 2883 415 2940 Sacramento
429 2883 605 2943 eucharistiae
620 2885 672 2942 sub
684 2903 853 2957 unaquaque
868 2885 976 2960 specie,
988 2895 1017 2942 et
1031 2884 1084 2943 sub
1098 2884 1222 2960 singulis
1237 2884 1334 2960 cujus·

138 3000 193 3054 que
208 2982 316 3057 speciei
330 2982 465 3058 partibus,
480 2984 656 3059 separatione
671 2983 753 3050 facta,
769 2993 858 3040 totum
874 2982 1022 3041 Christum
1037 2981 1195 3048 continear
1220 2982 1336 3041 anathe-

137 3097 184 3138 ma
198 3076 281 3135 sit.'’⁹
301 3079 512 3154 Explicuerunt
524 3080 609 3138 etiam
624 3080 882 3148 concomitantiam,
894 3079 931 3137 de
945 3099 1002 3153 qua
1012 3098 1099 3156 supra
1112 3078 1200 3137 locuti
1213 3098 1314 3139 snmus
1329 3099 1337 3136 ε

139 3177 291 3254 “Semper
315 3177 376 3236 haec
401 3177 471 3236 fides
492 3178 522 3237 in
543 3178 677 3236 Ecclesia
702 3177 758 3236 Dei
780 3178 841 3246 suit,
863 3177 957 3236 statim
979 3188 1045 3254 post
1077 3177 1335 3244 consecrationem,

138 3294 238 3336 verum
251 3275 370 3335 Domini
384 3276 473 3333 nostri
487 3295 601 3353 corpus,
616 3295 771 3349 verumque
785 3277 848 3353 ejus
869 3277 1038 3353 sanguinem
1053 3277 1106 3333 sub
1128 3277 1212 3352 panis
1235 3277 1340 3337 etvini

138 3375 246 3452 specie,
261 3392 396 3433 unacum
412 3375 502 3451 ipsius
518 3375 611 3433 anima
621 3386 650 3433 et
663 3374 809 3434 divinitate
821 3375 954 3443 existere,
969 3373 1019 3432 sod
1032 3393 1137 3451 corpus
1150 3375 1269 3448 quidem
1283 3376 1339 3433 sub

139 3475 235 3550 specie
251 3473 342 3550 panis,
357 3482 386 3530 et
398 3473 566 3550 sanguinem
580 3475 634 3531 sub
648 3474 708 3531 vini
722 3474 818 3550 specie
833 3492 870 3531 cx
884 3473 913 3530 ri
928 3474 1098 3532 verborum:
1122 3474 1219 3549 ipsum
1241 3484 1379 3561 auten,÷j

139 3592 243 3650 corpus
257 3573 310 3630 sub
324 3573 421 3648 specie
445 3572 512 3640 vini,
535 3583 564 3630 et
583 3573 752 3650 sanguinem
773 3573 827 3630 sub
847 3573 944 3650 specie
965 3573 1058 3648 panis,
1073 3572 1260 3645 animamque
1282 3572 1337 3633 sub
1351 3560 1372 3621 ’-·

141 3682 268 3742 utraque,
292 3670 320 3726 vi
349 3669 481 3727 naturalis
507 3670 583 3728 illius
608 3671 807 3738 connexionis,
833 3681 862 3728 et
885 3670 1123 3736 concomitantia,
1152 3689 1212 3742 qua
1242 3682 1340 3747 partes

141 3766 262 3834 Christi,
274 3767 323 3838 qui
339 3767 400 3842 jam
421 3784 458 3823 ex
479 3769 597 3824 mortuis
619 3769 782 3835 resurrexit,
798 3787 854 3826 non
877 3768 998 3844 amplius
1021 3768 1186 3833 moriturus,
1211 3768 1287 3826 inter
1308 3786 1341 3825 se

141 3863 327 3940 copulantur:
350 3862 524 3922 divinitatem
547 3883 631 3940 porro
653 3875 768 3942 propter
789 3864 982 3923 admirabilem
999 3866 1062 3943 ejus
1084 3885 1150 3924 cnm
1167 3885 1293 3943 corpore
1316 3879 1343 3924 et

141 3962 236 4021 anima
249 3960 456 4036 hypostaticam
471 3962 653 4020 unionem.'’³
694 3963 738 4021 De
759 3963 812 4020 hac
827 3963 1046 4021 concomitantia
1068 3965 1143 4021 varie
1166 3965 1261 4023 sensit
1287 3965 1343 4022 Lu·

141 4061 248 4124 theros,
273 4076 335 4115 eam
358 4063 541 4135 agnoscens,⁴
561 4060 605 4117 vel
628 4060 772 4127 irridens,⁵
795 4080 846 4137 pro
872 4060 959 4119 animi
975 4046 1144 4120 mobilitate.
1193 4063 1349 4146 Brentius,

141 4153 334 4220 Chemnitius,
350 4152 507 4213 Leibnitins
523 4155 627 4231 aliique
642 4175 703 4216 earn
720 4166 906 4234 agnoverunt.

355 4654 383 4718 5)
402 4648 503 4702 Inform.
515 4653 545 4703 ad
557 4652 687 4717 quemdam
703 4653 809 4703 amicum
821 4653 851 4704 de
862 4668 986 4706 commun.
