2774 5056
449 299 504 359 DE
526 297 732 359 MINISTRO
754 297 961 358 BAPTISMI.
1263 301 1321 360 79¹

106 459 129 488 ‘⁶
142 451 211 510 vicit
224 459 320 513 tamen
334 473 394 532 pax
406 455 515 516 Christi
526 458 555 518 iu
565 457 697 516 cordibus
708 476 818 526 eorum,
829 469 862 516 ut
874 458 905 515 iu
916 458 963 515 tali
975 457 1178 534 disceptatione
1188 457 1298 516 nullum

105 548 241 608 intereos
255 551 422 611 schismatis
440 555 547 614 malum
570 555 737 614 oriretur.'’¹
776 554 809 614 ld
831 554 1029 614 animadvertit
1049 555 1238 632 Augustinus,
1253 555 1303 629 qui

106 645 232 723 glorioso
246 648 392 726 Cypriani
406 653 542 728 martyrio
559 661 792 720 commemorato,
808 652 837 710 id
857 653 1011 729 contigisse
1032 651 1109 720 dicit,
1128 662 1188 710 “ut
1201 654 1227 710 si
1247 671 1304 726 qua

106 743 136 802 in
150 744 213 820 ejus
228 745 354 805 lucidam
369 758 494 807 mentem
509 768 547 808 ex
561 751 685 808 humana
699 749 863 809 conditione
884 750 986 808 nebula
1006 750 1165 827 irrepserat,
1179 751 1304 827 gloriosa

108 843 259 902 serenitate
274 844 411 922 fulgentis
426 848 573 924 sanguinis
588 848 778 925 fugaretur.¹’⁹

153 945 221 1000 175.
244 942 427 1017 Quamquam
442 946 606 1023 Stephanus
621 948 741 1005 vetuerit
754 965 789 1005 ne
805 947 962 1023 baptismus
971 947 1125 1015 iteraretur,
1142 946 1219 1005 hulla
1234 946 1302 1005 fidei

107 1039 235 1121 delinitio
260 1043 295 1100 ab
320 1043 386 1120 ipso
407 1043 482 1102 edita
507 1048 643 1114 nuscitur,
665 1046 736 1104 adeo
758 1055 790 1102 ut
810 1047 1002 1104 controversia
1022 1046 1136 1103 nonnisi
1154 1053 1220 1120 post
1240 1033 1331 1122 ejus=

109 1148 229 1198 mortem
243 1140 328 1198 suerit
348 1142 452 1219 sopita.
495 1145 664 1203 “Nondum
690 1143 783 1213 erat,”
799 1144 892 1217 inquit
916 1144 1101 1219 Augustinus,
1126 1142 1304 1219 “diligenter

108 1237 155 1295 illa
166 1237 304 1314 baptismi
318 1240 439 1311 quaestio
453 1250 631 1317 pertractata,
647 1241 697 1299 sed
719 1250 814 1298 tamen
834 1240 1048 1299 saluberrimam
1067 1239 1303 1298 consuetudinem

110 1335 220 1392 tenebat
233 1334 378 1404 Ecclesia,
395 1336 425 1393 in
440 1337 511 1413 ipsis
526 1356 642 1411 quoquc
662 1337 852 1395 schismaticis
866 1349 894 1395 et
913 1336 1053 1394 haereticis
1074 1336 1213 1412 corrigere
1227 1333 1304 1408 quod

111 1449 227 1507 pravum
242 1443 296 1506 est,
310 1451 369 1491 nou
384 1433 484 1492 iterare
499 1434 576 1508 quod
597 1434 761 1502 detumeat,
776 1453 875 1492 sanare
890 1434 966 1507 quod
987 1432 1163 1492 vulneratum
1177 1443 1229 1501 est,
1245 1451 1303 1491 uon

111 1545 203 1586 curare
219 1529 298 1602 quod
312 1548 413 1589 sanum
428 1542 481 1589 est.
524 1531 618 1599 Quam
639 1531 886 1599 consuetudinem,
902 1531 997 1599 credo,
1013 1549 1050 1588 ex
1070 1530 1237 1606 Apostolica
1250 1539 1303 1589 tra·

111 1624 214 1685 ditione
230 1628 403 1697 venientem,
415 1631 489 1688 sicut
502 1631 592 1689 multa
602 1649 664 1704 quae
677 1650 734 1689 nou
747 1631 929 1689 inveniuntur
937 1631 966 1688 in
977 1631 1077 1687 litteris
1089 1648 1197 1698 eurum,
1210 1647 1304 1702 neque

112 1724 139 1781 iu
153 1724 285 1783 conciliis
300 1727 501 1802 posteriorum,
513 1738 541 1786 et
555 1738 659 1796 tamen,
672 1729 739 1800 quia
753 1745 804 1804 per
817 1728 978 1784 universam
994 1725 1189 1785 custodiuntur
1203 1725 1305 1785 Eccle-

112 1821 190 1890 siam,
205 1824 322 1883 uonuisi
336 1825 371 1883 ab
396 1825 467 1902 ipsis
490 1810 589 1884 tradita
610 1835 638 1884 et
658 1824 856 1884 commendata
877 1825 1076 1883 creduntur.”⁸
1116 1824 1200 1882 Hauc
1221 1823 1304 1883 tradi·

112 1920 214 1979 tionem
228 1921 321 1979 secuti
329 1922 503 1982 Arelatensis
515 1923 639 1991 concilii,
650 1942 724 1981 auno
737 1926 795 1980 314
807 1923 905 1990 habiti,
918 1932 1012 1999 patres
1024 1933 1204 1980 censuerunt:
1228 1930 1247 1957 ‘⁶
1256 1905 1303 1980 De

115 2019 185 2076 Afris
199 2017 277 2092 quod
292 2020 408 2096 propria
420 2020 485 2098 lege
499 2040 551 2078 sua
564 2030 681 2079 utuntur
695 2029 726 2078 ut
739 2020 926 2096 rebaptizent,
943 2020 1049 2096 placuit
1063 2029 1094 2076 ut
1107 2019 1133 2075 si
1147 2020 1181 2076 ad
1202 2018 1304 2077 Eccle-

116 2113 182 2172 siam
196 2115 301 2188 aliquis
316 2113 351 2172 de
372 2115 474 2175 haeresi
490 2118 611 2186 venerit,
622 2118 795 2193 interrogent
816 2135 882 2174 eum
903 2116 1079 2190 symbolum,
1095 2117 1161 2174 etsi
1175 2115 1304 2192 pervide·

116 2211 166 2269 rint
177 2231 245 2271 eum
259 2213 290 2271 in
304 2214 399 2282 Patre,
421 2224 450 2272 et
464 2214 550 2283 Filio,
565 2225 594 2273 et
607 2216 715 2292 Spiritu
742 2216 849 2272 Sancto
870 2232 934 2271 esse
956 2214 1140 2290 baptizatum,
1155 2232 1255 2272 manus
1276 2214 1305 2271 ei

118 2317 217 2368 nutum
243 2311 408 2387 imponatur
427 2322 459 2370 ut
479 2313 599 2390 accipiat
620 2314 759 2389 Spiritum
774 2313 922 2369 Sanctum.
965 2311 1048 2377 Quod
1070 2314 1095 2369 si
1117 2313 1304 2387 iuterrogatus

119 2423 169 2465 nou
195 2407 376 2486 responderit
402 2409 476 2468 hanc
504 2410 686 2477 Trinitatem,
711 2409 916 2486 baptizetur.’'⁴
957 2409 1112 2467 Nicaeuum
1141 2408 1304 2465 Concilium

121 2501 250 2564 Gatharos
264 2505 328 2564 sola
342 2525 478 2567 manuum
493 2507 675 2584 impositione
690 2505 889 2584 suscipiendos
904 2505 1037 2572 decrevit,
1054 2513 1073 2541 ‘⁶
1084 2523 1166 2562 secus
1181 2504 1219 2562 de
1231 2506 1307 2565 Pau·

121 2599 276 2672 lianistis,”⁵
297 2606 376 2679 quia,
399 2607 439 2664 uti
462 2607 596 2665 certiores
622 2625 675 2663 nos
700 2606 766 2664 sacit
790 2605 974 2664 Innocentius
994 2603 1029 2673 l.,
1053 2603 1260 2662 “Pauliauistas
1274 2605 1305 2662 in

122 2703 226 2762 numine
236 2703 340 2770 Patris,
350 2714 379 2762 et
387 2703 465 2772 Filii,
476 2715 505 2762 et
515 2705 639 2782 Spiritus
651 2704 749 2762 Sancti
760 2704 880 2762 minime
890 2703 1115 2779 baptizabant.'’⁰
1136 2702 1209 2761 Haec
1220 2703 1307 2780 igitur

123 2815 210 2859 norma
222 2812 276 2870 est,
294 2801 379 2879 juxta
392 2821 477 2876 quarn
493 2802 529 2861 de
544 2803 638 2861 valore
652 2803 788 2879 baptismi
802 2803 836 2860 ab
852 2802 993 2860 hereticis
1007 2802 1101 2861 collati
1117 2801 1304 2879 judicandum

124 2896 175 2955 erit.
214 2899 345 2959 Decretis
361 2901 462 2959 horum
487 2901 674 2960 conciliorum
694 2902 847 2969 inherens,
862 2901 974 2959 censuit
993 2900 1147 2959 concilium
1162 2901 1306 2961 Tridenti-

125 3010 200 3054 numa
220 2999 285 3056 “Si
299 2999 365 3072 quis
379 2997 483 3057 dixerit
496 3000 670 3077 baptismum
684 2999 735 3072 qui
749 2999 834 3057 etiam
849 2997 929 3056 datur
943 2999 977 3056 ab
992 2999 1132 3056 haereticis
1147 2998 1305 3057 innomine

128 3089 214 3163 Patris,
229 3106 258 3154 et
271 3096 350 3165 Filii,
365 3106 395 3155 et
409 3098 533 3174 Spiritus
548 3099 657 3161 Sancti,
673 3115 739 3155 cum
760 3098 918 3155 intentione
933 3097 1055 3155 faciendi
1076 3096 1154 3170 quod
1166 3097 1234 3155 facit
1249 3097 1307 3155 Ec-

129 3185 210 3260 clesia,
223 3212 281 3253 uou
296 3212 361 3252 esse
376 3213 475 3254 verum
489 3197 681 3272 baptismum
697 3194 845 3253 anathema
859 3193 943 3252 sit.”⁷

164 3291 222 3349 ltu.
242 3290 344 3351 Fidem
359 3292 508 3352 Trinitatis
517 3313 575 3353 non
584 3312 647 3353 esse
660 3294 849 3351 necessariam
862 3293 896 3350 ad
909 3292 1033 3350 valorem
1044 3293 1178 3369 baptismi
1189 3293 1307 3350 omnino

133 3387 266 3447 tenendum
277 3397 332 3456 est,
343 3407 431 3462 quum
442 3390 577 3449 Ecclesia
585 3408 700 3467 semper
711 3389 857 3467 agnoverit
870 3388 1053 3464 baptismum,
1063 3386 1218 3445 dummodo
1228 3387 1307 3444 invo-

133 3479 193 3536 catio
205 3483 284 3542 trium
299 3503 486 3562 personarum
499 3487 573 3545 sacta
586 3487 633 3555 sit,
648 3486 792 3544 consuetis
808 3484 910 3550 verbis,
927 3501 982 3555 qua
1003 3483 1119 3549 omissa,
1135 3483 1180 3540 vel
1202 3483 1305 3550 vitiata,

135 3574 213 3634 verbis
225 3598 286 3653 quae
298 3600 417 3639 sensum
430 3592 548 3649 mutant,
563 3583 721 3658 baptismus
736 3600 793 3638 nun
808 3580 849 3637 fit.
875 3578 1017 3654 Egregius
1029 3588 1072 3635 est
1085 3596 1162 3635 error
1177 3578 1306 3646 Burneti‚

135 3669 344 3751 quibapnsmum
357 3677 466 3736 nullum
478 3679 556 3747 dicit,
567 3681 615 3738 ubi
627 3679 787 3737 christianas
801 3675 945 3752 religionis
958 3675 1082 3733 essentia
1094 3694 1149 3732 non
1162 3686 1309 3744 servatura

135 3777 243 3830 econtra
255 3775 347 3833 valere
361 3776 386 3833 si
400 3774 473 3832 fides
488 3776 669 3835 articulorum
681 3772 932 3833 fundamentalium
948 3773 977 3830 iu
993 3784 1071 3830 secta
1084 3772 1200 3849 rigeat.⁸

215 3946 276 4013 Aug.
287 3952 304 4001 l.
311 3967 336 4004 v,
347 3951 378 4001 de
389 3951 461 4018 Bapt.
472 3962 556 4005 coutra
567 3953 709 4005 Donatistae
721 3969 741 4002 c.
754 3967 811 4000 xxv.

214 4030 305 4089 Ibidem
316 4036 347 4089 L.
357 4038 375 4089 i.
386 4055 409 4089 c.
419 4041 487 4091 xviii.

195 4545 224 4570 ⁴⁴
235 4544 320 4607 Hence
331 4556 351 4607 it
361 4556 457 4607 lullum
468 4556 520 4605 that
531 4555 592 4605 saith
603 4571 630 4603 as
642 4560 667 4603 to
678 4553 720 4602 the
737 4550 863 4602 essentiale
874 4552 903 4602 ol
915 4550 1066 4612 christianity
1080 4545 1177 4596 readers
1194 4547 1236 4599 the
1252 4551 1313 4623 bap.

180 4616 623 4708 “hammavingavauaa
658 4641 712 4690 aa
723 4637 775 4687 111.
786 4654 810 4704 p.
822 4639 880 4687 ase.
