2774 5056
264 332 328 393 DE
350 331 465 401 AQUA
485 330 538 392 tt>
559 332 808 393 BAPTISMUM
830 330 1101 394 Nucussntttt.
1243 331 1283 387 27

89 491 201 550 stilles
216 491 361 552 Zebedaei
375 511 385 550 r
399 492 420 550 ii
433 491 567 569 deinceps
581 491 707 565 reliquos
716 491 871 569 rpostolos.
913 492 1097 570 Septuaginta
1111 499 1205 550 eutem
1217 486 1283 547 illos

92 586 190 646 Petrus
205 600 235 647 et
248 588 393 659 Ioannes,
409 588 558 667 theologus
572 587 675 656 dietus,
687 588 909 673 baptizaturum
950 588 1079 648 Hebstur
1091 584 1286 648 testimonium

94 683 146 742 lton
159 683 236 760 apud
253 674 466 761 Nicephorum.
508 683 646 744 Clemens
674 662 882 744 Alex'nndrinus
906 683 936 743 id
955 684 1041 744 etiem
1064 680 1287 743 suolibrodieto

94 779 332 856 Hypotyposcon
346 780 492 838 inseruit·

130 880 179 935 36.
205 875 275 954 obj.
288 879 318 934 t.
340 875 473 952 Apostoli
487 876 603 934 nonnisi
623 875 772 934 eChristo
796 876 934 954 baptinsri
947 884 1108 954 potuerunt,
1122 874 1172 948 qui
1191 883 1287 932 temen

93 972 237 1030 neminem
246 971 423 1048 bsptiznvitr
445 990 532 1044 quum
542 972 618 1030 enim
628 971 771 1030 retulisset
781 972 908 1031 loannes
922 990 1064 1031 rumorem
1075 969 1111 1028 ad
1123 968 1287 1028 Pherisaeos

94 1070 231 1147 perlatum
246 1069 347 1128 lesum
360 1070 514 1147 baptism,
530 1069 740 1129 animadvertit:
762 1080 783 1107 “
793 1088 965 1145 quemquem
977 1070 1064 1129 Jesus
1085 1086 1144 1128 uon
1163 1067 1288 1145 bsptinr·

60 1233 64 1242 Ι
92 1179 142 1232 ret.
156 1166 208 1224 sed
224 1165 360 1244 discipuli
373 1166 485 1245 ejus.’'⁸

129 1261 219 1338 Rerp.
241 1262 344 1321 lesum
369 1262 467 1340 ipsum
481 1261 620 1335 quosdam
635 1263 796 1340 baptizasse
809 1274 921 1324 constet
933 1283 970 1323 ex
982 1263 1104 1322 Jornnis
1126 1260 1283 1320 rclrtione:

92 1360 210 1417 “Venit
228 1359 315 1418 Jesus
336 1368 366 1418 et
384 1358 517 1436 discipuli
535 1361 598 1437 ejus
614 1362 643 1420 in
664 1372 765 1420 terram
785 1361 936 1422 Judrsem:
958 1371 988 1420 et
1006 1361 1065 1420 illio
1085 1357 1283 1418 demorsbntur

92 1477 157 1516 cum
171 1459 225 1525 eis,
236 1469 266 1515 et
278 1456 483 1534 baptizrbnt.’'⁴
521 1458 606 1524 Quod
620 1471 721 1535 postea
730 1459 1024 1538 dicitintelligendum
1038 1469 1082 1517 est
1105 1457 1141 1517 de
1154 1455 1285 1534 plurimis

96 1554 232 1632 deinceps
247 1554 408 1632 baptizetis,
416 1573 489 1628 quos
499 1554 704 1632 discipulorum
717 1574 804 1634 opem
814 1576 880 1617 eum
891 1558 1053 1637 suscepisse
1067 1555 1151 1615 ritum
1163 1551 1285 1613 adnotet.

94 1653 160 1713 Nou
185 1652 242 1710 alin
260 1651 372 1710 ridetur
391 1652 463 1711 ratio
482 1671 533 1710 cur
552 1652 690 1721 loannes,
710 1671 748 1711 ex
769 1671 821 1712 sua
844 1655 984 1713 sententia
997 1653 1129 1727 loquens.
1152 1648 1286 1722 nulleque

94 1752 203 1829 adjectu
214 1749 419 1826 explicatione,
439 1749 542 1808 Jesum
567 1750 729 1827 baptizasse
751 1752 812 1829 jem
836 1752 1025 1811 sffirmnverit.
1066 1748 1183 1827 Optime
1202 1745 1288 1823 igitur

94 1847 245 1908 Cornelius
259 1866 276 1905 ι
289 1845 400 1924 Lepide
413 1846 529 1906 adnotat
542 1846 690 1907 Christum
704 1846 866 1925 baptizasse
890 1858 910 1887 “
919 1868 978 1909 non
1003 1857 1062 1907 tem
1083 1864 1133 1925 per
1146 1863 1178 1902 re
1199 1860 1286 1918 quem

93 1965 142 2026 per
153 1965 223 2005 suos
236 1944 406 2023 discipulos,
421 1963 495 2019 quos
509 1958 603 2006 temen
618 1946 681 2024 ipse
693 1947 773 2024 prins
787 1946 996 2028 lnptizabutss’,⁵

130 2048 179 2104 37.
198 2041 265 2121 obj.
280 2047 310 2101 5.
331 2043 459 2102 Jonnnes
473 2061 557 2102 suum
571 2043 744 2122 baptismum
756 2064 830 2121 eque
839 2045 972 2104 collatum
983 2064 1000 2102 a
1010 2042 1153 2120 baptismo
1164 2038 1285 2106 Christi.

94 2144 141 2216 qui
153 2143 189 2204 fit
209 2142 319 2220 Spiritu
340 2141 456 2208 Senem,
472 2143 592 2202 omnino
612 2142 780 2222 distinguit:
803 2145 890 2214 “Qui
910 2145 990 2204 misit
1016 2161 1063 2203 me
1087 2142 1230 2220 baptizare
1255 2139 1286 2198 in

95 2258 177 2312 sque,
204 2239 252 2297 ille
272 2237 347 2296 mihi
366 2237 440 2296 dixit
448 2256 463 2296 ε,
486 2238 582 2316 Super
602 2257 688 2312 quem
707 2239 813 2299 videris
841 2240 980 2318 Spiritum
1005 2239 1236 2303 descendentem,
1257 2244 1286 2292 et

96 2346 252 2394 innuentem
267 2352 446 2411 supereum,
461 2334 509 2393 hie
520 2346 574 2404 est,
588 2336 639 2408 qui
652 2336 778 2413 baptizat
788 2338 818 2395 in
832 2337 941 2414 Spiritu
956 2335 1108 2395 Sancto.”⁸
1271 2330 1275 2337 ’

133 2429 219 2511 Betp.
238 2429 369 2490 Humilis
394 2429 504 2489 Christi
525 2449 682 2507 precursor
701 2431 817 2507 ignorit
842 2449 874 2488 re
900 2431 1017 2490 nonnisi
1037 2449 1111 2505 equs
1130 2427 1285 2506 baptizare,

95 2528 199 2608 qnippe
211 2531 260 2606 qui
275 2548 335 2588 nor
347 2528 439 2606 potuit
450 2528 517 2588 ritui
531 2528 573 2587 illi
584 2527 672 2588 ullum
695 2526 794 2587 indere
808 2528 885 2597 vim;
907 2527 1056 2589 Christum
1071 2538 1165 2588 autem
1178 2527 1208 2586 in
1220 2525 1286 2604 spi·

96 2628 146 2685 ritu
159 2629 265 2687 Sancto
280 2627 436 2705 baptizare,
452 2627 520 2700 quis
533 2627 628 2704 gratim
639 2638 683 2685 est
703 2637 810 2685 auctor.
850 2627 884 2684 Id
897 2627 933 2684 de
947 2629 1035 2703 gretie
1048 2647 1111 2700 quse
1125 2624 1286 2703 poenitsnti·

95 2722 144 2782 διε
156 2724 257 2783 colluto
269 2734 316 2782 est
328 2723 479 2782 suessione
488 2723 664 2801 baptismatis
677 2723 697 2782 J
698 2723 799 2781 oanni
814 2723 971 2801 intelligere
985 2722 1063 2790 licet,
1078 2723 1153 2781 sicut
1165 2722 1201 2781 de
1215 2722 1283 2800 bap-

96 2820 176 2880 tismo
189 2841 205 2879 n
219 2818 338 2879 Christo
351 2818 538 2887 instituendo,
553 2819 603 2893 qui
609 2820 674 2897 jure
688 2821 799 2897 optimo
809 2818 973 2896 designatur
984 2819 1107 2896 Spiritus
1122 2818 1231 2886 Sancti,
1247 2817 1284 2877 ob

97 2916 216 2977 divinem
228 2918 361 2976 virtutem
375 2915 417 2974 illi
428 2915 554 2974 insitam.
595 2915 739 2975 Ceterum
754 2934 838 2990 nque,
851 2915 940 2974 veluti
953 2915 1151 2983 instrumento,
1163 2913 1285 2973 eonierri

98 3014 165 3075 hmc
177 3015 295 3094 gretim
308 3014 398 3087 liquet
420 3031 457 3072 ex
472 3012 582 3073 Christi
596 3014 688 3072 verbis
704 3012 738 3072 sd
761 3012 967 3084 Nicodemum,
981 3023 1010 3071 et
1026 3031 1064 3071 cx
1078 3013 1283 3090 Apostolorum

99 3115 176 3173 rebus
187 3113 285 3192 getis.

134 3217 180 3272 ³8.
217 3211 286 3292 olj.
309 3215 338 3270 6.
374 3211 525 3288 Bsptiznre
538 3210 616 3269 idem
638 3223 682 3269 est
703 3230 736 3269 ec
756 3209 879 3270 initiare
907 3209 1077 3288 cognitione
1105 3208 1282 3289 Evangelii,

101 3308 213 3385 ideoque
227 3309 258 3367 in
272 3308 395 3367 cultores
409 3306 503 3365 Patris
516 3318 545 3364 et
558 3306 625 3366 Filii
639 3320 668 3366 et
681 3307 805 3384 Spiritus
819 3307 918 3368 Sancti
927 3307 1004 3385 jussi
1016 3317 1085 3365 sunt
1097 3306 1232 3383 Apostoli
1252 3315 1284 3364 ut

103 3407 234 3467 initiarent
243 3425 316 3481 qnos
329 3405 475 3471 docerent,
490 3406 559 3479 quin
574 3406 669 3478 alique
681 3405 809 3465 facienda
819 3416 896 3464 esset
908 3406 1035 3482 corporis
1049 3405 1164 3463 ablutio.

139 3502 222 3582 Hesp.
246 3503 336 3562 Nullo
350 3501 485 3578 exemplo
509 3503 644 3580 probatur
663 3502 793 3563 initiandi
806 3503 1042 3581 significationem
1058 3500 1125 3558 huic
1138 3501 1204 3558 roci
1217 3516 1284 3559 eou-

106 3602 200 3670 venire,
214 3599 291 3677 quod
306 3597 383 3659 'enim
396 3599 535 3678 profertur
549 3621 565 3658 ι
578 3602 762 3669 nonomine,
777 3609 821 3659 est
841 3598 917 3674 quod
930 3598 961 3656 in
981 3597 1137 3672 qurestione
1158 3607 1286 3657 versetur

106 3699 296 3757 tettimonium.
338 3695 484 3771 Equidem
499 3697 632 3756 omnibus
646 3697 797 3756 lemuribus
811 3714 869 3755 vox
893 3695 923 3754 in
937 3713 1040 3769 nquam
1055 3712 1182 3774 mergere
1197 3696 1284 3774 signi-

108 3793 181 3864 ficst3
199 3795 273 3855 etad
289 3794 462 3853 ablutionem
477 3812 687 3871 quamcumque
701 3793 905 3873 designandam
925 3793 1141 3872 ascriptoribus
1159 3792 1284 3872 judaieis

110 3893 135 3949 ‘et
145 3891 308 3961 christiani,
331 3892 407 3980 huud
431 3892 564 3952 inusitata
576 3893 701 3962 lieentia,
728 3903 888 3970 usurpetur.
929 3890 990 3950 Sed
1016 3891 1088 3949 alius
1109 3893 1284 3966 quicumque

112 4005 198 4048 nurus
211 3992 237 4050 ei
250 3990 336 4050 tribui
349 4009 408 4050 nou
421 4000 516 4068 potest
528 3991 586 4051 nisi
600 3992 760 4099 translatus.
801 3990 837 4050 ln
848 3988 980 4049 mandato
994 3988 1160 4066 hujusmodi
1175 3989 1284 4050 alienus

144 4204 181 4267 ll)
195 4206 334 4258 nunnoni.
345 4206 361 4256 l.
373 4205 473 4258 iieiii

148 4287 182 4351 (ἢ)
196 4287 223 4339 Ι..
232 4294 254 4341 5.
265 4291 393 4356 Hypotyp,
405 4291 470 4357 epod
480 4291 603 4344 lornnem
611 4291 742 4344 Moschum
750 4290 777 4342 in
788 4291 861 4342 Prste
868 4289 988 4359 spirinui
998 4306 1020 4343 c.
1032 4290 1121 4343 clxxvi
1195 4293 1321 4335 Μ’

150 4372 185 4437 (³)
199 4374 261 4427 luen.
272 4377 305 4426 iv.
316 4380 342 4426 2.

154 4453 363 4517 mmmm

156 4534 192 4601 (⁵)
208 4540 338 4597 comment.
349 4546 376 4597 in
387 4545 475 4599 loeum.

157 4621 189 4681 (θ)
202 4624 264 4683 loen.
273 4631 292 4684 i.
302 4633 343 4682 ut.
