2774 5056
359 304 416 365 DE
437 304 963 368 TRANSUBSTANTIATIONE.
1206 312 1262 368 loo

69 458 105 517 sti
117 460 285 523 testimonio
298 462 408 541 integro
421 465 537 524 recitato
556 465 662 540 cuique
684 467 800 543 patebit.
842 475 862 503 ‘⁸
873 464 1032 525 Credamus
1045 467 1143 542 itaque
1155 466 1263 541 ubique
1344 524 1348 535 ,

68 553 139 625 Deo,
153 575 210 616 nec
223 577 417 638 repugnemus
431 562 469 631 ei,
483 562 570 621 etiam
584 563 610 620 si
623 565 722 621 sensui
742 574 772 621 et
792 563 957 640 cogitationi
980 572 1084 622 nostrae
1106 564 1263 624 absurdum

68 668 128 711 esse
142 654 275 714 videatur
288 656 365 731 quod
379 657 457 727 dicit,
472 668 630 737 superstet
656 678 786 729 sensum,
808 669 838 718 et
859 660 996 718 rationem
1022 670 1148 721 nostram
1168 679 1265 721 sermo

68 749 167 827 ipsius,
183 753 261 826 quod
277 754 306 812 iu
320 755 453 813 omnibus
467 766 496 814 et
516 757 659 833 precipue
676 759 706 815 iu
728 758 873 833 mysteriis
894 756 1042 830 faciamus,
1056 776 1114 816 non
1136 758 1185 816 illa
1200 775 1263 832 quae

67 860 129 907 ante
142 868 198 909 nos
219 852 318 928 jacent
330 851 512 912 solummodo
527 854 709 931 aspicientes.
724 853 776 912 scd
796 855 882 912 verba
902 873 1018 929 quoque
1038 855 1101 932 ejus
1123 865 1263 914 tenentes.

68 947 144 1008 Nam
158 948 255 1008 verbis
276 951 339 1028 ejus
362 950 522 1010 defraudari
546 972 606 1011 non
628 971 793 1030 possumus,
807 971 911 1011 sensus
931 951 999 1013 sard
1019 964 1116 1012 noster
1131 952 1263 1031 deceptui

65 1043 218 1104 facillimus
242 1058 303 1104 est:
336 1047 385 1106 illa
405 1048 476 1106 salsa
502 1066 567 1106 esse
596 1067 654 1107 non
680 1057 809 1124 possunt.
835 1049 883 1107 hic
909 1049 1016 1126 soepius
1044 1059 1127 1122 atque
1154 1049 1262 1126 saepius

65 1138 181 1201 fallitur.
223 1141 366 1208 Quoniam
387 1161 456 1221 ergo
476 1142 524 1203 ille
545 1142 637 1202 dixit:
671 1144 738 1202 Hoc
759 1162 814 1203 sss
841 1163 951 1202 consus
978 1163 1085 1203 naun:
1107 1143 1185 1203 nulla
1205 1155 1266 1202 ten·

65 1255 166 1297 eamus
187 1239 380 1317 ambiguitate,
395 1238 448 1298 sed
470 1239 630 1309 credamus,
645 1251 673 1298 et
692 1241 784 1300 oculis
808 1240 968 1299 intellectus
992 1239 1022 1299 id
1043 1241 1262 1318 perspiciamus.

67 1333 152 1392 Nihil
165 1334 245 1393 euim
266 1334 402 1394 sensibile
425 1335 556 1395 traditum
578 1336 661 1395 nobis
682 1355 699 1393 a
720 1335 848 1404 Christo,
870 1333 921 1393 sed
943 1335 1029 1394 rebus
1043 1335 1158 1409 quidem
1174 1335 1264 1392 sensi·

66 1429 193 1493 bilibus:
221 1430 317 1495 omnia
339 1430 404 1490 rard
427 1450 490 1505 qua
512 1431 627 1492 tradidit
647 1432 825 1490 insensibilia
846 1440 922 1490 sunt.
965 1431 1015 1489 Sic
1029 1441 1058 1490 et
1072 1432 1101 1489 in
1122 1432 1265 1507 baptismo

62 1542 118 1602 per
129 1543 245 1598 aquam,
257 1544 321 1600 quae
335 1544 381 1584 res
395 1527 539 1586 sensibilis
554 1537 608 1595 est,
622 1525 731 1587 donum
746 1525 816 1585 illud
830 1526 1011 1586 conceditur:
1034 1525 1111 1601 quod
1126 1536 1220 1584 autem
1235 1524 1265 1583 iu

61 1637 101 1678 ea
114 1621 275 1689 conficitur,
294 1623 471 1700 regeneratio
490 1623 601 1682 scilicet
624 1642 657 1681 ac
682 1623 838 1690 renovatio,
860 1620 1038 1700 intelligibile
1063 1619 1198 1695 quiddam
1212 1629 1265 1676 est.

59 1715 147 1775 Nam
160 1715 188 1774 si
202 1727 232 1774 tu
246 1717 433 1794 incorporeus
445 1735 537 1785 esses,
552 1716 628 1776 nude
650 1719 714 1796 ipsa
736 1717 812 1778 dona
836 1719 1005 1794 incorporea
1019 1714 1182 1774 tradidisset
1195 1714 1245 1773 tibi
1259 1732 1267 1770 t

56 1811 206 1887 quoniam
221 1811 288 1871 verd
303 1813 416 1891 corpori
430 1815 583 1892 conjuncta
606 1825 651 1873 est
664 1815 759 1873 anima
771 1826 829 1882 tua,
844 1813 1071 1873 insensibilibus
1086 1809 1271 1889 intelligenda

59 1908 120 1966 sibi
130 1905 288 1968 traduntur.
311 1907 419 1983 Oquot
429 1909 515 1968 modo
523 1908 631 1978 dicunt,
638 1911 740 1969 vellem
753 1911 815 1987 ejus
826 1910 958 1977 sormam,
967 1921 1080 1986 typum,
1090 1909 1269 1974 vestimenta,

56 2005 262 2065 odcesmeuta
270 2004 368 2064 videre
380 2009 388 2066 l
423 2007 502 2065 Ecce
513 2007 593 2067 illum
603 2007 695 2076 vides,
707 2009 803 2084 ipsum
814 2008 917 2084 tangis,
940 2007 1035 2083 ipsum
1047 2004 1270 2065 comedia-tat

56 2103 143 2159 aare
149 2101 367 2174 aequarem,
376 2108 450 2161 ccclv
461 2101 625 2168 lubitu-Et
637 2114 667 2163 tu
684 2104 800 2180 quidem
810 2105 980 2163 vestimenta
988 2102 1085 2162 ridere
1093 2102 1192 2180 cupis:
1208 2103 1271 2179 ipse

59 2201 138 2261 vero
148 2202 279 2280 seipsum
294 2202 344 2261 tibi
359 2201 416 2270 dat,
428 2221 486 2263 nou
501 2202 656 2263 videndum
672 2203 769 2272 modo,
784 2203 835 2262 sed
850 2202 1034 2281 tangendum,
1048 2200 1270 2268 comedendum,

67 2299 148 2359 intus
160 2297 473 2375 accipiendum-obst:
480 2302 505 2354 tr
517 2299 603 2355 ἑαυτόν
614 2319 652 2356 σοι
662 2297 768 2360 δίδωσιν,
778 2304 809 2355 tx
821 2299 970 2368 tetrartum,
977 2297 1041 2353 ene
1051 2298 1094 2352 aui
1105 2297 1271 2362 domama&

69 2409 163 2464 popae,
172 2415 216 2449 m
225 2400 312 2461 >aueo
321 2395 534 2468 eso-Neque
548 2395 626 2453 enim
640 2395 710 2452 satis
725 2394 824 2453 habuit
834 2394 982 2453 hominem
996 2393 1070 2461 fieri,
1085 2393 1174 2468 alapis
1188 2391 1270 2457 credi,

81 2489 224 2560 immolari,
239 2492 291 2551 sed
305 2493 434 2570 seipsum
448 2492 617 2551 commiscet
637 2493 799 2560 nobiscum,
815 2510 872 2550 non
892 2490 948 2549 fide
970 2500 1089 2558 tantum,
1103 2490 1155 2548 sed
1177 2490 1273 2567 reipsa

84 2603 132 2645 uos
142 2607 243 2667 corpus
258 2607 343 2648 suum
364 2587 663 2660 constituit-desolaret
672 2587 757 2644 inorbo
766 2587 834 2659 ἡμῖν,
844 2590 886 2642 eat
897 2594 926 2642 ot
942 2589 975 2658 τῇ
987 2584 1056 2653 strat
1065 2588 1145 2657 μόνον,
1155 2585 1218 2642 mm
1228 2589 1272 2642 sal

93 2701 185 2757 usurp
195 2685 325 2759 npo‘qport
336 2693 405 2758 σῶμα
415 2686 478 2759 ἡμᾶς
488 2686 548 2743 dors
558 2685 750 2751 κατασκευάζει.
791 2688 905 2754 Quanta
915 2705 984 2764 ergo
998 2687 1117 2764 puritate
1132 2699 1274 2764 oporteret

95 2798 146 2845 tum
155 2804 218 2846 esse
231 2786 282 2861 qui
294 2787 351 2846 hoc
364 2786 466 2845 fruitur
478 2786 643 2845 sacrificiol
664 2796 772 2860 quanto
792 2785 879 2845 radiis
894 2785 1034 2844 solaribus
1050 2786 1192 2862 puriorem
1208 2803 1273 2844 esse

97 2895 217 2957 omnem:
229 2903 346 2944 manum
360 2885 449 2953 illam,
466 2902 528 2958 qus
543 2884 618 2943 hauc
628 2902 743 2943 caruem
757 2896 845 2953 secat,
861 2903 894 2942 os
909 2884 986 2957 quod
997 2883 1138 2967 spirituali
1150 2883 1273 2962 repletur

99 2976 157 3056 igue,
168 2983 293 3062 lingnam
314 2982 463 3042 tremendo
476 2983 616 3060 sangnine
641 2984 757 3042 tinctam
768 2981 890 3047 l-nor'a5
906 2980 1116 3055 inusitatissima
1137 2985 1183 3054 τὴν
1201 2982 1276 3051 gripu

97 3076 132 3146 τῲ
139 3082 223 3154 sodsqs
233 3082 391 3152 beescam
402 3083 449 3152 esis
458 3080 545 3151 σάρκα,
556 3086 587 3137 τὸ
597 3081 663 3150 ςόμα
672 3082 834 3152 stttqpoo'prvos
845 3085 917 3149 πυρὸς
926 3098 1100 3150 messmam,
1111 3098 1157 3151 την
1167 3096 1276 3152 moscus

97 3169 304 3242 ψοαίησωμένην
313 3168 746 3249 &wippenberiam-Cogita
760 3185 895 3245 quantum
911 3170 1030 3248 adeptus
1051 3172 1088 3228 sit
1113 3170 1273 3228 honoreml

10 3250 19 3295 ·'
100 3267 245 3336 quatruaris
257 3267 379 3328 mensal
400 3267 487 3334 Quod
500 3268 604 3345 Angeli
616 3277 740 3326 tremunt
751 3267 891 3335 videntes,
906 3269 1029 3327 neosine
1039 3275 1116 3325 metu
1132 3266 1274 3341 respicere

10 3430 14 3443 „
99 3362 229 3427 tudsntob
243 3366 384 3445 fulgorem
407 3366 474 3424 inde
495 3378 667 3435 manantem,
682 3385 718 3425 eo
741 3384 794 3424 nos
818 3366 930 3432 alimur,
952 3365 1018 3423 lruic
1040 3363 1273 3429 commiscemur,

10 3448 12 3515 J
99 3457 199 3537 totique
212 3482 312 3523 sumus
328 3463 441 3523 Christi
462 3482 551 3522 unum
572 3482 687 3541 corpus,
710 3475 738 3520 et
763 3481 820 3520 una
839 3461 1025 3520 caro—wlco
1041 3460 1110 3530 ἡμέις
1126 3459 1275 3528 τρεφόμεθα,

98 3557 162 3630 stirp
169 3561 342 3633 bapmlprbc,
352 3565 394 3618 sul
406 3563 537 3634 γεγόναμεν
548 3563 617 3632 quin
626 3569 719 3631 Χροςου
730 3565 800 3628 σῶμα
808 3559 833 3614 ἓν
843 3561 886 3614 κω)
897 3558 954 3628 σὰρξ
960 3557 1129 3628 stiffi-‘Quis
1144 3559 1276 3633 loquetur

10 3658 13 3683 ¹
100 3661 218 3730 manen
231 3659 375 3719 Domini?
396 3659 505 3718 auditas
514 3660 598 3718 saciet
608 3677 709 3719 omnes
722 3657 820 3716 laudes
836 3657 919 3734 ejusi
961 3657 1034 3724 Quis
1044 3669 1139 3734 pastor
1152 3659 1274 3736 propriis

101 3752 144 3813 sibi
153 3757 284 3817 membris
303 3774 373 3814 oves
394 3756 504 3814 nutriti
545 3753 661 3828 Ecquid
683 3765 825 3831 pastorem
847 3752 932 3812 dicol
974 3755 1083 3813 Matres
1105 3773 1182 3832 saepe
1196 3768 1273 3823 sunt,

103 3866 151 3922 qut:
161 3865 222 3931 post
235 3863 348 3932 partum
362 3852 484 3913 infantes
500 3853 564 3911 aliis
583 3852 741 3912 nutricibus
760 3852 846 3910 dant:
867 3852 930 3928 ipse
951 3870 1019 3910 vero
1041 3852 1069 3911 id
1090 3871 1149 3912 non
1173 3871 1276 3929 passus

103 3952 198 4016 estred
218 3970 273 4012 uos
286 3951 403 4028 pmprio
424 3951 563 4028 sanguine
584 3951 681 4018 nutrit,
696 3960 725 4008 et
739 3969 790 4028 per
803 3951 900 4009 omnia
915 3950 969 4008 sibi
983 3949 1193 4027 copulat-dra'
1204 3950 1275 4012 two:

104 4041 231 4119 isdem
240 4046 325 4118 ὀνιιίφ
335 4047 432 4118 ἄματι,
442 4049 484 4103 :tol
498 4047 540 4102 διὰ
556 4046 655 4104 πάντων
666 4045 728 4118 ἡμᾶς
737 4047 815 4117 lonso
827 4047 983 4117 muniisset-²

137 4145 191 4206 tto.
214 4145 281 4227 Obj.
305 4148 354 4204 14.
375 4144 604 4223 chrysostomus
625 4146 747 4206 scribit:
777 4155 797 4183 ‘⁶
811 4146 893 4205 Sicut
912 4155 1065 4218 antequam
1086 4145 1275 4204 sanctificetur

109 4240 286 4322 miapauem
296 4243 498 4303 nominamus:
514 4242 610 4303 divina
620 4258 714 4304 autem
724 4244 803 4303 illum
818 4244 1012 4303 sanctificante
1025 4247 1124 4321 gratia,
1135 4243 1275 4302 mediante

112 4334 245 4412 bmrdote
259 4343 394 4402 liberatus
409 4354 453 4401 est
468 4342 585 4417 quidem
599 4345 634 4401 ab
648 4344 837 4422 appellatione
848 4343 930 4421 panis
943 4364 954 4417 3
975 4342 1077 4422 dignus
1093 4355 1186 4401 autem
1198 4341 1275 4399 habi-

424 4571 467 4636 (1)
481 4570 558 4621 Hom.
567 4570 654 4622 lxxxii.
666 4571 727 4622 alias
737 4571 836 4622 lxxxiii.
847 4570 876 4622 iu
887 4571 959 4623 Matr.
