2774 5056
341 324 398 386 DE
419 324 556 386 SEXTO
577 325 754 388 touls-Nus
775 326 940 389 ΟΔΡΙΤΕ.
1180 336 1236 391 135

53 475 144 539 lumine
157 480 263 542 fideles
278 485 482 562 amplectuntur
492 490 515 555 3¹
528 496 549 524 ‘⁴
560 486 613 546 sed
626 496 693 546 sunt
708 486 825 561 quidam
836 506 871 546 ex
888 486 1001 557 vobis,''
1016 489 1109 567 pergit
1131 484 1242 559 dicere,

55 576 118 648 “qui
130 595 194 637 non
206 579 356 641 credunt”
398 583 471 641 Haec
490 585 574 645 obvia
600 595 645 643 est
663 586 814 643 verborum
836 584 1011 662 objectorum
1033 586 1236 664 interpretatio,

55 670 123 729 seriei
132 674 224 732 totius
240 677 375 736 orationis
389 696 527 748 consone,
542 688 571 738 et
581 681 647 738 usui
661 681 875 758 scripturarum,
886 680 916 739 in
931 681 1034 754 quibus
1048 700 1114 741 caro
1128 685 1237 760 passim

54 783 94 841 pm
105 768 234 831 humano
249 784 278 831 et
292 775 394 834 vitioso
408 794 496 834 sensu
510 786 539 834 et
551 776 653 836 affectu
668 778 800 836 sumitur.
843 777 911 854 lpse
925 777 1127 838 Rosenrntiller
1148 799 1182 838 ea
1195 783 1238 839 sio

54 861 146 923 reddit:
170 869 358 930 “Sublimior
371 871 515 931 sentiendi
529 875 600 933 ratio
620 875 739 933 salutem
761 873 852 943 affert,
867 873 983 933 humilis
999 874 1138 956 (infirma)
1152 878 1238 936 senti·

53 961 107 1021 cudi
128 966 203 1025 ratio
226 968 299 1027 nihil
318 968 419 1046 jubat3
441 970 577 1031 doctrinoe
600 991 671 1047 quas
692 992 746 1050 ego
770 973 851 1032 vobis
867 990 1008 1049 propono,
1021 975 1148 1034 efficiunt
1160 976 1238 1036 illam

53 1059 238 1122 sublimiorem
253 1066 396 1125 sentiendi
409 1068 559 1137 rationem,
581 1080 610 1129 et
630 1069 845 1129 salutem.'’-“
857 1071 952 1139 πνεῦμα
963 1062 1034 1145 [lli
1048 1074 1077 1131 in
1092 1073 1133 1132 N.
1148 1074 1187 1132 Τ.
1208 1074 1238 1133 in

53 1182 143 1240 genere
167 1167 285 1240 dicitur,
301 1170 441 1245 quidquid
466 1184 511 1230 est
533 1170 700 1250 perlectum,
725 1173 839 1244 subtile,
853 1175 987 1243 sublime,
1002 1173 1150 1240 divinum3
1178 1168 1235 1240 σάρξ

54 1241 151 1351 W),
175 1268 315 1342 quicquid
341 1278 386 1328 est
398 1270 607 1348 imperfectum,
628 1271 694 1339 vile,
717 1271 923 1331 humanum.”⁸
962 1274 1005 1332 lta
1025 1270 1179 1348 Apostolus
1202 1268 1238 1326 ad

53 1362 158 1424 Galatas
181 1369 311 1426 scribens
336 1388 423 1427 voces
450 1370 513 1428 illas
534 1369 669 1428 adhibet:
698 1379 718 1406 ‘⁶
729 1370 780 1429 Sic
800 1372 878 1430 stulti
899 1372 979 1439 estis,
995 1383 1026 1429 ut
1050 1389 1115 1428 curn
1137 1369 1238 1445 spiritu

51 1462 194 1539 ceperitis,
224 1482 301 1523 nunc
327 1484 410 1524 carne
438 1466 722 1526 consummemini.’'⁸
773 1466 822 1525 Ex
849 1478 952 1527 eventu
979 1467 1047 1526 eatis
1075 1465 1239 1543 intelligitur

52 1556 190 1620 Christum
214 1562 289 1621 nihil
315 1563 471 1641 mitigasse,
486 1564 538 1623 sed
558 1584 593 1622 ea
606 1583 669 1639 quae
691 1565 801 1624 dixerat
820 1566 979 1624 inculcasse
1000 1562 1149 1630 credenda,
1171 1580 1237 1621 nem

52 1654 172 1737 discipuli
184 1660 279 1730 multi,
294 1680 329 1722 eo
341 1663 447 1731 audito,
460 1662 665 1733 discesserunt,
681 1682 838 1738 numquam
852 1664 1003 1722 reversuri.
1045 1661 1131 1731 Quod
1144 1672 1238 1721 autem

53 1757 175 1817 meritur
187 1758 225 1817 de
246 1760 368 1819 obscura
381 1759 524 1820 locutione
546 1763 576 1821 in
588 1782 713 1840 poenam,
729 1763 902 1840 impietatem
915 1762 1000 1839 sapit,
1015 1760 1146 1836 quamvis
1160 1762 1238 1819 enim

52 1854 173 1916 llhristus
187 1856 265 1917 haud
286 1877 401 1937 semper
415 1861 575 1938 perspicuis
590 1861 683 1920 verbis
706 1862 875 1938 mysterium
890 1862 970 1937 regni
985 1861 1118 1918 omnibus
1132 1858 1240 1937 pande·

52 1951 86 2019 tit,
105 1952 177 2012 illud
199 1954 348 2032 Apostolis
373 1957 504 2033 privatim
528 1956 599 2015 dans
613 1976 720 2026 nosse;
742 1976 801 2016 non
815 1956 880 2016 ideo
902 1957 1004 2034 potuit,
1019 1955 1107 2014 illaesa
1121 1955 1239 2013 veritate

53 2058 74 2106 ct
83 2048 204 2110 bonitate
217 2071 281 2120 aua,
296 2054 336 2111 ita
348 2053 428 2128 loqui
443 2066 473 2113 ut
484 2056 645 2113 necessario
667 2054 867 2114 inducerentur
889 2055 919 2112 in
939 2072 1062 2112 errorem
1084 2051 1237 2127 auditores,

52 2155 97 2203 cte
109 2149 249 2207 concione
261 2149 418 2227 discedere,
434 2151 513 2210 nullo
528 2151 593 2209 dato
606 2153 651 2210 sui
666 2170 769 2210 sensus
783 2151 900 2209 indicio.

81 2246 127 2303 su.
151 2243 219 2323 obj.
236 2248 265 2304 6.
288 2246 382 2324 “Ipsi
396 2246 538 2306 auditores
553 2248 624 2306 lesu
634 2248 716 2307 facile
727 2247 882 2324 intelligere
896 2256 1035 2325 poterant,
1051 2265 1117 2304 eum
1132 2247 1238 2323 impro-

53 2338 102 2415 pio
121 2340 237 2400 dicendi
264 2360 368 2420 genere
391 2362 477 2402 usum
501 2362 576 2412 esse,
602 2355 633 2402 ut
658 2343 712 2401 hoc
736 2362 853 2402 monere
867 2362 924 2401 non
950 2341 1154 2418 sueritopus.”
1194 2341 1238 2399 Ita

53 2432 253 2508 lloseumllller,
282 2438 374 2499 latens
401 2441 496 2499 verbis
520 2459 583 2514 qure
608 2440 750 2500 versiculo
771 2445 808 2499 63
832 2440 1013 2498 continentur
1040 2439 1147 2497 nullam
1175 2438 1236 2497 dari

55 2533 160 2609 publicae
172 2537 323 2596 concionis
332 2537 564 2615 explicationem.

10 2672 13 2687 .
82 2630 165 2712 Rcap.
181 2634 308 2693 Minime
320 2643 449 2712 poteraut
459 2634 489 2693 id
501 2634 669 2712 intelligere,
685 2652 774 2708 quum
788 2633 860 2710 ipsis
872 2631 1113 2692 murmurantibus
1121 2641 1150 2691 et
1161 2650 1235 2707 quae-

56 2732 175 2803 turibus,
197 2731 345 2807 quomodo
374 2731 508 2792 Christus
536 2732 602 2791 dare
627 2743 726 2811 posset
751 2751 833 2791 suam
861 2750 975 2791 carnem
999 2730 1236 2800 manducandam,

55 2828 160 2890 matus
174 2832 214 2889 sit
227 2832 265 2889 iis
292 2842 413 2890 mortem
424 2832 480 2891 nisi
494 2851 556 2890 earn
573 2831 784 2900 manducarent,
799 2841 827 2889 et
839 2832 996 2909 perrexerit
1015 2832 1096 2906 loqui
1117 2831 1152 2890 de
1166 2850 1234 2890 esua

56 2924 309 2987 lll'usutilitatibus.
350 2928 496 3004 Equidem
524 2930 550 2988 ei
572 2930 692 3008 figuram
714 2930 838 3003 aliquam
862 2928 991 2988 adhiberi
1004 2929 1186 3006 cogitassent,
1200 2947 1237 2986 ex

55 3042 94 3085 utu
105 3046 165 3087 sure
178 3028 276 3106 gentis
289 3029 352 3105 ejus
368 3028 425 3087 vim
446 3028 635 3097 definiissent,
650 3047 739 3103 quum
760 3047 798 3086 ex
813 3029 875 3106 ejus
889 3046 1021 3086 sermone
1042 3047 1100 3087 non
1115 3038 1235 3106 pateret.

55 3117 105 3183 lm
112 3122 279 3209 sero-apud
294 3124 365 3184 'illos
379 3124 549 3184 manducare
563 3125 684 3211 alicujus
698 3143 824 3193 carnem,
836 3135 865 3182 et
878 3124 975 3183 bibere
989 3125 1052 3202 ejus
1067 3126 1236 3202 sanguinem

57 3222 175 3283 murto
188 3240 280 3282 seusu
293 3223 472 3297 significabat
479 3230 577 3302 petere
599 3222 768 3292 calumniis,
778 3221 951 3301 opprimere,
954 3222 1103 3301 persequi,
1125 3221 1237 3301 interfi-

57 3331 109 3388 Μ,
127 3328 216 3398 prout
238 3318 275 3379 ad
294 3338 356 3379 rem
377 3319 575 3379 animadvertit
602 3320 811 3378 eruditissimus
836 3320 889 3387 vir,
912 3316 1051 3376 Nicolaus
1074 3317 1234 3377 Wiseman.

57 3410 146 3477 l'nltes
166 3414 205 3475 de
227 3415 358 3479 hostibus
373 3417 516 3491 queritur:
539 3418 739 3495 “appropiant
763 3434 851 3493 super
874 3433 921 3474 me
945 3424 1092 3482 nocentes,
1106 3426 1138 3472 ut
1150 3414 1237 3472 edent

57 3526 136 3573 moes
163 3512 297 3573 meas.”⁴
334 3514 392 3575 Job
413 3514 448 3573 de
473 3515 722 3575 calumniatoribus
738 3515 796 3572 ait:
819 3512 946 3580 “Quare
968 3510 1174 3589 persequimini
1189 3532 1235 3572 me

10 3658 12 3671 .
42 3606 113 3669 tt'tut
135 3610 232 3681 Deus,
255 3621 285 3671 et
304 3612 436 3671 carnibus
461 3613 534 3672 meis
558 3612 722 3670 saturamini
735 3610 781 3668 l”⁸
820 3608 865 3668 De
894 3608 1070 3686 principibus
1094 3610 1234 3687 populum

10 3742 15 3784 t
58 3707 267 3783 mentibus
292 3706 362 3767 dicit
375 3707 476 3768 Deus:
499 3709 580 3782 “qui
600 3708 784 3767 comederunt
810 3724 923 3766 carnem
946 3706 1046 3785 populi
1066 3706 1171 3766 mei.”⁸
1209 3710 1236 3767 A

60 3806 185 3883 neuris
199 3814 296 3867 eutem
310 3807 454 3885 potatione
466 3818 603 3881 quantum
618 3806 800 3866 abhorrerent
812 3805 831 3865 J
833 3805 906 3865 udaei
920 3816 1019 3864 notum
1031 3816 1095 3874 est;
1117 3815 1147 3865 et
1157 3808 1238 3886 plura

10 3940 22 3981 2
63 3902 160 3975 Νι
176 3902 316 3982 exempla
338 3922 402 3964 cam
424 3924 476 3983 pro
498 3924 529 3964 re
551 3905 692 3965 horrenda
712 3923 827 3983 semper
846 3902 987 3982 usurpari,
1009 3904 1122 3978 quando
1151 3918 1237 3966 sensu

88 4060 120 4127 ll)
133 4060 224 4115 “tuat
232 4061 258 4113 ‘u
266 4062 327 4129 they
337 4078 379 4114 ere
389 4063 452 4116 born
463 4063 505 4114 the
516 4063 592 4129 spirit
602 4064 631 4114 ol
634 4064 698 4126 God,
708 4063 757 4114 end
767 4063 790 4114 if
796 4062 906 4114 received
917 4060 977 4111 with
988 4062 1118 4123 truefaith,
1126 4064 1178 4114 will
1188 4064 1242 4115 lead

10 4128 29 4177 Ἦ
70 4142 88 4189 s
99 4148 178 4199 mr
198 4144 267 4199 nter
300 4148 339 4201 ra
357 4149 469 4201 nomia·
489 4149 580 4202 naeu
592 4150 649 4202 roc
665 4150 691 4202 rt
708 4150 853 4214 usuum,
876 4147 905 4199 or
915 4147 957 4198 uc
975 4145 1065 4210 etue,
1080 4165 1105 4215 ,t
1122 4152 1181 4211 cco,
1197 4150 1241 4201 su
