2774 5056
86 316 146 372 ale
532 310 590 371 DE
610 308 834 370 LITURCIIS.

126 474 196 529 281.
218 468 252 529 In
276 470 340 548 ipsa
363 486 450 543 quam
475 467 611 528 Matthias
634 467 754 527 Flaccus
777 467 958 527 Lutheranns
982 465 1074 526 edidit
1097 484 1174 527 anno
1198 471 1283 536 lbb'l,

88 569 182 629 Missa
195 568 305 637 Latina,
317 585 381 642 quo
395 567 425 625 in
440 565 542 625 Galliis
557 566 627 625 olim
642 566 753 625 recitari
768 567 928 634 censuerit,
941 565 1113 624 documenta
1127 566 1285 625 clarissima

87 664 172 723 realis
195 664 351 741 prasentia
375 662 530 721 habenturr
564 669 585 698 ‘⁴
598 662 761 728 Sanctifica,
786 661 923 730 Domine,
948 660 1023 720 hanc
1042 661 1230 730 oblationem,
1252 670 1283 719 ut

87 762 171 820 nobis
183 760 320 837 unigeniti
330 759 397 818 Filii
408 761 447 818 tui
459 758 577 817 Domini
589 759 677 818 nostri
686 757 758 817 Jesu
768 758 879 817 Christi
893 777 997 835 corpus
1011 757 1093 816 liat.”
1115 768 1136 794 ‘⁶
1146 757 1283 817 Oblatum

88 860 148 927 tibi,
163 859 299 926 Domine,
312 857 430 917 calicem
445 857 600 923 sanctifica,
615 867 645 914 ut
664 857 747 915 nobis
762 858 900 935 unigeniti
915 858 956 915 tui
970 857 1091 915 Domini
1105 857 1197 915 nostri
1210 856 1283 915 Jesn

88 953 198 1013 Christi
207 954 323 1032 sanguis
333 952 412 1012 fiat.”
456 942 694 1012 Post'orationem
706 951 880 1011 dominicam
891 953 1098 1030 praescribitur:
1114 950 1283 1013 Menum
1355 968 1371 981 ·

87 1069 194 1130 corpur
207 1049 353 1109 dominico
367 1049 524 1129 sanguini,
535 1061 563 1109 et
571 1049 697 1108 dicatur:
720 1058 739 1085 ‘⁶
752 1048 824 1109 Haee
839 1065 1018 1110 sacrosancta
1037 1049 1208 1108 commixtio
1221 1064 1284 1109 cor·
1336 1076 1373 1091 -

87 1151 165 1227 poris
179 1160 208 1208 et
221 1149 368 1226 sanguinis
382 1148 500 1207 Domini
516 1148 603 1207 nostri
618 1147 690 1206 Jesu
705 1146 815 1206 Christi
830 1148 879 1207 bat
891 1148 1025 1207 omnibus
1040 1146 1124 1206 nobis
1145 1148 1377 1207 sumenti—-

87 1249 142 1307 bns
155 1248 232 1306 salus
246 1247 349 1305 mentis
363 1256 393 1304 et
403 1245 561 1325 corporis.’'
602 1245 777 1304 Communia
791 1247 834 1304 sic
847 1265 880 1304 sa
897 1245 989 1304 habet.
1035 1244 1164 1317 Qumis
1176 1262 1282 1325 cuspus
1352 1260 1372 1275 ⁴

88 1343 271 1403 dominicum
280 1342 415 1402 sacerdos
423 1343 457 1401 in
467 1361 576 1402 monus
587 1341 704 1420 ncipit,
717 1340 814 1401 dicet:
830 1343 965 1401 “Panem
978 1342 1123 1401 celestem
1134 1341 1285 1420 accipiam,
1293 1374 1376 1404 ..-

88 1453 117 1501 et
137 1460 242 1502 nomen
265 1442 383 1500 Domini
397 1441 568 1501 invocabo.”
610 1440 746 1514 Sequitur
765 1441 875 1499 oratio:
898 1441 1082 1518 “Perceptio
1096 1441 1283 1518 corporistui
1318 1434 1375 1493 j

87 1538 213 1598 Domine
227 1537 298 1597 Jesu
313 1537 439 1606 Christe,
454 1557 539 1611 quarn
554 1536 688 1614 indignus
709 1554 822 1595 sumere
847 1556 989 1614 praesumo
1010 1537 1088 1597 etc.”
1133 1537 1213 1597 Cum
1226 1554 1377 1597 cor-⁴·-

83 1653 144 1715 pua
158 1634 306 1693 sumitur.-
330 1634 472 1712 “Corpns
494 1633 612 1692 Domini
634 1634 723 1693 nostri
743 1633 814 1692 Jesu
836 1634 946 1693 Christi
968 1635 1006 1692 sit
1028 1635 1100 1693 mihi
1125 1633 1378 1693 remediqu

88 1734 293 1811 sempiternum
315 1733 345 1790 in
368 1733 452 1790 ritant
479 1730 642 1793 retamam.''
672 1773 742 1792 ...
771 1732 1033 1792 “communicatio
1056 1743 1086 1792 et
1105 1732 1380 1792 confirmatio&

89 1832 217 1910 corporis
226 1840 255 1890 et
265 1831 411 1909 sanguinis
423 1831 541 1891 Domini
552 1834 641 1891 nostri
652 1832 722 1891 Jesu
733 1832 845 1891 Christi
856 1834 947 1909 prosit
958 1832 1028 1891 milri
1038 1833 1068 1891 in
1083 1833 1283 1892 remissionem
1307 1842 1378 1887 a

89 1929 218 1988 omnium
235 1940 412 2006 peccatorum
428 1947 568 1998 meorum,
579 1940 608 1988 et
620 1938 770 1988 conservet
783 1949 830 1988 me
841 1929 876 1988 ad
895 1930 981 1988 vitam
997 1929 1167 1988 aternam.”
1209 1929 1383 1988 cnm

89 2025 218 2103 sanguin
232 2024 384 2084 sumitur:
407 2027 564 2104 “Sanguis
579 2025 698 2085 Domini
712 2027 799 2084 nostri
814 2025 886 2085 Jesu
902 2025 1012 2085 Christi
1026 2026 1171 2085 custodiat
1191 2043 1238 2085 me
1257 2027 1385 2085 inc]

90 2124 176 2181 vitam
204 2121 370 2181 aetemam.”
425 2123 496 2183 Post
526 2135 688 2201 perceptam
716 2127 967 2182 communionem:
1010 2134 1030 2163 ‘⁶
1047 2124 1171 2202 Corpus
1197 2135 1326 2192 mum,
1371 2138 1377 2167 ¹

90 2221 225 2288 Domine,
241 2219 318 2294 quod
329 2222 437 2299 accepi,
449 2233 478 2280 et
488 2222 564 2280 calix
578 2241 662 2295 quem
678 2223 783 2298 potavi,
800 2222 960 2282 adhaereant
973 2222 1002 2281 in
1012 2223 1174 2282 visceribus
1184 2218 1327 2282 mein*
1349 2208 1380 2237 ⁶

89 2316 205 2377 Deinde
213 2316 395 2398 presbyteris
408 2325 435 2377 et
457 2317 591 2378 diaconis
611 2336 716 2397 eorpus
738 2317 772 2378 in
796 2336 906 2378 monus
928 2318 1154 2397 scriptoribus,
1168 2326 1198 2381 et
1219 2347 1238 2371 e
1255 2355 1266 2370 t

90 2414 315 2475 enuntiantibus
338 2413 449 2474 dicitur
470 2414 621 2494 singulis.-
643 2416 705 2475 Pax
727 2425 842 2474 tecum:
865 2416 902 2475 R.
925 2416 1053 2475 Etcum
1078 2415 1191 2493 Spiritu
1206 2412 1322 2477 tund*
1348 2398 1384 2429 ⁴

91 2511 183 2572 Alio.-
206 2513 361 2571 “Verbum
383 2530 448 2570 caro
463 2511 569 2571 lactum
584 2523 637 2580 est,
660 2523 688 2571 et
709 2513 845 2572 habitavit
865 2514 894 2571 in
919 2512 1034 2571 nobis.’'
1076 2511 1209 2572 Calicem
1223 2532 1259 2573 re
1280 2544 1282 2562 ι
1305 2535 1330 2560 ⁸

91 2630 156 2670 cum
170 2623 348 2669 sacrosancta
362 2612 565 2669 commixtione
580 2611 672 2669 dando
695 2613 860 2685 unicuique,
874 2613 965 2670 dicat:
989 2621 1009 2649 ‘⁶
1021 2612 1094 2670 Haec
1109 2631 1282 2672 sacrosanc=2
1304 2636 1343 2658 τ·

91 2708 258 2765 commixtio
272 2706 398 2780 corporis
413 2719 440 2762 et
454 2706 600 2783 sanguinis
617 2706 734 2763 Domini
748 2708 836 2765 nostri
850 2707 922 2765 Jesu
946 2707 1055 2765 Christi
1081 2708 1174 2784 prosit
1193 2709 1245 2767 tibi
1257 2704 1360 2767 ab

92 2805 179 2862 vitam
207 2800 372 2860 aeternam.”
424 2802 495 2860 Post
522 2803 752 2862 communionem
781 2804 853 2862 inter
885 2824 985 2881 preces
1012 2805 1100 2864 dicit:
1139 2806 1295 2877 “Praeta,
1351 2817 1386 2844 2‘

93 2901 218 2960 Domine
232 2901 302 2958 Jesn
324 2899 438 2957 Christe
463 2899 519 2959 Fili
534 2901 588 2959 Dei
605 2902 671 2969 vivi,
686 2911 718 2959 ut
731 2902 781 2975 qni
795 2921 898 2979 corpus
913 2915 942 2961 et
956 2905 1125 2982 sanguinem
1142 2906 1274 2983 pmpriu
1380 2928 1382 2933 ·

93 3019 146 3078 pro
159 2999 242 3057 nobis
256 2997 380 3074 indignis
393 2997 488 3056 datum
502 2999 623 3066 edimus,
639 3009 667 3056 et
677 2999 812 3068 bibimus,
828 3000 877 3058 fiat
890 3002 973 3060 nobis
988 3002 1021 3060 ad
1037 3002 1196 3061 salutem.”

134 3096 183 3155 Ex
196 3095 242 3153 his
257 3095 388 3152 omnibus
400 3094 521 3171 liturgiis
537 3106 613 3172 patet
621 3114 727 3165 veram,
739 3097 843 3155 realem
856 3108 883 3155 et
894 3100 1108 3158 substantialem
1119 3101 1250 3177 corporis
1263 3118 1291 3159 et
1310 3103 1385 3147 6

94 3193 239 3272 sanguinis
252 3191 371 3249 Domini
380 3192 468 3248 nostri
479 3191 549 3249 Jesu
561 3191 670 3250 Christi
681 3194 711 3252 in
722 3193 902 3263 eucharistia,
913 3206 940 3253 et
952 3196 1279 3255 transubstantiationem
1293 3200 1383 3251 ι’]

94 3311 210 3370 semper
224 3300 252 3349 et
275 3290 381 3363 ubique
396 3289 519 3367 agnitam
545 3291 633 3348 luisse
655 3291 685 3350 in
709 3291 843 3350 Ecclesia
862 3292 1004 3352 catholiea
1024 3312 1075 3371 per
1098 3295 1211 3361 orbern,
1235 3296 1308 3354 im·
1344 3302 1385 3341 ¹⁴

94 3389 211 3467 agnosci
227 3387 319 3445 adhuc
334 3385 489 3443 asceteriis
504 3396 563 3445 toto
588 3387 705 3445 Oriente
731 3387 854 3457 diffusis,
870 3399 899 3447 et
920 3391 954 3448 ab
976 3390 1013 3448 iis
1035 3390 1129 3464 quiin
1153 3378 1316 3470 AEgypt·
1334 3395 1384 3436 -Ὃ

94 3497 251 3545 versantur.
293 3483 437 3556 Equidem
458 3503 559 3542 omnes
583 3485 703 3563 liturgiae
731 3504 835 3562 panem
860 3497 889 3546 et
916 3489 1011 3547 vinum
1039 3490 1165 3566 Spiritus
1196 3491 1308 3549 Sancr
1345 3476 1382 3534 ²¹¹⁰

94 3585 196 3641 virtute
211 3583 311 3640 mutari
326 3590 355 3638 et
367 3583 494 3641 converti
509 3583 538 3639 in
553 3601 656 3659 corpus
671 3592 700 3640 et
713 3585 880 3662 sanguinem
897 3584 1007 3644 Christi
1030 3586 1153 3655 tradunt,
1171 3587 1272 3661 haecqu
1312 3592 1375 3637 ΔΘ

95 3695 144 3734 ore
159 3677 286 3736 fidelium
301 3679 387 3735 sumi.
430 3677 498 3735 ldeo
521 3678 565 3735 hae
580 3690 732 3737 occurrunt
745 3699 831 3739 voces
845 3694 998 3759 μπαβαιων,
1009 3687 1185 3760 μεταποιήσει,
1199 3688 1370 3743 nauff-

85 3771 245 3853 formatio.
288 3773 383 3838 Quum
399 3787 492 3831 autent
507 3775 682 3852 liturgiarum
698 3777 855 3835 substantia
869 3778 902 3834 ab
917 3775 1066 3851 Apostolis
1081 3776 1237 3848 derivetur,
1253 3800 1270 3838 ιι
1349 3767 1364 3822 ll

96 3877 173 3944 patet
187 3886 223 3925 ex
238 3887 334 3926 earum
349 3871 522 3943 antiquitate,
538 3882 566 3928 et
580 3872 610 3930 in
623 3873 707 3930 rebus
729 3873 880 3949 praecipuis
895 3871 1057 3941 eoncordia,
1080 3873 1306 3955 liquet'dognu
1344 3882 1358 3919 a

98 3964 167 4024 fidei
180 3964 215 4022 de
231 3984 305 4034 vera,
321 3967 399 4035 reali,
422 3978 450 4026 et
470 3970 646 4028 substantiali
671 3972 832 4047 praesentia,
848 3971 975 4044 adeoque
998 3970 1033 4027 dc
1060 3975 1354 4034 transubstantiff·

100 4064 189 4131 tinne,
204 4063 291 4120 luisse
307 4064 340 4122 ab
354 4065 501 4141 Apostolis
515 4065 657 4136 traditum,
673 4080 701 4125 et
714 4068 803 4127 basim
816 4088 880 4126 esse
895 4068 981 4126 totius
995 4069 1089 4126 cultus
1103 4070 1261 4132 christiani.

577 4278 787 4320 nasamonas,

132 4422 202 4476 232.
222 4415 288 4494 Obj.
301 4419 327 4474 1.
343 4415 477 4495 Liturgiae
490 4418 547 4479 lere
561 4439 661 4479 omnes
673 4421 880 4481 invocationem
896 4422 1018 4498 Spiritus
1031 4423 1141 4493 Sancti,
1153 4435 1186 4484 ut
1198 4426 1383 4484 Μ’

1 4526 15 4594 ,'
94 4523 185 4573 mutet
198 4521 227 4570 et
240 4514 419 4571 transformet
433 4533 535 4590 panem
551 4527 579 4575 et
595 4519 702 4585 vinnm,
725 4518 912 4577 institutionis
934 4520 1088 4578 narrationi
1104 4508 1377 4601 subjungat-,J

1 4621 2 4630 ¹
82 4611 216 4685 ideoque
230 4611 323 4669 verbis
337 4612 560 4671 consecrationis
574 4615 690 4691 prelatis
705 4616 783 4676 nulla
803 4617 967 4696 agnoscitur
981 4619 1208 4681 substantiarum
1229 4640 1256 4680 m
