2812 5062
373 315 431 385 ΒΕ
451 314 590 380 SEXTO
610 315 789 377 JOANNIS
810 315 979 383 ΟΑΡΙΤΕ.
1220 319 1274 379 141

83 473 184 543 ristiar
206 486 235 535 et
248 495 337 551 quum
352 475 465 551 quidam
475 474 671 534 definitionem
685 493 718 534 aa
727 474 763 533 de
778 493 808 534 re
822 496 839 534 a
851 474 1021 535 Tridentino
1033 476 1155 536 coneilio
1166 474 1279 554 prodire

84 569 201 639 vellent,
215 591 261 630 res
276 575 366 632 esurit
376 590 511 631 successu
522 571 609 630 seliei.

124 662 215 743 Reap.
237 664 322 732 Quod
335 666 419 743 pauci
433 663 548 740 quidam
565 663 707 722 Catholici
723 665 889 741 interpretes
900 664 968 723 alias
983 667 1124 724 senserint
1138 663 1173 723 de
1187 665 1280 742 eapite

84 761 135 820 illo
155 762 288 832 dossenis,
310 761 441 841 dogmate
462 761 553 820 illaeso
574 760 712 839 contigit3
734 780 853 836 quorum
875 772 969 821 tamen
992 761 1215 839 explicationem
1242 778 1280 820 ne

85 876 242 932 sequamur
275 859 410 919 orationis
438 859 522 928 serie,
550 870 579 916 et
604 858 720 916 Petrum
747 858 902 936 insignium
930 860 1092 917 auctoritate
1116 859 1281 917 retinemur.

85 955 233 1030 Equidem
245 956 341 1034 ipsum
354 956 507 1016 concilium
517 954 719 1014 Tridentinum
732 956 763 1014 in
771 953 904 1014 doetrinae
918 956 1098 1033 expositione
1109 955 1280 1013 testimoniis

85 1071 125 1112 ex
138 1052 187 1112 illo
201 1053 293 1131 eapite
308 1054 417 1131 passim
439 1071 523 1111 usum
547 1055 613 1121 est‚¹
637 1054 706 1126 quin
731 1052 852 1110 voluerit
876 1051 1041 1111 definitione
1065 1052 1187 1111 solemni
1210 1051 1280 1109 alias

85 1151 344 1228 interpretationes,
359 1169 422 1225 quse
437 1149 541 1229 dogma
554 1148 631 1208 houd
644 1148 756 1219 laedant,
770 1149 956 1228 proscribere.
986 1149 1060 1209 Eaur
1070 1150 1155 1228 igitur
1168 1160 1281 1207 tuemur
1388 1148 1397 1171 ⁸

86 1265 151 1321 quae
161 1247 246 1324 juxta
264 1246 494 1306 Hermeneutioae
516 1245 607 1325 ipsius
628 1244 741 1323 regulas
766 1245 916 1315 verissima
935 1246 1018 1305 nobis
1032 1245 1153 1311 videtur,
1166 1262 1203 1304 ex
1217 1243 1281 1323 ipsa

84 1344 225 1404 orationis
253 1345 327 1405 serie
355 1344 533 1423 deprompta,
554 1353 582 1402 et
602 1361 745 1403 consensu
766 1344 881 1405 Patruru
902 1354 931 1404 et
950 1344 1090 1405 Ecclesiae
1117 1342 1280 1407 arconate

86 1440 242 1502 admodum
256 1440 463 1503 commendata.

501 1598 544 1667 (1)
563 1595 686 1651 Βοιαὶ.
697 1599 771 1667 oapi
