2812 5062
494 340 808 403 PRAENOTANDA.
1195 352 1254 409 253

10 518 22 621 'p
51 495 131 569 liter,
142 506 172 557 et
186 497 450 567 sacramentaliter,
465 518 522 573 quo
537 518 623 559 sensu
638 518 725 559 voces
739 501 784 559 hae
799 501 966 578 plerumque
978 504 1012 562 ab
1022 506 1064 562 eis
1074 517 1253 583 usurpantur,

53 594 107 655 sed
121 613 198 665 vere,
219 595 347 665 realiter,
363 605 392 654 et
405 584 651 656 substantialitlr.
694 598 753 656 Hic
769 597 854 656 cardo
868 609 912 656 est
925 603 1135 671 controversie,
1150 623 1216 663 nam
1231 605 1256 662 si

22 688 26 693 ’
54 708 133 760 rora,
148 691 243 760 realis,
258 702 287 750 et
311 693 503 751 substantialis
528 703 698 770 agnoscatur
719 696 879 769 prasentia,
902 714 964 769 quae
986 699 1101 756 nonnisi
1122 700 1205 775 panis
1227 710 1256 758 et

10 858 17 877 h
59 785 120 845 rini
134 788 164 845 io
179 787 271 864 ipsam
288 788 477 846 substantiam
490 789 618 865 corporis
641 798 670 846 et
682 789 830 865 sanguinis
846 790 955 848 Christi
969 795 1167 859 conversione,
1188 814 1255 853 con·

10 884 21 951 't
57 885 152 962 tingit,
167 887 281 944 victima
295 885 393 954 aderit,
408 905 494 945 manu
508 886 662 945 sacerdotis
677 904 743 945 vere
765 887 828 945 Deo
843 889 952 958 oblata;
974 890 1095 964 ideoque
1107 910 1209 951 ueram
1228 905 1256 951 et

10 972 15 991 ²
53 972 278 1059 proprianierit
291 983 473 1051 sacrificium,
489 982 566 1056 quod
587 968 870 1042 commemorativum
892 996 998 1053 mmen,
1014 986 1204 1055 incruentum,
1228 998 1257 1046 et

57 1076 213 1153 mysticum
235 1077 282 1135 sit.
323 1078 432 1137 Verum
455 1088 483 1136 et
502 1078 650 1156 proprium
674 1078 853 1138 Sacrificium
876 1080 932 1139 alio
956 1099 1043 1140 sensu
1068 1081 1255 1159 praedicantes

59 1173 156 1231 verbis
170 1173 295 1233 ludunt.1
1091 1195 1092 1199 ’

97 1277 127 1332 5.
150 1273 237 1350 Apud
264 1274 356 1352 Syros
380 1267 511 1382 prm,
533 1292 681 1343 sanceore,
699 1284 814 1334 vocatur
827 1276 1002 1335 sacrificium
1025 1277 1258 1345 eucharisticum,

13 1374 16 1379 ¹
55 1392 195 1451 scuritas
218 1394 328 1470 integer
352 1379 429 1452 illud
442 1378 621 1452 celebrandi:
642 1388 776 1464 Aeaepyta
796 1394 872 1472 apud
895 1395 1033 1463 Granum
1056 1393 1158 1455 Mssa
1181 1395 1258 1473 apud

55 1488 189 1551 Latinos.
231 1489 328 1568 Hujus
343 1492 422 1550 vocis
442 1492 524 1568 origo
544 1490 579 1549 ad
598 1492 748 1573 formulam
764 1511 820 1566 qua
834 1491 1046 1551 dimittebantur
1059 1493 1258 1551 catechumeni

54 1599 122 1646 ante
138 1589 340 1664 mysteriorum
356 1590 585 1658 celebrationem,
600 1590 709 1659 fideles,
724 1592 913 1650 celebratione
925 1601 1048 1669 peracta,
1064 1601 1083 1628 “
1093 1592 1146 1659 Ite,
1162 1592 1257 1650 Missa

55 1683 135 1752 est,”
156 1684 303 1744 reserenda
316 1684 447 1756 videtur;
480 1687 569 1746 missa
591 1688 703 1746 scilicet
720 1686 796 1747 idem
818 1698 863 1746 est
872 1700 905 1747 ac
918 1689 1030 1758 missio,
1045 1707 1097 1746 seu
1111 1687 1254 1747 dimissio.

56 1782 92 1840 lu
107 1781 258 1858 plerasque
272 1783 397 1860 Europae
412 1784 524 1861 linguas
536 1803 594 1843 vox
608 1784 715 1842 adscita
729 1795 782 1853 est,
798 1804 864 1843 cum
877 1785 935 1843 levi
950 1786 1045 1859 aliqua
1058 1786 1257 1845 immutatione

57 1878 172 1947 Μοωα,
187 1879 407 1950 Messallam,
430 1881 518 1940 Mass
538 1881 614 1959 apud
635 1883 755 1959 Anglos.
796 1883 862 1941 lam
884 1884 1030 1942 Ambrosii
1052 1893 1132 1941 aetate
1147 1902 1201 1942 usu
1216 1901 1259 1942 re-

57 1988 142 2055 cepta
155 1988 232 2036 erate
255 1979 351 2056 “Ego
374 1981 466 2038 mansi
488 1980 518 2038 in
538 1997 667 2048 munere,
683 1981 806 2038 Missam
828 1979 920 2038 lacere
935 1982 1020 2057 coepi,
1035 1998 1116 2039 orare
1136 1981 1165 2040 in
1181 1981 1258 2040 obla·

60 2077 153 2143 done,
169 2074 265 2134 Deum
279 2086 311 2134 ut
325 2075 535 2135 subveniret.’'⁸
561 2076 671 2134 Vocem
686 2095 745 2134 non
758 2076 921 2154 improbent
933 2074 1021 2150 aliqui
1035 2077 1198 2154 Angliceni,
1209 2077 1258 2151 qui

57 2182 88 2232 et
99 2172 274 2231 sacrificium
288 2173 383 2250 ipsum
398 2189 554 2250 agnoscere
569 2170 659 2231 rideri
676 2173 799 2231 νοΙιιῐη.8

93 2331 138 2400 (l)
157 2336 173 2361 ⁴⁴
181 2329 208 2379 ll
220 2349 258 2383 we
267 2331 332 2396 deny
344 2329 386 2380 the
397 2329 530 2382 Eucherist
540 2338 566 2380 to
577 2332 606 2380 be
623 2347 639 2380 a
656 2347 726 2381 aaut
743 2346 798 2383 ann
817 2347 922 2381 enonas
940 2346 1080 2381 secernet
1091 2346 1130 2381 we
1146 2333 1202 2394 give
1218 2329 1260 2381 the

58 2415 160 2483 Papists
170 2433 186 2466 a
197 2424 264 2479 great
274 2417 409 2481 ademtage
418 2434 475 2467 over
486 2433 524 2467 us.
558 2417 667 2467 Because
678 2418 737 2482 they
749 2433 805 2482 may
817 2417 893 2483 easily
910 2433 984 2483 prove
995 2418 1058 2466 from
1068 2418 1110 2467 the
1120 2418 1260 2468 institution

56 2505 88 2555 ol
100 2503 150 2554 this
161 2502 304 2554 Sacrament
319 2505 352 2569 by
368 2502 482 2564 Cumas,
493 2492 556 2555 from
567 2503 616 2554 this
632 2505 679 2554 end
697 2505 776 2554 divers
790 2504 859 2555 other
874 2511 939 2554 texts
953 2505 982 2554 ul
995 2503 1125 2569 Scripture,
1137 2504 1185 2554 ond
1197 2504 1260 2555 from

56 2589 102 2640 the
112 2588 234 2654 primitive
244 2588 347 2639 Fathers
357 2591 385 2639 of
392 2589 434 2640 the
443 2588 545 2641 Choreb
555 2591 608 2639 thet
618 2591 638 2640 it
648 2590 669 2639 is
677 2606 692 2639 a
701 2588 838 2640 Sacrifioe.”
874 2589 948 2650 Brett,
956 2590 1080 2655 presbyter
1091 2589 1260 2652 Anglicanus:

61 2674 115 2728 tte
128 2672 262 2726 christion
278 2675 418 2728 Altarand
432 2678 557 2747 Samficc.
587 2677 732 2728 ttamen.
767 2676 809 2728 On
823 2670 893 2728 Hah.
904 2677 956 2728 xiii.
968 2678 1007 2727 10.
1024 2677 1089 2742 apud
1106 2677 1262 2727 Oxonieuses

58 2769 122 2814 cecc
132 2765 174 2812 st.
185 2779 210 2828 p.
221 2765 280 2813 esc.

92 2850 135 2916 (2)
155 2848 210 2899 Lib.
220 2865 245 2899 v.
255 2865 294 2914 ep.
304 2849 393 2900 xxxiii.
403 2851 434 2900 sd
446 2849 621 2900 Marcellinum.

86 2937 135 2999 Ι(3)
151 2942 167 2967 ⁴⁴
176 2935 223 2987 'tte
232 2935 318 2993 uisible
325 2935 378 2986 thet
389 2936 430 2987 the
440 2936 591 2987 Protestsuts
602 2936 631 2986 ol
643 2935 684 2987 the
693 2932 796 2986 Ohurch
807 2931 956 2995 ofungtent
967 2933 1059 2984 believe
1069 2935 1118 2985 and
1126 2950 1261 2996 reverence,

56 3038 87 3073 as
97 3020 176 3073 much
186 3021 288 3089 anytho
305 3021 412 3073 sacrifice
424 3021 452 3073 ol
464 3022 507 3074 the
517 3021 657 3082 Eucharist,
668 3037 695 3071 es
711 3020 753 3071 the
764 3026 829 3070 most
839 3019 983 3071 substantiel
1000 3020 1049 3071 and
1057 3021 1170 3073 essentiel
1181 3029 1220 3071 act
1237 3025 1265 3073 of

57 3123 108 3159 our
118 3107 235 3173 ,religiom
247 3106 295 3156 and
304 3107 379 3157 doubt
390 3115 434 3157 not
441 3109 486 3159 but
497 3106 538 3158 the
549 3107 615 3156 word
627 3106 714 3166 Missa,
731 3105 823 3156 ‘Mass'
834 3105 879 3155 has
889 3106 951 3157 been
962 3105 1015 3170 fitly
1026 3107 1086 3157 used
1097 3108 1130 3171 by
1139 3107 1180 3157 the
1189 3106 1261 3156 Wes-

57 3204 116 3247 tcm
127 3193 230 3246 Ghurch
249 3202 274 3244 to
293 3194 384 3260 siguily
396 3193 440 3246 it.'’
473 3193 637 3245 Hammond’s
658 3193 758 3255 Works,
769 3194 816 3243 vol.
825 3191 850 3242 ii.
861 3207 886 3258 p.
898 3194 954 3242 164.
965 3193 1005 3243 cit.
1020 3195 1049 3243 ab
1070 3194 1260 3254 Oxoniensibus‚

59 3282 109 3332 vol.
119 3281 153 3333 iv.
163 3280 246 3331 Tract.
258 3282 299 3330 st.

182 3732 259 3793 Vou.
275 3730 411 3793 tlt-ts
