2774 5056
152 279 211 337 224
369 277 425 339 DE
446 274 544 339 FIDE
565 277 861 343 ORIENTALIUM
883 282 1125 349 SEG'I'ARUM.

92 418 112 465 ¹·
144 420 188 489 sal
198 435 260 499 ὄνος
270 437 301 491 ts
311 435 349 503 tsi
361 437 482 506 sopenna*
493 434 597 506 &pert
605 435 674 509 soph
685 439 753 510 ἡνῦν
764 437 820 511 liar
837 439 991 511 xilem—⁸⁸
1002 442 1113 503 Contra
1133 441 1297 504 dubitantes
1323 456 1354 506 et

95 600 101 609 Ι
144 547 303 594 asserentes
326 552 430 612 paoem
443 544 473 593 et
486 535 584 593 viuum
607 549 804 597 consecratum
821 556 880 597 non
901 555 966 599 esse
989 558 1094 616 corpus
1116 550 1145 598 et
1165 541 1342 619 sanguinem

97 612 102 621 ¹
142 630 262 690 Domini
276 631 365 690 nostri
378 630 449 690 Jesu
472 629 612 692 Christi.'’
652 634 731 692 Dicit
753 643 887 712 “corpus
901 649 932 693 et
954 636 1124 713 sanguinem
1153 635 1268 696 Christi
1281 655 1351 697 esse

105 772 108 781 .
143 747 207 803 quse
222 729 251 788 in
265 729 411 805 mysteriis
426 726 636 802 fiuntd-scas
646 733 689 787 sai
698 731 760 802 depe
771 739 850 803 Χριςε
861 749 896 788 es
905 749 1030 803 essemus.

109 832 112 837 '
175 828 245 883 243.
255 825 375 884 Nicetes
386 824 543 883 choniates
553 820 589 881 de
597 819 707 878 Latinis
716 837 851 893 querens,
860 838 911 878 eos
924 820 954 879 in
963 820 1041 879 urbis
1051 819 1350 900 Constantinopolita-

141 940 185 983 nm
211 921 369 998 direptione
383 939 459 981 anno
474 924 561 987 1203,
573 917 669 994 ipsum
690 935 793 993 corpus
807 915 921 976 Christi
941 927 970 974 et
994 919 1167 996 sanguinem
1192 919 1222 978 in
1242 928 1349 980 terram

141 1020 298 1096 projecisse
311 1033 340 1079 et
353 1018 462 1079 fudisse
476 1017 667 1076 affirmat-ard
678 1017 703 1069 δὲ
716 1017 832 1083 φρικῶδες
840 1036 882 1069 κον
894 1015 1089 1087 moptensis
1100 1013 1195 1086 aare
1205 1015 1271 1072 θεῖον
1282 1015 1350 1088 ἁμα

140 1117 185 1172 soi
197 1122 267 1187 σῶμα
273 1117 369 1187 Xpicec
379 1115 447 1172 md
456 1119 501 1187 γῆς
510 1115 625 1184 χεόμενον
635 1113 677 1168 croi
688 1111 840 1181 ῥιπτόμενον.

179 1208 250 1263 244.
271 1204 354 1263 Fidei
367 1212 444 1262 extat
457 1203 601 1263 consessio
615 1219 700 1274 quam
716 1199 812 1257 Graeci
826 1218 843 1256 a
858 1199 1014 1258 Saracenis
1028 1199 1064 1259 ad
1086 1200 1174 1260 iidem
1195 1201 1348 1261 conversis

140 1301 302 1378 exigebant,
317 1313 382 1359 ante
396 1309 525 1377 tempora
541 1297 569 1354 11
575 1297 683 1356 anuelis
699 1295 855 1362 Cordueni,
870 1297 900 1355 in
914 1316 971 1371 qua
985 1298 1168 1373 profitebatur
1182 1316 1346 1358 conversus

138 1415 172 1455 se
187 1398 312 1465 credere,
328 1397 475 1475 panemlet
487 1395 584 1454 vinum
597 1393 728 1471 mysticis
737 1394 869 1469 precibus
881 1406 1076 1455 consecratum
1085 1414 1151 1454 esse
1160 1413 1227 1454 vere
1238 1413 1347 1474 corpus

61 1310 88 1578 (
141 1504 171 1554 et
183 1496 352 1573 sauguinem
368 1495 486 1553 Domini
501 1495 590 1551 nostri
605 1491 677 1551 lesu
690 1491 810 1549 Christi.

177 1597 246 1650 245.
270 1593 427 1669 Gregorius
439 1591 493 1650 tx.
507 1609 581 1649 anno
597 1594 673 1648 123³
686 1589 807 1649 Graecos
819 1589 854 1648 ad
868 1591 1004 1651 unitatem
1017 1611 1150 1651 revocare
1164 1592 1297 1661 studens,
1310 1593 1347 1654 ad

135 1691 317 1750 Germanum
332 1690 501 1767 episcopum
517 1687 867 1764 Constantinopolitanum
885 1689 1011 1766 scripsit,
1026 1700 1055 1749 et
1068 1701 1135 1768 post
1148 1692 1346 1752 transubstan-

140 1788 286 1847 tiationem
301 1807 416 1865 panem,
431 1805 482 1845 seu
497 1804 645 1863 azymum,
659 1803 710 1843 seu
732 1786 940 1854 fermentatum,
956 1786 1031 1846 haud
1052 1807 1206 1866 superesse
1228 1789 1341 1859 docuitr

136 1895 258 1945 mutatus
273 1884 385 1943 scilicet
398 1897 442 1942 est
455 1885 485 1943 in
498 1902 602 1961 corpus
627 1883 769 1942 Domini.n
809 1882 885 1941 Tota
905 1883 971 1943 inde
996 1897 1092 1945 secuta
1113 1887 1187 1946 inter
1213 1886 1343 1967 Legatos

137 1983 299 2060 pontificios
313 1991 342 2040 et
357 1981 474 2040 Graecos
489 1979 642 2059 disputatio
657 1979 720 2049 luit,
739 1990 759 2017 ‘⁴
771 1980 816 2039 An
832 1979 943 2039 Christi
953 2000 1058 2061 corpus
1070 1983 1101 2042 in
1113 2002 1222 2061 azymo
1236 1985 1345 2045 confici

137 2079 288 2157 possitl''⁸

174 2181 243 2236 246.
266 2176 403 2235 Clemens
415 2174 468 2233 lV.
481 2173 516 2232 ad
532 2173 695 2233 Michaelem
707 2173 895 2252 Paleologum
905 2174 1112 2252 Imperatorem
1123 2177 1340 2255 professionem

67 2233 104 2382 L
136 2271 204 2333 fidei
218 2266 552 2338 misit'subscribendam,
567 2270 596 2329 iu
611 2288 667 2342 qua
679 2289 767 2344 quum
779 2269 814 2328 de
826 2289 996 2347 azymorum
1008 2291 1061 2332 usu
1073 2291 1157 2351 agere
1169 2275 1342 2352 oportuerit,

136 2369 247 2429 Graecis
262 2366 466 2426 affirmantibus
483 2366 514 2424 in
528 2383 634 2442 azymo
648 2384 752 2442 corpus
767 2365 885 2425 Domini
900 2367 1003 2426 confici
1019 2387 1076 2427 non
1090 2387 1187 2447 posse,
1203 2370 1337 2431 transub-

136 2465 327 2524 stantiationis
342 2464 446 2542 dogma
460 2481 493 2520 ea
508 2462 659 2521 occasione
673 2463 836 2540 expositum
850 2473 914 2521 est:
930 2464 1177 2525 “Sacramentum
1190 2467 1341 2527 eucharis·

138 2564 183 2621 tiae
199 2582 236 2620 ex
251 2581 356 2638 azymo
379 2561 493 2619 conficit
513 2559 644 2619 Romana
667 2560 810 2628 Ecclesia,
826 2571 925 2619 tenens
940 2571 968 2618 et
988 2560 1094 2621 docens
1118 2563 1195 2638 quod
1221 2565 1251 2623 in
1274 2565 1342 2642 ipso

138 2660 322 2716 Sacramento
337 2658 419 2733 panis
435 2675 499 2714 vere
515 2657 777 2714 transubstantiatur
792 2658 821 2714 in
837 2677 951 2734 corpus,
969 2670 997 2726 et
1008 2659 1105 2718 vinum
1121 2661 1150 2719 in
1164 2662 1340 2739 sanguinem

137 2755 255 2816 Domini
268 2755 356 2812 nostri
365 2754 435 2812 Jesu
449 2752 605 2810 Christi.”⁴
626 2752 710 2810 Hanc
720 2754 786 2812 fidei
799 2755 1009 2814 confessionem
1021 2757 1138 2816 nomine
1149 2758 1339 2836 Imperatoris

133 2855 244 2930 juratus
260 2852 407 2928 professus
422 2861 465 2908 est
481 2850 638 2927 Gregorius
654 2852 887 2928 Acropolitanus,
909 2855 972 2930 ejus
995 2855 1133 2924 Nuntius,
1156 2857 1186 2914 in
1207 2859 1334 2918 concilio

136 2951 261 3028 generali
284 2949 470 3026 Lugdunensi
496 2968 571 3006 anno
596 2953 682 3017 1274,
698 2965 728 3008 et
751 2950 875 3028 Legatos
896 2953 1008 3010 concilii
1032 2952 1201 3012 Graecorum
1218 2957 1338 3017 nomine

136 3048 349 3125 Metropolitani
364 3046 518 3123 Ephesini,
533 3055 561 3102 et
575 3047 689 3123 triginta
703 3048 915 3124 episcoporum.
958 3049 1030 3108 Post
1043 3049 1198 3110 concilium
1214 3052 1333 3132 Lugdu·

136 3166 223 3207 nense
238 3147 366 3204 habitum
381 3145 466 3202 estin
482 3144 598 3203 Graecia
610 3146 775 3214 concilium,
790 3146 912 3223 praeside
926 3147 1084 3223 patriarcha
1097 3149 1210 3208 Joaune
1225 3151 1333 3222 Vecco,

135 3245 273 3303 inlocum
287 3242 420 3319 losephi,
437 3241 485 3314 qui
502 3241 632 3317 pertinax
647 3243 845 3301 in¹sehisrnate
861 3254 1017 3303 recesserat
1031 3245 1060 3304 in
1075 3249 1294 3318 monasterium,
1307 3262 1336 3308 et

135 3362 197 3416 quae
213 3352 274 3401 acta
289 3351 355 3399 sunt
369 3338 502 3417 Lugduni
523 3340 639 3416 probata
653 3352 728 3399 sunt.
769 3341 803 3400 In
817 3342 918 3401 litteris
932 3342 1047 3402 concilii
1067 3345 1184 3403 nomine
1199 3366 1216 3404 a
1236 3347 1331 3408 Vecco

134 3442 248 3518 seriptis
263 3440 325 3499 haec
338 3439 495 3496 habentur:
519 3446 538 3473 “
553 3437 710 3496 Credentes
725 3449 753 3497 et
766 3458 830 3507 nos,
846 3440 939 3515 ipsum
955 3461 1091 3519 azymum
1107 3462 1212 3517 panem
1227 3444 1330 3525 inipso

135 3558 214 3598 sacro
229 3539 326 3597 officio
350 3536 528 3595 eucharistiae
549 3554 615 3594 vere
644 3538 885 3596 transubstantiari
914 3540 942 3597 in
969 3559 1072 3616 corpus
1099 3540 1219 3600 Domini
1239 3545 1328 3604 nostri

134 3635 204 3692 Jesu
221 3635 342 3701 Christi,
359 3644 387 3690 et
400 3634 497 3691 vinum
514 3633 542 3690 in
558 3634 727 3710 sanguinem
739 3635 801 3712 ejus
816 3653 867 3711 per
878 3637 1051 3695 sanctissimi
1063 3637 1187 3714 Spiritus
1201 3640 1332 3718 virtutem

134 3740 162 3786 et
176 3728 415 3804 operationem.'’⁵

176 3825 335 3892 Renovato,
352 3826 403 3882 sub
418 3824 593 3892 Andronico,
610 3825 762 3883 Michaelis
784 3828 854 3897 filio,
869 3830 1033 3897 schismate,
1050 3828 1085 3888 de
1100 3832 1351 3893 transubstantia-

133 3921 217 3979 tionis
232 3920 362 3996 dogmate
377 3939 462 3978 nemo
477 3932 594 3993 questus
606 3933 658 3978 est.

112 4045 155 4140 k
171 4021 240 4076 247.
263 4017 294 4074 S.
310 4017 438 4075 Thomas
453 4017 582 4091 Aquinas
598 4030 694 4075 contra
710 4017 828 4078 Graecos
843 4021 971 4080 scribens
986 4021 1021 4080 de
1036 4040 1133 4082 errore
1148 4035 1247 4082 contra
1258 4034 1363 4086 tran-

424 4192 487 4243 Bibl.
498 4192 545 4242 uel.
555 4200 604 4257 pat
616 4193 631 4243 l.
644 4193 668 4244 ii.
680 4195 818 4246 Graeco-lat.

424 4276 560 4327 Ruinaldus
571 4293 612 4327 an.
626 4280 699 4328 1233.
710 4296 735 4329 n.
748 4283 771 4330 2.
783 4296 833 4345 par.
844 4297 884 4330 an.
899 4282 971 4329 1237.
983 4296 1008 4330 n.
1019 4283 1046 4330 4.

426 4358 525 4410 Ibidem.
535 4377 560 4410 n.
575 4364 613 4410 12.

423 4444 559 4496 Ruineldus
573 4462 612 4496 un.
627 4449 699 4496 1267.
712 4463 738 4496 n.
751 4451 791 4496 77.
