2774 5056
262 301 326 375 ¹DE
349 302 464 374 AQUA
482 301 535 364 AD
556 302 804 365 BAP'I'ISMUM
826 303 1095 369 NECESSARIA.
1233 308 1272 369 28

90 450 228 519 Praeterea
240 462 350 525 Paulos
364 463 453 522 dicits
475 461 659 522 “seeundum
672 481 753 521 suam
768 464 989 525 misericordiam
1009 468 1103 526 salvos
1122 485 1175 527 nos
1196 466 1272 533 lecit,

90 567 140 626 per
152 554 296 618 lavacrum
316 561 535 638 regenerationis
555 570 584 618 et
603 560 792 618 renovationis
813 561 935 637 Spiritus
956 562 1100 621 Sancti.”²
1141 563 1185 621 De
1206 564 1274 640 bap·

92 649 175 710 tiaram
206 654 256 713 hic
275 658 320 734 agi
341 658 411 719 satis
431 667 516 735 patet,
541 676 628 731 quum
648 657 789 716 lavacrum
812 657 928 725 dicatur,
949 677 1006 732 qno
1028 679 1226 738 regeneramur
1246 674 1274 718 et

90 762 268 821 renovamur,
278 753 384 831 Spiritu
397 754 502 813 Sancto
514 755 543 813 in
558 771 610 812 nos
621 754 737 830 copiose
748 752 850 812 effuso.
873 755 917 813 De
929 774 964 814 eo
978 757 1062 833 igitur
1076 757 1274 835 intelligendus

91 855 132 901 est
146 844 284 907 Christus
298 849 451 919 Dominus,
465 850 534 909 dum
556 848 640 908 docet
659 851 739 908 nasci
763 869 816 910 uos
830 864 959 928 oportere
982 851 1076 910 denuo
1096 871 1133 911 ex
1155 872 1229 927 aqua
1248 865 1277 910 et

91 939 198 1017 Spiritu
212 944 329 1004 Sancto.
370 946 535 1024 Baptismus
548 946 655 1005 idcirco
674 947 872 1024 agnoscendus
887 959 931 1006 est
950 948 1020 1006 ritus
1034 949 1081 1006 cui
1101 949 1275 1007 nativitatem

90 1047 214 1096 nostram
240 1040 416 1119 spiritualem
440 1041 574 1100 Christus
599 1040 731 1119 alligavit,
755 1052 787 1100 ut
809 1061 882 1116 aqua
906 1043 1003 1112 abluti,
1027 1043 1151 1121 Spiritus
1177 1043 1276 1100 Sancti

91 1151 188 1212 opera,
202 1136 256 1195 filii
270 1137 325 1196 Dei
339 1139 494 1198 habeamur
506 1150 534 1196 et
547 1139 648 1197 simus.
1381 1133 1384 1139 ’

126 1232 283 1295 Probatur
296 1235 340 1295 II.
355 1254 392 1296 es
405 1236 614 1316 Apostolorum
628 1236 713 1294 rebus
727 1235 832 1314 gestia.

128 1335 181 1390 24.
203 1331 313 1393 Christi
327 1335 446 1394 Domini
459 1344 583 1393 mentem
604 1334 640 1392 de
654 1335 752 1392 salutis
770 1334 905 1393 subsidiis
925 1354 963 1394 ex
977 1337 1179 1415 Apostolorum
1192 1336 1276 1394 rebus

91 1428 181 1504 gestis
193 1429 331 1508 colligere
344 1436 406 1500 est3
421 1449 474 1490 nec
488 1431 564 1489 enim
578 1449 641 1489 eam
654 1432 810 1508 ignorasse,
823 1430 868 1489 vel
879 1433 1011 1502 violasse,
1024 1435 1133 1493 censeri
1148 1443 1277 1510 possunt,

94 1526 202 1605 Spiritu
217 1529 323 1590 Sancto
336 1533 380 1590 eis
393 1531 460 1590 dato
474 1544 504 1590 ut
517 1550 566 1590 eos
580 1532 610 1589 in
624 1549 738 1590 omnem
759 1530 903 1588 veritatem
925 1530 1095 1594 inducerent
1134 1532 1247 1600 Petrus,
1261 1552 1279 1590 a

95 1624 231 1686 Cornelio
245 1630 408 1689 centurione
430 1631 593 1698 accersitus,
609 1648 696 1702 quum
718 1629 840 1706 Spiritus
862 1629 959 1687 Sancti
980 1630 1084 1689 indicia
1104 1631 1134 1688 in
1155 1631 1230 1708 ipso,
1252 1639 1282 1688 et

93 1722 165 1790 suis,
189 1721 346 1792 miraretur,
368 1724 553 1784 exclamavit:
589 1724 767 1797 “Numquid
792 1743 894 1797 aquam
918 1727 982 1798 quis
1006 1727 1155 1803 prohibere
1176 1737 1280 1804 potest,

94 1826 197 1879 utnon
211 1821 389 1897 baptizentur
402 1821 442 1891 hi,
465 1823 514 1896 qui
535 1822 671 1899 Spiritum
694 1822 829 1880 Sanctum
843 1835 1023 1899 acceperunt,
1038 1824 1112 1882 sicut
1131 1834 1159 1881 et
1174 1843 1225 1882 nos
1236 1823 1282 1880 l”⁸

96 1914 180 1989 Aqua
192 1917 279 1994 igitur
292 1919 451 1977 necessaria
465 1932 523 1976 erat
536 1908 688 1997 baptismo,
704 1919 752 1991 qui
775 1918 975 1977 ministrandus
990 1929 1049 1978 erat
1062 1921 1146 1979 etiam
1161 1920 1217 1978 illis
1232 1922 1281 1994 qui

96 2010 234 2089 Spiritum
251 2013 386 2073 Sanctum
402 2016 463 2092 jam
477 2027 660 2091 acceperant:
676 2013 746 2072 adeo
756 2015 871 2093 urgebat
885 2014 932 2073 lex
948 2014 1066 2073 Christi.
1109 2016 1209 2074 'I'antn
1223 2029 1283 2075 erat

95 2110 274 2168 necessitatis
298 2112 467 2189 baptismus,
489 2124 520 2170 ut
542 2112 622 2171 Deus
645 2111 775 2188 dignatus
796 2112 833 2168 sit
854 2111 979 2169 coelestia
993 2124 1021 2170 et
1041 2112 1138 2172 divina
1157 2115 1282 2191 praebere

98 2216 261 2282 argumenta
274 2217 373 2285 gentes
387 2209 415 2266 ei
428 2207 609 2284 suscipiendo
623 2226 687 2265 esse
701 2207 828 2275 idoneas,
843 2227 879 2265 ne
892 2206 911 2266 J
914 2207 1057 2266 udaeomm
1078 2211 1282 2288 praeconceptis

100 2303 281 2379 opinionibus
296 2314 373 2365 tanto
387 2307 462 2364 bono
476 2305 678 2364 fraudarentur.

135 2408 186 2463 25.
206 2399 314 2463 Totam
327 2403 497 2470 Ecclesiam,
512 2403 661 2461 universos
681 2400 790 2459 scilicet
802 2399 913 2468 fideles,
929 2419 1002 2473 aqua
1015 2411 1043 2458 et
1063 2403 1148 2460 verbo
1169 2401 1285 2462 munda·

101 2510 154 2560 tarn
167 2501 238 2560 dicit
252 2503 377 2561 Paulust
401 2512 420 2539 ⁸⁴
431 2501 564 2559 Christus
576 2499 674 2558 dilexit
688 2498 859 2566 Ecclesiam,
872 2508 900 2554 et
914 2498 1040 2574 seipsum
1052 2499 1164 2558 tradidit
1176 2519 1228 2578 pro
1239 2519 1283 2570 ea,

100 2606 129 2656 ut
139 2598 219 2657 illam
234 2600 431 2664 sanctificaret,
446 2596 586 2657 mundans
600 2595 711 2654 lavacro
726 2613 806 2668 aquae
827 2594 857 2653 in
879 2595 963 2652 verbo
978 2594 1088 2652 vitae.”⁴
1127 2596 1285 2658 Lavacrum

99 2694 184 2772 igitur
197 2695 233 2755 de
248 2714 307 2769 quo
320 2696 427 2754 Paulus
441 2696 509 2753 alias
523 2694 657 2767 loquitur,
672 2693 756 2750 fiebat
769 2711 852 2765 aqua,
867 2711 924 2765 qua
938 2693 1064 2752 mundati
1085 2706 1193 2754 suntet
1206 2714 1286 2754 sanc·

100 2794 198 2854 ducati
212 2804 352 2869 quotquot
364 2813 398 2852 ea
412 2805 478 2852 sunt
491 2792 587 2851 abluti.

136 2890 294 2951 Probatur
307 2888 368 2950 III.
391 2909 427 2950 eo
440 2889 584 2968 baptismo
598 2905 684 2966 quem
699 2885 856 2965 Philippus
870 2886 1012 2946 diaconus
1025 2890 1219 2950 ministravit.

138 2992 191 3047 26.
213 2988 343 3046 Dubitari
358 3006 414 3047 non
428 2996 522 3064 potest
535 2985 713 3062 Philippum,
729 2984 935 3060 Apostolorum
949 2987 1114 3063 exemplum
1128 3002 1157 3046 et
1170 2993 1288 3051 auctori·

102 3094 187 3143 tatem
211 3095 351 3153 secutum,
374 3085 546 3162 baptismum
570 3101 654 3156 quam
678 3079 810 3139 Christus
839 3081 958 3139 instituit
982 3082 1167 3143 ministrasse.
1218 3087 1289 3146 Post

103 3182 277 3256 colloquium
288 3200 354 3240 cum
364 3180 495 3240 eunucho
506 3181 609 3257 reginae
620 3178 771 3246 candacis,
785 3176 819 3236 de
833 3177 949 3237 Christo
961 3199 977 3237 a
987 3192 1049 3238 vate
1059 3180 1133 3240 isaia
1143 3183 1287 3260 praedicto,

52 3306 65 3327 ι·
104 3278 179 3337 etde
202 3278 292 3337 salute
315 3297 366 3355 per
388 3279 481 3355 ipsum
503 3274 690 3350 assequenda,
713 3274 812 3333 “dum
833 3275 905 3334 irent
925 3277 1075 3352 perviam,
1097 3281 1290 3340 veneruntad

104 3374 259 3448 quamdam
269 3394 381 3448 aquam,
393 3385 421 3433 et
432 3375 470 3432 ait
480 3373 644 3433 eunuchus:
660 3372 739 3430 Ecce
751 3391 834 3446 aqua,
847 3371 915 3444 quid
930 3372 1062 3449 prohibet
1072 3393 1118 3432 me
1133 3377 1289 3452 baptizarit

105 3470 188 3531 Dixit
201 3482 296 3531 autem
311 3471 481 3548 Philippus:
504 3470 535 3529 Si
546 3468 636 3528 credis
651 3486 688 3529 ex
702 3479 760 3527 toto
774 3467 869 3536 corde,
881 3468 956 3525 licet.
987 3467 1027 3526 Et
1040 3470 1216 3546 respondens
1232 3473 1288 3531 ait:

52 3562 56 3571 ’
109 3565 203 3629 Credo
227 3568 334 3629 Filium
358 3568 414 3626 Dei
438 3584 503 3624 esse
527 3554 627 3623 desum
650 3563 807 3622 Christum.
849 3563 890 3622 Et
909 3563 997 3639 jussit
1016 3575 1090 3621 stare
1111 3584 1241 3637 curmm;
1263 3581 1292 3629 et

106 3648 314 3725 descenderunt
336 3672 453 3739 uterque
480 3664 642 3736 inaquam,
666 3662 819 3737 Philippus
844 3669 873 3718 et
899 3661 1057 3730 eunuchus,
1082 3672 1111 3721 et
1139 3665 1292 3742 baptizavit

106 3760 219 3823 eam.”⁸
259 3760 341 3836 Aqua
353 3762 438 3840 igitur
451 3762 607 3839 baptizatus
621 3769 665 3817 est
677 3757 835 3825 eunuchus,
851 3767 917 3835 post
928 3757 995 3816 fidei
1010 3759 1039 3817 in
1060 3759 1219 3837 Christum¹
1228 3784 1292 3842 pro-

108 3860 275 3929 fessionem,
296 3869 325 3917 et
348 3870 497 3936 postquam
522 3858 693 3935 baptismum
718 3856 900 3929 exquisierat,
925 3857 1012 3914 veluti
1037 3858 1121 3917 ritum
1147 3878 1233 3932 quem
1256 3881 1293 3922 ex

52 4022 54 4037 Ι
109 3956 218 4018 Christi
231 3956 375 4024 mandato,
390 3954 524 4032 Phili-ppo
538 3954 667 4022 docente,
683 3954 874 4012 necessarium
889 3970 953 4011 esse
967 3952 1153 4013 intellexerat.

231 4115 238 4128 .
315 4115 338 4163 ὅ,

111 4202 116 4235 ³
142 4117 185 4269 g}
204 4114 373 4252 ξέιυνιοῐοωτ
384 4197 507 4249 Barclaiua
515 4197 629 4247 scribere:
647 4197 720 4262 Prop.
728 4195 771 4246 xii.
782 4197 830 4261 obj.
856 4202 871 4227 “
879 4194 1007 4256 Although
1018 4194 1037 4245 it
1044 4195 1131 4247 should
1142 4198 1171 4245 ba
1188 4198 1294 4259 granted,

114 4285 208 4339 thetios
217 4305 232 4338 a
242 4301 331 4338 asason
342 4285 401 4349 they
412 4282 453 4333 did
464 4299 492 4332 so
502 4284 537 4332 sar
547 4283 649 4333 mistake
661 4281 724 4340 it'as
735 4290 760 4332 to
773 4282 849 4347 judge
860 4281 912 4332 that
922 4290 997 4331 water
1006 4282 1125 4344 belonged
1135 4291 1160 4332 to
1171 4283 1223 4332 that
1234 4285 1295 4347 Bap-

115 4374 164 4430 daur
176 4374 275 4439 (which,
282 4373 406 4430 however,
417 4371 431 4421 l
442 4368 493 4418 liud
503 4384 537 4418 no
547 4369 666 4433 necessity
677 4369 706 4418 os
717 4368 848 4431 granting.)
859 4367 923 4436 yetJ
934 4380 974 4416 see
984 4373 1029 4416 not
1038 4382 1087 4430 any
1098 4374 1164 4429 great
1175 4367 1294 4429 absurdity

117 4463 189 4513 vsotd
199 4462 287 4513 menae
302 4453 413 4511 follow.'’

147 4552 187 4619 (a)
205 4555 260 4605 Aa.
271 4566 297 4602 1.
309 4549 353 4597 tv.

147 4632 376 4706 fflmfflffi
