2774 5056
608 344 753 407 INDEX.
1260 354 1279 409 5

250 502 371 553 Probatur
380 500 577 553 Ill.snctoritste
585 500 756 555 Conciliomm
839 528 849 541 ·
948 532 958 546 ·
1055 528 1066 543 ·
1165 530 1175 545 ·
1230 509 1279 557 les

254 589 373 639 Probatur
382 588 470 640 IV.ex
482 587 601 652 Litnrgiis
624 615 1180 633 ------
1232 596 1280 644 180

254 674 373 725 Probatur
381 674 412 725 V.
421 683 564 737 argumeruo
574 675 760 742 prescriptionis
842 700 852 714 ·
951 699 962 714 ·
1060 705 1071 719 .
1170 706 1180 719 .

251 759 403 825 objectiones
414 759 543 812 diluuntur

129 841 165 891 C.
183 840 232 893 IX.
249 841 288 892 De
298 841 414 905 Licurgiis

250 927 392 993 Propositio.
409 927 483 987 Vera,
495 926 573 987 realis,
583 933 609 976 et
619 927 784 977 substantialis
794 928 923 992 presentis
931 928 1038 993 eorporis
1048 935 1074 979 et
1086 930 1215 993 unguinis

415 1012 518 1063 Domini
544 1013 621 1062 nostri
644 1012 705 1063 Jssn
722 1011 815 1063 Christi
837 1013 865 1063 iu
881 1013 1040 1064 Sacramenta
1056 1014 1219 1077 eucharistie,

416 1109 442 1152 et
463 1101 727 1152 transubstantiationis
749 1101 838 1164 dogma
856 1101 947 1151 invicte
965 1100 1162 1153 demonstrantur
1186 1119 1217 1153 ex

418 1187 522 1250 liturgiis
530 1187 644 1237 omnibus
652 1187 834 1253 antiquissimis,
840 1195 890 1238 toto
898 1189 955 1238 orbe
961 1187 1093 1239 christiano
1100 1191 1222 1255 usurpetis
1233 1193 1284 1240 210

152 1275 185 1324 C.
202 1274 236 1325 X.
253 1273 291 1324 De
301 1273 350 1324 fide
361 1273 524 1323 Orientalium
535 1282 655 1323 sectarum
739 1298 1187 1316 ·····
1234 1275 1282 1325 221

251 1359 395 1426 Propositio.
412 1360 487 1421 Viget
505 1359 632 1423 viguitque
650 1374 745 1424 semper
755 1358 819 1423 apud
832 1358 930 1409 Grecos
939 1366 965 1409 et
980 1359 1117 1410 Orientales
1132 1376 1219 1411 omnes

421 1448 483 1497 tides
494 1447 524 1497 de
536 1463 599 1507 vers,
610 1447 669 1496 reali
680 1455 704 1497 et
715 1447 867 1496 substantiali
886 1448 1012 1512 presentia
1022 1446 1125 1497 Domini
1136 1450 1214 1497 nostri

417 1533 479 1585 lesu
491 1531 585 1583 Christi
595 1533 623 1583 iu
639 1533 801 1593 Eucharistia,
819 1532 927 1597 meoque
946 1533 1035 1595 dogma
1051 1535 1218 1583 transubstan-

423 1617 531 1668 tietionis

127 1707 162 1756 G.
180 1706 228 1756 XI.
244 1704 284 1756 De
295 1703 447 1771 permanenti
458 1703 587 1768 praesentia
628 1726 1185 1743 ······
1233 1703 1284 1753 227

255 1789 398 1855 Propositio.
415 1787 445 1837 In
452 1786 539 1836 hostiis
547 1803 591 1836 seu
599 1786 724 1852 particulis
730 1786 884 1844 comrade,
893 1802 947 1850 qus
958 1787 1221 1851 postcommunionem

418 1878 577 1930 reservantur,
589 1872 629 1920 vel
640 1878 780 1937 supersunt,
790 1878 997 1936 remanetoorpus
1007 1870 1110 1921 Domini
1176 1898 1186 1910 ·
1237 1870 1287 1921 227

120 1960 155 2009 C.
175 1958 237 2008 XII.
254 1957 292 2007 De
304 1956 443 2007 ademtione
454 1956 617 2006 Eucharistiae
644 1979 1201 1997 ······
1234 1956 1282 2006 231

248 2042 393 2109 Propositio.
410 2040 524 2091 Christus
536 2041 562 2091 in
574 2040 725 2092 eucharistiae
743 2040 902 2091 Sacramenta
918 2041 993 2091 etiam
1009 2048 1079 2093 extra
1095 2042 1217 2093 actionem

417 2130 623 2188 accrementalem,
634 2129 702 2178 cultu
712 2128 796 2189 latriae,
806 2134 860 2178 tum
871 2127 975 2189 interno,
984 2136 1038 2180 tum
1045 2137 1153 2190 externo,
1165 2130 1220 2179 edo·

417 2214 509 2264 raudus
520 2222 558 2264 est
634 2237 1187 2254 ······
1236 2216 1287 2265 232

257 2299 489 2350 Animadversionee
522 2323 1186 2339 ·······
1237 2302 1289 2349 234

95 2396 130 2443 C.
153 2388 237 2439 XlIl.
252 2386 291 2437 De
302 2385 453 2435 sacramenti
464 2383 558 2433 ratione
634 2406 1190 2423 ······
1238 2387 1287 2435 235

86 2478 124 2528 O.
147 2472 235 2525 XIV.
253 2471 291 2521 De
301 2469 474 2520 communione
485 2468 531 2517 snb
543 2474 645 2530 utreque
656 2466 736 2530 speeie
850 2492 860 2505 ·
961 2495 971 2507 ·
1068 2492 1078 2505 ·
1177 2494 1188 2506 ·
1238 2470 1288 2519 233

254 2557 396 2624 Propositio.
422 2556 500 2606 Nullo
520 2554 569 2604 Dei
585 2562 714 2619 praecepto,
733 2553 851 2617 nullaque
869 2554 1014 2605 necomitate
1032 2554 1118 2605 salutis
1134 2570 1221 2606 omnes

413 2642 506 2694 Christi
525 2643 609 2692 fideles
629 2649 758 2705 utramque
775 2643 881 2707 speciem
901 2643 1048 2695 sanctissimi
1066 2643 1218 2696 eucharistiae

415 2730 559 2780 sacramenti
571 2745 666 2779 sumere
677 2729 766 2779 debsut
854 2757 865 2770 -
962 2758 972 2770 -
1070 2761 1081 2773 .
1179 2759 1190 2771 .

253 2818 407 2884 objectiones
418 2813 555 2877 solvuntur,

256 2903 441 2954 Animadversio

96 2997 137 3045 C.
161 2990 230 3041 XV.
247 2989 286 3039 De
296 2989 484 3054 suscipientibus
501 2986 673 3037 eucharistiam

254 3131 325 3181 Pras
339 3130 371 3180 ΙΙ.
384 3130 425 3181 Dr
439 3130 534 3181 M1ssar
552 3144 705 3179 ssun1n1s1o
743 3154 1188 3170 ·····
1238 3128 1287 3179 261

256 3218 417 3269 Praenotanda
525 3240 1191 3259 ·······
1240 3216 1288 3267 251

159 3306 198 3356 C.
216 3302 238 3354 I.
254 3304 292 3355 De
304 3305 414 3354 sacrificii
427 3304 528 3354 veritate

257 3391 400 3456 Propositio.
417 3390 447 3440 ln
458 3391 536 3441 Missa
547 3386 645 3440 offertur
656 3389 711 3439 Deo
722 3404 806 3439 verum
817 3394 842 3437 et
852 3386 976 3453 proprium
987 3387 1132 3439 eacniicium
1178 3418 1188 3430 ·
1239 3392 1292 3439 254

260 3476 377 3526 Probatur
388 3474 410 3527 1.
421 3492 452 3525 ex
465 3474 557 3526 Christi
568 3475 701 3525 wdone
711 3473 848 3524 secundum
859 3471 970 3522 ordinem
981 3472 1162 3522 Melchisedech
1180 3500 1190 3510 -
1238 3476 1290 3523 254

258 3561 341 3612 Patres
353 3563 503 3628 appellams
513 3562 655 3625 interpretes
1239 3560 1291 3610 255

258 3644 376 3700 Probatur
387 3650 419 3699 11.
430 3665 462 3700 ex
474 3648 589 3699 mtioinio
600 3647 728 3698 Malachiae
848 3672 859 3684 ·
962 3671 973 3686 =
1071 3673 1081 3686 ·
1179 3673 1189 3684 ·
1239 3648 1291 3698 257

257 3734 341 3784 Patres
351 3736 516 3801 suppellamus
527 3735 658 3798 intepretes
742 3756 752 3770 ·
849 3757 860 3772 ·
959 3759 970 3773 ·
1067 3729 1078 3797 ζ
1181 3760 1191 3773 ·
1238 3731 1294 3783 257

260 3821 378 3872 Probatur
390 3821 436 3871 111.
447 3836 479 3870 ex
490 3821 567 3870 verbis
579 3818 671 3870 Christi
1243 3822 1294 3872 256

257 3905 590 3971 Petresinterpietcedamus
641 3926 651 3943 ·
748 3932 758 3944 ·
858 3928 868 3943 ·
966 3925 976 3941 ·
1024 3922 1028 3933 ·
1074 3927 1085 3943 ·
1184 3929 1195 3942 ·
1244 3907 1295 3954 253

260 3991 378 4042 Probatur
390 3991 434 4041 lV.
445 4006 477 4041 ex
488 3990 602 4056 Apostoli
612 3989 691 4039 serbis
740 4012 1193 4031 ·····
1242 3992 1293 4041 266

262 4078 381 4128 Probatur
392 4077 424 4127 V.
436 4093 468 4128 ex
479 4077 608 4128 traditione
632 4099 1194 4116 ······
1244 4078 1295 4128 262

262 4163 380 4215 Probatur
389 4163 434 4215 VI.
445 4179 476 4213 ex
488 4163 592 4224 liturgiis
637 4183 1195 4201 ······
1244 4163 1297 4211 264

260 4251 380 4302 Probatur
390 4249 449 4299 Vll.
461 4257 605 4311 argumento
615 4244 805 4314 praescriptionis
856 4271 866 4286 ·
964 4270 974 4285 ·
1072 4272 1083 4288 ·
1183 4274 1194 4287 -
1244 4249 1294 4297 266

262 4335 418 4401 objectiones
429 4336 558 4385 solvuntur
1246 4336 1297 4382 267

152 4430 192 4483 (J.
207 4423 244 4476 11.
262 4416 303 4472 De
314 4419 425 4471 sacrificii
436 4418 622 4486 proprietatibus
640 4439 1195 4462 ------
1246 4424 1297 4470 275

259 4507 399 4571 Proposito.
432 4507 511 4557 Missa
521 4513 559 4555 est
569 4504 715 4554 sacrificium
726 4499 920 4568 propitiatorium
969 4527 979 4540 ·
1077 4526 1088 4540 ·
1186 4529 1197 4541 .
1248 4508 1299 4555 273

262 4592 422 4658 Objactionss
431 4593 563 4643 solvuntur

259 4678 409 4744 Propositio.
442 4679 524 4730 Missa
533 4676 678 4728 moriticium
689 4669 1063 4743 estpropitiatariumetiemmo
1070 4672 1196 4725 unceis
1251 4682 1309 4729 ‘tux
