2774 5056
88 311 128 370 ²2
272 319 331 378 DE
352 320 463 388 AQUA
482 322 538 381 AD
559 323 805 383 effulserunt
827 322 1094 385 necessum

593 580 775 621 nomio.

130 712 267 773 Christus
281 715 430 775 Dominus
442 718 575 777 instituit
584 739 662 797 oque
675 719 856 798 baptismum
863 727 1013 798 perpetuo,
1022 716 1166 796 odfincru
1178 725 1273 788 usque

89 808 207 877 mtatdc',
218 812 463 881 mirtistrurtdum,
477 817 531 893 qui
544 816 671 894 proinde
683 827 727 876 cst
739 837 823 876 nouae
834 817 910 896 Iegis
927 816 1163 876 Socrornentum.

130 908 282 969 Probatur
295 911 322 970 1.
337 930 375 970 es
390 913 503 972 Christi
517 915 621 974 uerbis.

131 1011 182 1063 22.
201 1010 355 1084 Apostolos
370 1011 484 1069 mittens
497 1011 578 1070 dixit:
601 1023 621 1049 ‘⁸
634 1013 708 1072 Data
720 1026 765 1071 est
776 1015 848 1072 mihi
860 1014 954 1071 omnis
967 1021 1091 1089 potestas
1105 1009 1136 1066 in
1150 1005 1236 1071 coelo,
1246 1014 1277 1062 et

93 1101 122 1158 in
146 1116 228 1161 terra.
268 1105 380 1163 Euntes
401 1126 469 1184 ergo
490 1108 589 1166 docete
602 1129 702 1167 omnes
723 1123 833 1186 gentes,
847 1110 1021 1185 baptizantes
1041 1105 1139 1163 cosin
1158 1101 1275 1160 nomine

94 1199 198 1269 Patris,
212 1216 241 1260 et
248 1203 326 1270 Filii,
337 1218 366 1263 et
379 1205 503 1283 Spiritus
512 1207 619 1265 Sancti.
641 1209 785 1266 Doeentes
795 1227 846 1265 eos
859 1225 970 1266 serrare
980 1205 1077 1264 omnis
1088 1216 1276 1276 quecumque

94 1299 224 1358 mandavi
236 1303 327 1360 vobis.
360 1303 400 1361 Et
412 1304 491 1362 Ecce
504 1324 558 1382 ego
570 1306 715 1363 vobiscum
729 1326 794 1363 sum
807 1307 939 1363 omuibus
950 1304 1049 1362 diebus
1059 1319 1151 1374 usque
1163 1297 1200 1356 ad
1211 1317 1278 1356 eon·

93 1398 311 1456 summationem
321 1400 463 1458 seculi.”¹
482 1401 648 1479 Baptiznrc
655 1400 796 1466 βακτιζω,
800 1403 882 1478 juxta
891 1403 949 1459 rim
958 1400 1048 1465 vocis,
1056 1409 1085 1457 et
1093 1412 1278 1455 communem

95 1491 302 1568 Scripturarum
314 1499 628 1564 usum,immcrsionem
639 1499 670 1556 iu
683 1517 795 1571 squam,
807 1498 934 1571 velaque
943 1497 1115 1554 ablutionem
1125 1491 1277 1569 signifioel·

94 1607 148 1646 nec
162 1589 197 1647 ad
211 1592 297 1650 alium
313 1593 420 1653 traduci
441 1609 535 1672 potest
553 1615 681 1662 sensum,
701 1597 808 1653 nisiex
826 1607 961 1653 contextu
974 1612 992 1650 a
1011 1592 1126 1670 propria
1144 1600 1175 1648 et
1194 1587 1279 1646 obvia

94 1689 301 1764 significatione
320 1712 422 1752 vocem
437 1695 598 1753 translatam
619 1713 685 1752 esse
704 1706 824 1752 constet.
862 1693 945 1770 Ergo
963 1710 1002 1751 ex
1015 1691 1128 1776 Christi
1145 1686 1278 1746 mandato

95 1803 168 1857 aqua
188 1786 331 1861 baptizare
354 1788 509 1848 debuerunt
530 1790 671 1867 Apostoli.
712 1790 802 1848 Porro
825 1799 995 1866 perpetuum
1013 1787 1075 1845 sore
1094 1785 1172 1843 hunc
1192 1782 1279 1841 ritum

95 1879 219 1938 ostendit
230 1881 373 1951 Christus,
385 1903 417 1942 se
430 1886 487 1943 illis
496 1885 530 1943 ad
541 1886 816 1944 consummationem
825 1883 923 1943 mundi
931 1881 1091 1940 adiuturum
1104 1875 1278 1956 pollicendo,

96 1996 186 2051 quum
199 1981 275 2037 euim
290 1980 319 2038 id
339 1996 404 2058 post
417 1982 579 2041 mandatum
599 1982 760 2060 baptizandi
780 1983 886 2041 dictum
900 1982 948 2049 sit,
962 1981 1053 2053 liquet
1069 1975 1279 2054 baptizantibus

96 2095 211 2152 semper
222 2097 273 2154 per
286 2081 390 2138 secula
408 2082 505 2139 omnia
519 2081 666 2140 Christum
687 2081 857 2139 adfuturum.
899 2079 1105 2153 Apostolorum
1118 2075 1206 2152 igitur
1218 2091 1282 2131 suo·

96 2189 236 2241 meotes,
250 2173 320 2232 illud
334 2177 458 2233 muneris
479 2175 615 2254 perpetub
629 2188 803 2242 exercentes,
818 2175 928 2234 Christi
946 2172 1078 2232 mandato
1096 2168 1282 2246 comprehen-

97 2267 211 2326 duntur.
252 2269 370 2329 Sacrum
392 2276 459 2330 verb
485 2291 550 2330 esse
576 2271 738 2350 baptizandi
760 2273 855 2345 ritum,
875 2270 911 2329 ad
934 2271 1036 2329 anime
1059 2265 1231 2326 munditiem
1253 2272 1283 2322 et

97 2364 216 2424 salutem
240 2365 388 2435 directum,
402 2389 440 2428 ex
463 2369 585 2428 solemni
607 2370 692 2428 trium
717 2387 901 2446 personarum
922 2366 1081 2425 divinarum
1099 2363 1279 2423 invocatione

97 2463 249 2540 colligitur,
269 2476 354 2524 etex
375 2469 564 2544 promissione
586 2467 705 2534 Christi,
725 2486 757 2526 se
778 2466 847 2525 illud
868 2466 1067 2543 peragentibus
1086 2477 1203 2539 semper
1221 2459 1280 2519 t'ore

98 2573 277 2635 presentem,
292 2565 454 2620 auctoritate
467 2565 577 2620 scilicet
588 2574 618 2619 et
630 2564 738 2639 gratia;
759 2575 838 2619 etex
857 2561 1030 2638 prelatione,
1044 2577 1102 2631 qus
1113 2576 1146 2615 se
1165 2572 1283 2617 ornnem

98 2666 268 2732 potestatem
282 2659 312 2715 in
325 2659 398 2715 coelo
411 2669 440 2715 et
452 2660 482 2716 in
495 2660 576 2715 terris
590 2659 693 2716 habere
713 2658 858 2736 protessus
872 2669 926 2725 est,
943 2669 976 2716 nt
994 2657 1116 2714 wlesus
1136 2653 1283 2732 potestatis

98 2752 265 2809 exercitium
279 2752 426 2828 Apostolis
439 2752 608 2812 demandare
629 2753 712 2831 plane
733 2749 946 2830 intelligeretur.
987 2752 1037 2811 Ex
1055 2751 1120 2809 loco
1139 2745 1282 2829 parallelo

99 2846 193 2905 Marci
207 2859 316 2906 constet
334 2850 450 2924 insuper
462 2849 561 2906 salutis
581 2850 787 2909 assecutionem
801 2849 935 2927 baptismi
954 2847 1129 2923 susceptioni
1149 2846 1282 2922 alligasse

100 2943 267 3002 Christum:
290 2955 311 2981 “
321 2948 369 3019 qui
384 2945 534 3004 crediderit
545 2958 574 3004 et
586 2949 744 3024 baptizatus
759 2947 852 3015 luerit,
866 2947 963 3005 salvus
976 2945 1074 3004 erit.''¹

138 3043 336 3102 saloerner
360 3045 544 3122 Evangelista
567 3045 651 3104 refert
677 3046 786 3104 Christi
812 3045 988 3118 colloquium
1012 3063 1077 3102 cnm
1106 3040 1281 3106 Nicodemo,

99 3139 264 3199 Judoeorum
286 3143 424 3219 principe,
439 3143 499 3215 qui,
514 3162 603 3216 quum
623 3162 661 3201 ex
680 3143 817 3220 prodigiis
839 3142 988 3202 Christum
1008 3141 1143 3201 divinitus
1163 3140 1283 3198 missum

101 3238 267 3314 magistrum
286 3253 462 3316 agnosceret,
483 3248 503 3275 “
515 3240 662 3315 respondit
679 3239 776 3308 lesus,
791 3250 820 3297 et
839 3239 912 3297 dixit
930 3240 975 3296 ei:
997 3240 1100 3304 Amen,
1115 3255 1199 3294 amen
1219 3233 1284 3292 dico

100 3335 161 3401 tibi,
175 3336 232 3392 nisi
245 3336 309 3408 quis
323 3348 435 3394 renatus
449 3335 532 3394 fuerit
544 3335 648 3403 denuo,
663 3355 720 3396 non
735 3346 829 3413 potest
840 3335 936 3394 ridere
948 3354 1069 3412 regnum
1081 3333 1169 3393 Dei.”
1204 3331 1284 3390 Dicit

100 3430 135 3489 ad
149 3449 215 3490 eum
230 3431 424 3491 Nicodemus:
446 3430 598 3499 Quomodo
612 3443 705 3508 potest
717 3431 804 3490 homo
825 3434 913 3500 nasci,
927 3451 994 3491 com
1013 3431 1051 3488 sit
1071 3429 1181 3488 senex!
1203 3443 1283 3486 num-

102 3527 170 3600 quid
185 3539 278 3605 potest
290 3530 319 3587 in
335 3529 461 3587 ventrem
475 3528 644 3586 matrissuae
664 3528 762 3585 iterato
776 3521 890 3585 introire
911 3537 941 3585 et
953 3525 1082 3584 renunt
1122 3518 1285 3598 Respondit

102 3625 204 3682 Jesus:
226 3627 329 3693 Amen,
344 3646 427 3684 amen
441 3625 506 3685 dieo
519 3627 579 3694 tibi,
595 3626 650 3683 nisi
664 3627 728 3698 quis
748 3637 861 3683 renatus
881 3624 966 3681 fuerit
978 3641 1016 3680 ex
1036 3641 1110 3696 aqua
1128 3631 1158 3679 et
1177 3619 1285 3696 Spiritu

103 3720 219 3786 Sancto,
233 3741 291 3779 non
305 3734 398 3798 potest
410 3724 525 3781 introire
538 3724 568 3780 in
582 3742 701 3800 regnum
715 3722 820 3781 neit*
860 3721 890 3779 N
892 3739 952 3778 ore
966 3719 1119 3778 nativitatis
1132 3717 1286 3778 necessita-

104 3827 162 3871 tem
186 3816 307 3873 inculcat
329 3818 472 3884 Christus,
487 3837 606 3890 eamque
626 3838 663 3876 ex
684 3837 758 3892 aqua
771 3828 799 3875 et
819 3816 927 3894 Spiritu
948 3816 1053 3873 Sancto
1067 3833 1131 3872 esse
1151 3814 1283 3877 declarat,

104 3911 172 3967 dum
187 3911 342 3988 explicaret
354 3913 498 3986 quomodo
518 3915 582 3985 quis
602 3915 704 3973 iterum
724 3915 802 3972 nasci
824 3921 931 3988 posset.
973 3911 1043 3969 Erat
1063 3911 1149 3988 igitur
1168 3903 1283 3969 occasio

104 4006 207 4064 clarius
221 4026 301 4066 suam
314 4008 476 4086 explicandi
495 4022 630 4078 mentem,
644 4021 673 4068 et
687 4011 773 4067 rerba
785 4009 871 4066 obvio
887 4025 974 4065 sensu
995 4006 1159 4084 usurpandi.
1202 4006 1285 4066 Hanc

105 4102 141 4161 ad
154 4122 271 4181 regnum
295 4107 430 4164 coelorum
452 4107 660 4181 assequendum
680 4105 872 4165 conditionem
892 4106 1080 4165 necessariam
1105 4123 1169 4162 esse
1190 4105 1285 4182 ipsum

106 4217 179 4272 equa
191 4199 362 4276 baptismum
374 4201 474 4274 liquet,
488 4220 577 4276 quum
591 4202 664 4280 apud
679 4203 811 4261 Marcum
823 4219 887 4261 eam
900 4201 936 4260 ad
949 4203 1068 4263 salutem
1080 4201 1186 4277 requiri
1201 4201 1285 4265 dicat

532 4436 574 4501 (1)
593 4435 663 4486 ttae
673 4438 759 4488 miii.

527 4521 570 4584 (2)
588 4520 664 4571 Marc.
674 4522 723 4572 xri.
737 4525 775 4575 lt.

529 4604 570 4674 (³)
587 4604 735 4660 tenuta
