2774 5056
121 322 181 381 614
524 319 582 381 DE
602 318 910 382 commouit

160 477 313 539 Probatur
326 475 387 537 ΙΙΙ.
403 477 517 537 ratione
529 477 704 558 theologico.

160 581 211 637 ot.
232 576 327 635 Verus
340 586 371 633 et
382 574 462 634 ntilia
482 574 565 635 dolor
585 575 636 635 ille
653 576 801 637 habendus
822 587 869 636 eat
887 579 938 652 qni
956 577 1120 656 oonmpitur
1139 576 1179 637 oh
1195 576 1318 636 ntionoe

121 673 179 735 tide
192 673 364 752 propositas,
382 682 413 730 et
434 672 486 746 qni
505 672 678 733 voluntatem
698 692 718 733 a
737 685 855 752 peccato
874 676 984 734 sverm.
1026 672 1210 753 Hnjnamodi
1223 684 1320 732 anum

121 784 166 833 ert
178 771 260 832 dolor
272 789 360 847 quem
374 769 563 830 vindicamus.

513 966 713 1008 omoffl
736 965 922 1009 tocmwtt.

161 1113 210 1170 8³.
229 1106 297 1189 otj.
313 1111 341 1167 1.
362 1107 476 1174 Timor,
489 1124 527 1166 ex
539 1123 600 1180 qno
612 1104 739 1166 natatur
750 1107 865 1176 attritio,
876 1117 922 1166 est
933 1107 1064 1167 charitati
1076 1107 1228 1184 adversus,
1237 1109 1321 1188 juxta

120 1206 191 1269 illud
213 1206 356 1267 Joannir:
378 1205 495 1263 “timor
516 1221 576 1263 non
593 1212 640 1262 eat
661 1204 693 1263 in
713 1204 860 1274 charitate,
881 1205 933 1274 sed
952 1207 1078 1283 perlecta
1099 1206 1224 1265 charitas
1245 1205 1320 1264 foras

120 1306 207 1367 mittit
220 1306 363 1371 timorem,
378 1302 514 1376 qnoniam
534 1301 619 1362 timor
641 1320 756 1379 ponam
782 1303 886 1363 habet:
909 1303 959 1378 qui
983 1314 1079 1364 antem
1093 1304 1186 1373 timet,
1199 1322 1260 1365 non
1273 1312 1317 1361 eat

121 1402 263 1481 perlectus
279 1401 308 1460 in
322 1397 502 1458 charitate.''¹

159 1498 250 1579 Καρ.
282 1498 386 1558 Timor
412 1516 470 1571 qno
499 1515 585 1574 pona
610 1495 807 1557 tantummodo
835 1498 980 1567 metuitur,
1008 1497 1154 1558 voluntate
1181 1496 1319 1577 peccandi

120 1608 265 1664 maneme,
280 1606 325 1653 est
338 1592 468 1653 charitati
481 1592 637 1660 mnemon
661 1610 748 1667 quem
770 1592 877 1652 idcirco
900 1604 1004 1654 vocant
1016 1594 1163 1673 Theologi
1176 1592 1322 1655 aernila'tet

121 1690 268 1752 seruilem.
310 1691 414 1749 'l'imor
427 1700 522 1748 autem
544 1686 672 1757 ancilia
687 1706 746 1763 quo
767 1689 898 1750 voluntas
918 1690 1058 1769 peccandi
1071 1690 1236 1770 deponitur,
1249 1689 1321 1750 nihil

121 1790 207 1851 hahet
218 1789 348 1849 charitati
362 1788 533 1858 contorium,
548 1805 637 1862 quum
653 1789 749 1866 potina
763 1789 957 1850 convenietin
982 1808 1019 1850 eo
1039 1788 1118 1864 qnod
1142 1800 1264 1867 peccato
1276 1788 1321 1848 ad-

122 1900 270 1950 versetur:
292 1889 424 1964 quamvis
447 1906 508 1948 non
527 1887 632 1946 nitatur
652 1888 761 1948 ratione
776 1888 848 1949 adeo
861 1889 997 1968 perfecta.
1038 1890 1183 1950 Catonum
1198 1886 1321 1969 perfecta

119 1987 243 2048 charitas
258 1988 390 2047 abhorret
402 2005 420 2045 a
430 1996 559 2065 peccato,
574 1984 684 2061 absque
698 1998 829 2064 respectu
843 1987 879 2046 ad
893 2006 1019 2065 ptenam,
1029 1989 1100 2063 quin
1113 1989 1191 2048 hunc
1205 2005 1319 2067 prorsus

121 2086 264 2157 excludat,
278 2085 410 2161 quamvis
424 2084 463 2142 ita
483 2081 579 2142 Deum
602 2082 736 2162 diligens,
750 2082 882 2163 filiulm
901 2086 998 2162 potins
1018 2096 1127 2147 metum
1141 2085 1256 2154 habeat,
1268 2084 1319 2145 tilii

120 2184 209 2243 instar
222 2200 324 2242 verona
338 2200 374 2241 ne
396 2180 472 2251 Deo,
499 2180 697 2239 amantissimo
721 2180 810 2249 Patri,
832 2180 993 2259 displiceat.
1034 2181 1068 2242 ld
1087 2182 1173 2241 tradit
1192 2182 1319 2242 Joannes

120 2281 310 2359 locoobjecto
330 2279 478 2338 hominem
503 2277 638 2337 charitate
661 2277 786 2355 perlecta
809 2276 945 2338 donatum
970 2278 1035 2338 Deo
1059 2277 1201 2338 inservire
1221 2293 1317 2339 amore

121 2380 213 2458 magis
227 2397 314 2454 qnam
326 2388 413 2448 metu,
427 2376 476 2437 illo
490 2377 567 2436 enim
581 2374 649 2434 huic
662 2374 806 2454 prevalet,
821 2374 894 2435 adeo
914 2385 947 2435 nt
969 2377 1049 2438 solus
1068 2393 1119 2437 cor
1132 2376 1264 2437 videatur
1275 2393 1320 2436 oc·
1351 2466 1355 2475 Ι

122 2494 235 2554 cupare.

162 2578 210 2633 64.
230 2572 296 2651 obj.
308 2579 338 2630 2.
360 2572 463 2631 Timor
477 2571 588 2629 servilis
604 2581 716 2629 nonest
731 2569 841 2629 Christi
856 2570 1079 2649 discipulorum:
1103 2581 1122 2608 “
1136 2592 1195 2632 uon
1211 2570 1320 2639 euim,”

122 2672 215 2747 inquit
228 2671 395 2749 Apostolus,
411 2680 430 2706 “
444 2672 595 2748 accepistis
609 2671 741 2746 spiritum
756 2672 899 2729 servitutis
914 2671 1017 2729 iterum
1038 2672 1068 2728 in
1083 2672 1197 2741 timore,
1213 2671 1264 2730 sed
1277 2690 1317 2728 ac·

122 2769 239 2846 cepistis
253 2769 384 2844 spiritum
400 2766 559 2844 adoptionis
576 2766 750 2825 filiorum.”⁹

161 2863 251 2941 Reap.
275 2863 478 2922 Conditioncm
493 2863 621 2921 fidelium
637 2864 747 2921 extollit
769 2865 938 2941 Apostolus,
954 2864 1030 2938 quod
1046 2866 1126 2924 Deus
1149 2885 1204 2924 nos
1219 2865 1317 2924 haheat

122 2961 208 3020 veluti
222 2960 308 3028 filios,
325 2978 412 3032 quum
427 2960 445 3017 J
449 2959 521 3017 udaei
545 2961 632 3017 instar
652 2962 859 3037 mancipiorum
879 2962 1058 3020 haberentur.
1100 2962 1171 3019 Vult
1185 2961 1271 3039 igitur
1290 2969 1318 3019 ut

123 3058 232 3135 Spiritu
248 3057 304 3115 Dei
317 3058 370 3114 acti
387 3067 530 3130 tamquam
545 3056 621 3113 filios
642 3057 698 3115 Dei
713 3076 766 3116 nos
787 3078 928 3136 geramus,
945 3078 1032 3133 quum
1048 3060 1167 3136 gratiam
1181 3058 1319 3136 acceperi-

123 3173 187 3214 mus
202 3153 365 3231 adoptionis
379 3173 386 3222 ;
408 3152 460 3211 sed
475 3172 533 3211 non
550 3153 615 3211 idco
629 3173 744 3212 omnem
761 3167 867 3213 metum
883 3155 1044 3213 divinorum
1055 3156 1233 3232 judiciorum
1247 3157 1319 3214 dam·

122 3264 181 3311 nat.
224 3251 358 3311 Profecto
373 3251 435 3328 ipse
450 3251 606 3328 Apostolus
632 3252 738 3329 saepius
753 3267 851 3309 monet
864 3266 1027 3329 peccatores
1041 3272 1091 3310 eos
1104 3273 1121 3310 a
1134 3273 1226 3331 reguo
1240 3254 1317 3311 coelo·

113 3370 184 3410 uum
198 3351 298 3428 procul
314 3350 434 3416 futuros,
450 3349 506 3407 nisi
522 3349 686 3426 poenitendo
700 3368 752 3406 sua
766 3350 846 3407 luant
859 3350 972 3408 delicta.
1016 3360 1036 3386 “
1049 3351 1141 3409 Terra
1163 3393 1171 3408 .
1195 3394 1203 3411 .
1227 3395 1234 3410 .
1259 3369 1318 3431 pro·

122 3453 217 3509 ferens
233 3451 331 3527 spinas
348 3469 380 3507 ac
395 3448 513 3506 tribulos
528 3450 648 3524 reproba
668 3459 722 3516 est,
749 3460 778 3505 et
801 3448 952 3508 maledicto
975 3449 1128 3526 proxima:
1150 3453 1234 3529 cujus
1256 3469 1318 3510 con·

122 3550 273 3607 summatio
288 3549 317 3606 iu
330 3546 590 3606 combustionem.'’

165 3649 213 3702 65.
238 3644 305 3723 Obj.
321 3650 349 3703 3.
371 3645 528 3722 Apostolus
544 3655 639 3721 aperte
654 3643 802 3720 profitetur
812 3643 884 3701 nihil
899 3644 1036 3721 prodesse
1050 3645 1113 3703 siue
1129 3645 1288 3705 charitate.⁴

164 3741 253 3820 Resp.
275 3743 415 3815 Loquitur
428 3743 584 3818 Apostolus
599 3740 634 3799 de
651 3742 751 3799 merito
766 3741 842 3817 apud
857 3742 951 3801 Deum
963 3744 1185 3817 consequendo;
1201 3757 1230 3803 et
1241 3745 1319 3804 docet

129 3859 182 3900 nec
196 3859 338 3898 sacrarum
353 3860 445 3899 rerum
462 3842 601 3907 notitiam,
614 3859 667 3897 nec
682 3840 895 3917 eleemosynas,
908 3859 962 3898 nec
972 3843 1139 3916 martyrium
1153 3843 1249 3920 ipsum
1260 3863 1318 3921 pro·

122 3942 208 3999 desse
223 3940 286 3997 sine
303 3939 454 4007 charitate3
477 3958 562 3998 nemo
578 3939 655 3997 enim
673 3939 874 3997 beatitudinem
889 3951 1020 3998 aternam
1035 3942 1146 4014 asequi,
1157 3942 1202 3999 vel
1217 3941 1319 4016 aliquid

121 4038 196 4115 apud
210 4038 304 4096 Deum
322 4038 474 4113 promereri
490 4049 593 4113 potest,
611 4038 679 4108 quin
696 4037 790 4112 ipsum
806 4036 912 4113 diligat.
955 4037 1024 4095 Non
1044 4038 1110 4095 inde
1132 4041 1261 4111 sequitur
1273 4039 1318 4097 do·

122 4139 211 4196 loram
238 4154 276 4193 ex
299 4153 447 4211 poenarum
472 4147 548 4192 metu
575 4144 744 4210 conceptum
769 4134 875 4192 malum
899 4153 981 4202 esse3
1004 4153 1069 4193 narn
1092 4146 1118 4193 et
1142 4136 1189 4193 illc
1211 4137 1260 4209 qui
1284 4153 1318 4193 ex

122 4234 281 4311 Apostolici
292 4231 395 4310 judicii
411 4232 559 4291 severitate
582 4241 659 4290 ortus
677 4242 731 4299 est,
754 4250 842 4304 quum
863 4232 898 4290 ad
920 4232 1115 4309 penitentiam
1137 4232 1251 4292 duxerit
1265 4232 1318 4292 Go-

549 4392 591 4457 (l)
614 4389 710 4438 lJoan.
723 4388 755 4439 iv.
769 4390 808 4439 16.
