2774 5056
990 150 997 187 l

417 317 475 382 DE
496 316 723 381 THESAURO
744 312 976 378 ECCLESIAE.
1234 312 1291 371 891

593 859 736 921 CAPUT
756 858 811 919 111.

396 1117 451 1171 DE
478 1113 723 1170 Tflssauno
752 1109 1022 1165 ECCLESIAE.¹

131 1346 182 1403 36.
198 1342 337 1404 Clemens
351 1344 405 1404 VI.
416 1345 448 1404 in
459 1341 660 1406 constitutione
670 1360 733 1417 qnoe
748 1341 863 1419 incipit:
879 1349 900 1378 “
910 1333 1084 1422 Unigenitns
1095 1336 1153 1398 Dei
1163 1335 1286 1398 Filius.”

89 1437 179 1500 dicit:
202 1442 398 1503 “thesaurum
412 1443 545 1502 militanti
558 1439 699 1500 Ecclesiae
720 1439 871 1513 acquisivit
892 1482 901 1500 .
924 1482 932 1500 .
956 1482 964 1500 .
987 1482 996 1499 .
1017 1438 1053 1498 ad
1074 1437 1157 1516 cnjus
1171 1434 1288 1510 quidem

89 1535 218 1598 thesauri
232 1537 379 1599 cumulum
394 1539 430 1598 Β.
445 1539 501 1598 Dei
517 1537 684 1606 Genitricis,
698 1546 728 1596 et
742 1536 871 1596 omnium
891 1537 1046 1596 electorum
1067 1556 1084 1594 a
1097 1535 1190 1613 primo
1206 1535 1288 1611 justo

89 1635 234 1708 usquead
247 1636 379 1696 ultimum
392 1636 495 1695 >merita
509 1634 714 1694 adminiculum
725 1642 858 1710 praestare
869 1632 1058 1692 noscuntur.”
1099 1630 1243 1691 Lntherus
1256 1629 1290 1689 in

89 1731 167 1790 hanc
187 1731 345 1794 doctrinam
366 1734 530 1802 insurrexit,
548 1731 666 1791 dicens:
690 1739 710 1769 “
721 1730 864 1790 Thesauri
886 1731 1037 1800 Ecclesis,
1052 1728 1128 1789 unde
1148 1729 1229 1806 Papa
1242 1726 1289 1786 dat

88 1829 293 1910 indulgentias,
308 1851 366 1891 non
380 1841 447 1891 suut
460 1831 560 1890 merita
575 1829 685 1888 Christi
699 1838 729 1887 et
742 1828 953 1888 sanctorum.”²
980 1827 1118 1906 synodus
1133 1827 1290 1887 Pistorien-

89 1927 133 1985 sis
158 1926 256 1987 docuit
279 1937 299 1966 “
309 1929 505 1988 scholasticos
527 1927 588 1985 suis
613 1926 814 1985 subtilitatibus
836 1925 949 1985 inflatos
963 1925 1109 1984 invexisse
1124 1924 1289 1983 thesaurum

90 2023 167 2084 male
180 2025 356 2085 intellectum
370 2027 537 2085 meritorum
551 2024 673 2092 Christi,
688 2034 717 2083 et
729 2025 911 2093 Sanctorum,
925 2033 954 2082 et
971 2023 1055 2083 clarae
1077 2022 1187 2082 notioni
1208 2022 1290 2080 abso·

92 2118 213 2179 lotionis
233 2141 251 2179 a
270 2141 355 2199 poena
376 2122 514 2181 canonica
534 2120 716 2179 substituisse
736 2120 895 2189 confusam,
917 2129 946 2179 et
969 2118 1069 2179 salsam
1090 2117 1290 2195 applicationis

89 2219 256 2279 meritorum
270 2219 300 2288 ;''
314 2239 400 2293 quam
413 2220 638 2298 propositionem
648 2219 818 2279 intellectam
830 2219 912 2293 quasi
921 2217 1045 2277 thesauri
1054 2217 1206 2285 Ecclesia,
1215 2214 1291 2276 unde

91 2313 173 2391 Papa
186 2314 233 2373 dat
246 2314 447 2394 indulgentias,
463 2335 521 2375 non
535 2317 594 2375 sint
606 2317 706 2375 merita
717 2315 828 2374 Christi
842 2326 871 2375 et
883 2316 1064 2384 Senatorum,
1076 2315 1188 2382 falsam,
1202 2323 1290 2373 terne·

89 2410 204 2480 radam,
220 2410 329 2471 Christi
345 2424 374 2471 et
387 2414 557 2471 Sanctorum
574 2412 684 2471 meritis
696 2411 876 2490 injuriosam,
891 2411 999 2472 dudum
1013 2411 1043 2471 in
1057 2410 1176 2470 articulo
1189 2408 1288 2469 XVII.

90 2504 212 2566 Lutheri
226 2508 399 2576 damnatam,
414 2508 576 2586 reprobavit
589 2509 660 2566 Pius
674 2506 741 2565 VI.⁹

131 2608 181 2664 37.
203 2604 404 2664 Abundantem
419 2623 483 2664 esse
498 2604 720 2666 satisfactionem
735 2624 752 2662 a
766 2601 884 2662 Christo
909 2605 1073 2681 prestitam,
1088 2621 1134 2662 res
1155 2612 1200 2661 est
1213 2599 1290 2679 apud

90 2719 193 2760 omnes
207 2701 372 2779 explorata:
395 2711 569 2778 quapropter
583 2701 716 2760 thesauro
740 2699 852 2758 infinito
872 2700 979 2760 ditasse
995 2700 1159 2760 Ecclesiam
1173 2698 1291 2759 creden·

89 2798 145 2856 dus
159 2808 213 2857 est.
255 2803 387 2858 Attamen
402 2799 502 2856 merita
517 2799 688 2857 Sanctorum
702 2796 910 2872 adminiculum
921 2809 1055 2876 praestare
1070 2797 1212 2866 dicuntur,
1223 2796 1293 2871 quia

92 2905 234 2971 quatenns
249 2896 456 2955 satisfactiones
471 2906 547 2965 sunt,
563 2914 615 2974 per
627 2895 776 2955 Christum
787 2895 852 2954 Deo
871 2896 950 2956 Patri
960 2896 1118 2956 offeruntur
1128 2894 1291 2955 adluendas

92 3013 195 3074 pronas
209 2996 272 3054 aliis
287 2995 406 3053 debitas.
449 2994 558 3055 Totum
579 2995 745 3054 moritorum
767 2994 917 3072 praemium
936 3003 1050 3054 sanctos
1065 2996 1212 3074 accepisse
1225 3013 1292 3053 con·

89 3105 166 3162 stat;
204 3092 255 3152 sed
277 3111 364 3166 quum
387 3094 483 3170 plnres
509 3093 573 3152 vitm
594 3093 707 3152 illibate
728 3103 831 3170 sponte
852 3093 908 3152 sibi
927 3093 1085 3153 indixerint
1105 3111 1214 3170 poenas,
1246 3091 1292 3149 vel

91 3190 234 3268 supplicia
247 3202 276 3248 et
288 3201 407 3248 mortem
423 3201 538 3266 propter
552 3189 701 3248 Christum
716 3190 795 3270 passi
808 3190 877 3257 sint,
894 3191 936 3248 vis
953 3188 1084 3264 quaedam
1097 3186 1291 3248 satisfaciendi

90 3291 120 3349 in
137 3289 174 3346 iis
190 3288 337 3364 reperitur,
354 3305 417 3360 quas
432 3287 494 3344 aliis
509 3286 713 3345 communicari
727 3297 830 3361 queat:
851 3286 921 3345 illud
944 3285 1055 3344 scilicet
1067 3295 1112 3343 est
1125 3294 1289 3344 sanctorum

90 3387 121 3445 in
143 3383 261 3444 Christo
282 3383 468 3451 consortium,
490 3394 521 3441 nt
547 3383 585 3440 sit
604 3382 825 3442 communicatio
852 3382 1088 3442 satisfactionum.
1129 3380 1175 3444 ld
1202 3380 1290 3444 fidem

92 3481 225 3560 proxime
239 3479 350 3541 accedit
363 3479 489 3540 doctrina
503 3479 539 3538 da
555 3480 693 3539 thesauris
705 3497 792 3557 qnam
805 3478 1005 3559 exposuimus.

600 3734 785 3778 Psoroststo.

136 3893 286 3953 Tltesanri
305 3891 458 3962 Ecclesia,
473 3891 552 3953 unde
572 3891 685 3955 duntur
696 3891 905 3972 indulgentis,
922 3891 1115 3954 auctotarite
1132 3892 1245 3956 Christi
1265 3899 1293 3955 et

94 3992 288 4055 Sanctorum·
957 4067 958 4070 Ἴ

135 4089 285 4148 Probatur
299 4106 335 4149 ex
348 4088 413 4167 ipsc
427 4086 570 4147 Ecclesia
583 4105 672 4148 sensu
687 4095 714 4147 et
728 4086 873 4150 doctrino.

132 4189 181 4244 38.
204 4187 276 4253 Quae
291 4185 326 4244 de
341 4184 525 4263 indulgentiis
541 4184 679 4243 Clemens
696 4185 747 4243 VI.
764 4184 876 4244 tradidit
890 4184 1093 4244 constitutione
1111 4181 1292 4260 praelaudata,

89 4301 129 4342 ex
154 4299 241 4342 sensu
266 4295 295 4342 et
315 4281 465 4342 traditione
487 4281 629 4341 Ecclesiae
650 4279 775 4340 derivata
794 4292 871 4350 sunt,
893 4291 923 4342 ot
943 4282 1006 4361 ejus
1026 4300 1171 4342 consensu
1185 4280 1291 4359 agnita.

492 4477 532 4542 (l)
553 4475 605 4526 Art.
618 4472 679 4526 xvii.

491 4561 534 4628 (2)
556 4559 661 4612 Constit.
672 4561 805 4612 ductorem
817 4559 895 4614 Fidei·
