2812 5062
452 308 509 370 DE
530 307 651 370 MODO
673 305 934 368 BsPTrznuor.
1249 311 1289 370 ta
1349 332 1354 344 ·

98 464 283 544 scriptorum,
298 477 357 527 tum
378 467 571 546 profanorum,
592 478 652 526 tum
672 485 826 526 sacrorum.
868 465 947 544 Ergo
961 464 1094 525 Ecclesia
1113 465 1184 526 nihil
1198 465 1291 545 potuit

98 560 237 623 innovare
251 564 282 621 in
296 582 331 623 eo
345 563 420 638 quod
435 559 569 623 Christus
580 563 739 623 laciendum
750 564 847 641 jussit.
875 566 878 571 ’

138 657 229 736 Resp.
251 660 318 719 Vox
329 667 450 728 maroa
469 680 526 735 qua
539 660 680 720 derivatur
701 661 816 738 tingere
830 657 981 736 signifieat,
997 677 1060 732 que
1076 658 1245 736 plerumque
1260 658 1292 717 fit

98 757 273 833 mergendo:
293 754 409 827 θαπτίζω
423 760 640 839 significatione,
655 768 684 817 et
703 777 755 816 usu
776 757 959 831 frequentiori
972 774 1105 834 mergere
1118 768 1162 815 et
1174 777 1181 825 ;
1198 755 1249 814 sed
1263 767 1292 814 st

99 853 224 914 lotiones
239 857 308 916 alias
323 876 359 917 ex
367 857 547 937 judaicorum
562 859 730 935 scriptorum
745 849 810 922 neh,
825 855 874 928 qui
889 855 1031 931 precipue
1042 854 1227 913 attendendus
1239 862 1293 921 est,
1336 800 1358 925 1

100 953 349 1030 complectebatur.
392 957 476 1034 Apud
488 956 722 1016 Ecclesiastionm
732 954 875 1030 legimus:
896 948 1075 1021 βαπτιζόμενος
1091 950 1234 1021 &novemur
1251 952 1294 1005 aot*
1364 1010 1400 1028 Ι)

101 1063 178 1104 noae
188 1048 320 1121 ἅπτόμενος
329 1052 411 1115 tiosos,
421 1051 449 1109 τί
460 1057 540 1122 ὄφελος
550 1057 574 1108 ἐν
586 1057 622 1122 τῷ
632 1068 724 1124 hesepe
734 1054 831 1110 (irrisos.²
872 1057 891 1086 “
902 1047 958 1114 Qui
972 1044 1129 1121 baptizatur
1142 1061 1158 1099 a
1172 1051 1295 1108 mortuo,
1327 1092 1331 1119 r

103 1138 249 1198 etiterum
264 1143 353 1218 tangil
363 1161 440 1212 eum,
462 1143 530 1216 quid
544 1144 657 1220 proficit
669 1145 771 1204 lavatio
786 1146 862 1204 illius
872 1144 904 1202 l''
945 1143 1029 1202 Lotio
1044 1150 1137 1199 autern
1151 1139 1294 1218 quaelege
1329 1128 1390 1233 {uit

102 1238 268 1314 praescripta
281 1249 336 1314 est,
349 1239 394 1298 his
415 1241 575 1300 enuntiatur
588 1243 699 1300 verbis:
722 1243 812 1310 “Qui
836 1243 958 1320 tetigerit
978 1238 1098 1298 cadaver
1119 1236 1255 1304 hominis,
1268 1245 1297 1294 et
1331 1236 1339 1303 l

103 1343 220 1410 propter
233 1335 289 1393 hoo
312 1348 421 1414 septem
436 1337 536 1396 diebus
557 1333 641 1397 fuerit
655 1340 839 1398 immundus:
861 1349 1025 1417 aspergetur
1039 1354 1075 1393 ex
1088 1336 1142 1393 hae
1156 1353 1229 1407 aqua
1250 1333 1297 1392 die
1376 1286 1403 1393 ζ1

105 1429 228 1489 tertioet
241 1433 374 1507 septimo,
387 1434 467 1492 etsie
482 1435 707 1494 mundabitur.’''
745 1437 884 1513 Aspersio
904 1436 966 1493 haeo
987 1434 1070 1510 plana
1091 1431 1249 1507 baptismus
1263 1431 1297 1488 ab

106 1535 221 1584 auctore
235 1527 433 1603 Ecclesiastioi
447 1531 617 1608 designatur.
660 1532 708 1590 Sio
723 1551 858 1591 manuum
873 1549 964 1605 usque
980 1529 1014 1588 ad
1036 1530 1115 1587 ulnas
1140 1527 1209 1586 lotio
1234 1544 1297 1600 quae

108 1623 194 1681 fiebat
214 1645 230 1682 a
250 1625 404 1684 Pharisaeis
419 1638 568 1702 antequam
590 1648 696 1688 mensae
717 1631 924 1697 accumberent,
947 1616 1105 1705 baptismus
1131 1623 1300 1683 dicebatur.⁸

106 1720 204 1787 Quum
220 1721 353 1780 Christus
370 1723 442 1782 hano
457 1725 612 1802 neghgeret
625 1727 870 1795 consuetudinem,
885 1725 919 1783 ad
934 1723 1082 1802 prandium
1105 1721 1180 1797 apud
1201 1721 1301 1779 Phari·

107 1837 195 1876 saeum
206 1820 355 1888 invitatus,
369 1821 560 1880 “Pharisaeus
575 1824 662 1900 ooepit
674 1825 785 1881 intrase
799 1837 932 1900 reputans
944 1822 1048 1888 dicere,
1063 1838 1149 1892 quare
1160 1837 1217 1876 non
1232 1819 1300 1894 bap·

106 1914 209 1974 tizatus
230 1928 307 1974 esset
327 1929 391 1975 ante
412 1919 609 1994 pranrlium.'’⁴
659 1921 834 1997 Baptismata
856 1921 986 1986 calinum,
1015 1927 1043 1975 et
1070 1915 1258 1983 urceolomm‚
1272 1923 1302 1972 et

108 2026 335 2082 aeramentorum,
352 2026 379 2074 et
392 2016 530 2075 lectorum
545 2038 603 2076 non
623 2020 782 2078 necessario
803 2019 908 2077 fiebant
928 2013 1093 2094 mergendo,
1108 2013 1158 2071 sed
1179 2013 1300 2071 lotiones

109 2131 289 2186 quacumque
300 2115 406 2172 ratione
418 2114 457 2172 ita
476 2117 655 2175 vocabantur.
697 2118 872 2194 Baptismata
891 2115 1048 2193 Apostolus
1062 2112 1173 2170 vocavit
1187 2129 1302 2187 genera·

110 2209 160 2267 tim
186 2208 353 2268 Judaeorum
367 2210 557 2280 lustrationes,
573 2233 691 2287 quarum
712 2215 813 2288 aliquae
834 2214 939 2272 fiebant
959 2211 1134 2287 aspersione.
1177 2209 1299 2265 Constat

113 2309 198 2387 igitur
226 2327 325 2366 vocem
353 2309 444 2368 latiori
473 2329 558 2368 sensu
591 2312 665 2388 apud
693 2312 809 2371 Jurlaeos
831 2313 915 2379 sumi,
937 2326 1110 2381 omnemque
1131 2307 1302 2365 ablutionem

114 2406 292 2484 complecti.⁵

150 2512 200 2566 72.
226 2505 292 2584 ooj.
309 2510 337 2564 3.
360 2506 414 2564 Vis
429 2507 517 2574 vocis,
534 2516 617 2583 prout
630 2507 659 2563 in
675 2504 805 2562 mandato
820 2501 928 2561 Christi
943 2511 1102 2578 usurpatur,
1115 2518 1152 2557 ex
1166 2517 1219 2557 usu
1235 2496 1319 2554 novi'

111 2602 291 2664 Testamenti
314 2603 541 2663 definiendaest.
582 2602 686 2675 Liquet
700 2610 794 2658 autern
817 2618 879 2657 eam
904 2598 938 2656 de
967 2597 1149 2656 immersione
1173 2592 1302 2669 intelligi,

110 2721 177 2762 uam
194 2703 381 2780 “baptizatus
395 2701 492 2768 lesus,
505 2700 654 2758 confestim
677 2697 802 2757 ascendit
816 2697 850 2755 de
863 2715 936 2769 aqua
948 2695 990 2752 :”⁶
1004 2705 1032 2753 et
1045 2693 1132 2751 alias:
1156 2702 1175 2728 ‘⁶
1188 2691 1305 2749 deseen-

110 2802 214 2860 derunt
227 2814 345 2874 uterque
359 2802 388 2858 in
405 2820 516 2873 aquam,
533 2799 695 2876 Phillippus
710 2806 740 2856 et
753 2797 911 2864 eunuchus,
928 2807 956 2854 et
969 2794 1122 2871 baptizavit
1135 2790 1247 2849 eum.”⁷

152 2900 242 2978 Reop.
264 2901 317 2958 llla
338 2899 499 2957 testimonia
526 2916 582 2955 non
605 2899 722 2973 probant
735 2896 948 2953 immersionem
964 2893 1116 2969 designari,
1132 2909 1219 2963 quum
1241 2887 1304 2945 fieri

111 2999 265 3075 potuisset,
280 3010 311 3054 ut
325 2995 501 3054 descenderit
514 2995 543 3052 in
565 3012 666 3066 aquarn
692 2993 789 3060 JesuS‚
805 2992 888 3064 eique
908 2992 938 3048 in
963 2991 1044 3048 alveo
1065 2988 1192 3045 fluminis
1220 2985 1304 3042 stanti
1360 3019 1367 3026 -

111 3114 200 3152 manu
215 3093 348 3152 infuderit
361 3112 461 3166 aquam
476 3094 613 3158 loannes,
629 3100 712 3168 prout
722 3091 751 3147 in
763 3089 880 3146 vetustis
893 3087 1010 3164 picturis
1021 3086 1179 3143 exhibetur.
1212 3082 1305 3140 Caete-

112 3211 177 3250 rum
193 3201 266 3258 esto,
281 3190 495 3248 immersionem
520 3190 557 3246 ibi
574 3188 709 3254 iudicari;
736 3185 804 3259 quid
832 3196 907 3242 vetat
928 3203 1026 3242 vocem
1042 3180 1195 3256 aliquando
1217 3197 1304 3236 seusu

114 3291 209 3350 latiori
221 3290 306 3357 sumi,
322 3298 405 3365 prout
419 3288 561 3364 plerisque
573 3287 689 3344 vocibus
703 3283 861 3360 contingit?

154 3394 204 3449 73.
218 3385 284 3464 obj.
294 3389 322 3443 4.
335 3386 465 3463 Apostoli
475 3402 576 3443 munus
586 3381 842 3441 sibidemandatum
852 3380 958 3456 optime
977 3376 1150 3435 intellexisse
1169 3371 1318 3430 censendi

114 3495 192 3553 sunt,
208 3487 257 3558 qui
272 3496 366 3542 tamen
380 3500 535 3556 numquam
550 3481 604 3539 alia
618 3481 724 3539 ratione
739 3490 839 3555 praeter
850 3475 1062 3534 immersionem
1074 3471 1118 3527 usi
1128 3479 1304 3527 noscuntur:

115 3583 225 3643 Paulus
248 3583 353 3659 quippe
380 3581 435 3639 ait:
469 3581 544 3638 “ho
565 3577 699 3656 ignoratis
725 3576 790 3648 quia
814 3573 985 3646 quicumque
1005 3567 1139 3645 baptizati
1160 3584 1260 3624 sumus
1274 3566 1305 3624 in

153 3780 196 3845 (1)
215 3778 292 3828 Eocli.
303 3777 387 3827 xxxiv.
398 3779 439 3826 30.

152 3867 193 3932 (2)
211 3865 350 3914 Num.xix.
364 3868 402 3913 12.
496 3854 499 3863 '
986 3906 988 3910 μ

156 3950 197 4018 (3)
228 3950 345 4000 “Judaeis
368 3951 475 3999 solemne
497 3955 547 3997 erat
574 3963 641 3996 nuno
663 3941 884 4012 zrpur'rtertmaqua
906 3937 984 3988 affusa
1006 3951 1093 3985 manus
1115 3935 1218 3993 abluere,
1239 3947 1307 3982 nune

116 4035 258 4100 Βαπτίζειν,
269 4053 356 4086 manns
368 4052 439 4101 carpo
450 4044 530 4093 tenus,
539 4033 609 4098 aquis
619 4034 761 4094 emergere.”
786 4029 922 4094 Sponoerus
933 4024 972 4074 De
982 4023 1075 4085 legibus
1087 4021 1243 4071 Hebraeorum
1251 4019 1308 4067 ritu·

117 4128 196 4176 alibus
204 4127 220 4175 l.
231 4126 263 4175 iv.
274 4141 295 4174 c.
307 4124 342 4172 xii
360 4127 374 4182 ξ
387 4122 412 4171 ii.

156 4214 195 4278 (h)
214 4211 275 4262 Luc.
286 4211 319 4260 xi.
332 4213 372 4259 38.

158 4300 200 4364 (5)
220 4299 295 4348 Mero.
306 4298 347 4348 rii.
357 4299 382 4347 4.

156 4386 198 4452 (6)
212 4385 272 4435 Mat.
278 4382 311 4432 iii.
321 4386 359 4433 16.

159 4472 197 4537 t'l)
216 4467 381 4520 Auentinae.
