2774 5056
438 404 439 409 γ
487 317 544 378 DE
566 317 871 383 consessione.
1212 328 1271 386 010

77 488 164 549 esset,
186 479 228 538 ita
249 478 343 547 flebat,
358 490 389 538 ut
401 487 430 537 et
447 476 517 538 flere
536 478 616 539 illum
636 479 840 557 compelleret:
861 479 1007 540 videbatur
1026 483 1104 543 enim
1127 484 1182 544 sibi
1200 504 1266 546 cum

72 578 187 656 jacente
197 576 342 654 jacere.”²
381 578 413 635 S.
428 575 593 645 Audoenus,
615 577 854 655 Rotbomagensis
875 578 1039 656 episcopus,
1060 581 1166 641 seculo
1180 582 1268 660 septi·

78 692 138 742 mo,
152 673 184 733 in
198 676 256 732 vita
269 674 301 733 S.
317 674 406 752 Eligii
432 674 637 733 Noviomensis
658 658 797 752 episcopi,
812 685 923 733 narratr
947 685 967 713 ‘⁴
980 675 1056 735 Oum
1073 677 1136 754 jam
1157 678 1271 758 Eligius

77 770 190 829 virilem
204 781 301 848 ageret
313 780 435 838 etatem,
449 771 569 848 cupiens
583 788 615 828 se
636 790 685 829 vas
707 770 772 830 Deo
792 770 927 830 exhibere
942 773 1159 844 sanctificatum,
1174 788 1203 835 et
1215 795 1273 835 me·

77 878 162 928 tuens
174 886 212 929 ne
226 868 320 942 aliqua
333 886 417 926 suum
432 866 534 926 delicta
547 879 646 946 pectus
660 868 835 937 frustrarent,
850 869 949 927 omnia
961 871 996 928 ab
1016 869 1206 931 adolescentia
1219 868 1272 932 sua

76 982 175 1024 coram
187 964 334 1025 sacerdote
348 965 497 1024 coufessus
511 963 674 1024 estacte.”⁸
706 964 741 1023 Iu
755 965 826 1022 actis
839 976 1003 1024 sanctorum
1018 965 1168 1026 ordinis-S.
1179 969 1272 1028 Bene-

76 1061 147 1122 dicti
158 1062 193 1121 ab
206 1080 281 1121 anno
295 1066 353 1122 700
367 1061 402 1120 ad
414 1080 519 1121 annum
534 1065 604 1131 800,
625 1060 750 1121 osmndit
765 1062 952 1122 Mabillonius
966 1080 1027 1123 rem
1041 1081 1180 1141 perquam
1194 1084 1272 1125 com·

77 1177 195 1219 munem
210 1158 299 1217 fuisse
312 1177 348 1217 ea
366 1169 445 1218 etate
459 1169 492 1218 ut
504 1146 682 1237 principibus
703 1159 772 1217 viris
793 1169 891 1219 essent
911 1158 1088 1220 confessarii.
1130 1162 1272 1222 Martinus

76 1259 236 1319 monachus
251 1257 437 1336 Gorbejensis
452 1258 692 1318 Oamliblartelli
711 1257 874 1335 excipiebat
893 1259 1102 1319 consessiones.
1143 1261 1176 1320 S.
1199 1264 1271 1320 Aus-

77 1357 173 1417 bertus
188 1352 363 1414 Theudorici
377 1355 432 1414 lll.
448 1355 576 1416 Franciae
591 1356 666 1432 regis
682 1366 799 1432 peccata
819 1355 849 1413 in
870 1374 953 1415 sacro
976 1356 1109 1416 tribunali
1129 1357 1270 1420 audiebat.
1324 1426 1329 1433 ,

76 1453 250 1515 Theodorus
272 1452 399 1512 Studites
424 1454 453 1513 in
476 1454 534 1512 vita
554 1454 587 1513 S.
611 1453 738 1512 Platonis
759 1453 874 1512 scribite
898 1453 1015 1520 “Quod
1036 1454 1204 1515 laudabilius
1217 1472 1271 1526 eat,

76 1552 203 1612 occultas
216 1553 319 1610 mentis
333 1551 571 1629 cogitationes,et
592 1561 653 1610 acta
668 1550 781 1610 cuidam
799 1570 899 1611 eorum
921 1552 972 1625 qui
992 1562 1140 1631 preerant,
1156 1553 1273 1614 confile-

75 1651 177 1709 batur:
198 1666 262 1724 quae
286 1667 331 1708 res
356 1667 490 1727 magnum
504 1649 651 1726 religionis
665 1649 742 1708 illius
756 1659 815 1708 erat
836 1648 985 1708 indicium.
1027 1649 1117 1724 ldque
1130 1668 1195 1710 cum
1210 1670 1274 1731 per·

75 1749 150 1809 fecte
164 1747 256 1807 facere
269 1747 370 1806 solitus
383 1756 473 1816 esset,
487 1747 537 1820 qui
558 1745 769 1806 confessionem
791 1746 882 1824 ipsius
905 1746 1036 1806 audiebat
1056 1747 1272 1810 admirationem

76 1864 111 1904 ac
123 1856 270 1922 stuporem
285 1842 450 1903 afferebat.”
492 1841 667 1901 Wilhelmus
682 1842 949 1901 Malmeaburiensis
962 1842 1058 1902 laudat
1077 1845 1182 1904 milites
1191 1847 1273 1907 nor·

75 1962 209 2011 mannos,
234 1939 342 2016 “quod
362 1951 419 2000 tota
447 1954 530 1999 nocte
554 1924 729 1998 confessioni
750 1950 930 2016 peccatomm
952 1952 1094 2013 vacantes,
1116 1943 1270 2004 Dominieo

77 2041 191 2119 corpori
217 2038 499 2105 communicaverint,
527 2045 678 2109 antequam
699 2040 824 2113 pugnam
844 2054 910 2093 cum
930 2037 1032 2114 Anglis
1053 2037 1200 2098 inirent.’'⁸
1239 2041 1273 2101 ln

75 2138 200 2199 concilio
214 2136 390 2195 oecumenico
413 2133 730 2210 Constantinopolitano
753 2132 818 2201 lv..
833 2153 908 2193 anno
929 2139 998 2203 870,
1019 2134 1104 2213 legati
1126 2138 1270 2214 pontificis

76 2235 217 2299 Hadriani
231 2236 271 2295 Π.
289 2232 476 2295 Theodorum
488 2232 751 2309 Protospatharium
773 2232 1035 2309 interrogaverunt:
1058 2244 1078 2272 ⁴⁶
1088 2235 1195 2294 Fecisti
1205 2256 1272 2296 con·

74 2335 243 2402 sessionem,
257 2342 286 2392 et
299 2331 434 2409 accepisti
448 2349 548 2408 poenas
562 2329 598 2387 de
612 2340 728 2406 peccato
741 2328 791 2388 illo
807 2330 971 2407 poeuitensl
993 2330 1164 2392 Theodorus
1178 2333 1269 2394 dixit:

76 2434 186 2495 Etiam.
227 2430 333 2489 Vinarii
348 2428 491 2487 dixerunt.
533 2426 591 2518 0ἱυί
605 2426 754 2485 confessus
769 2427 823 2484 est
851 2426 1022 2486 Theodorus
1037 2430 1127 2489 dixit:
1149 2431 1269 2502 Nescio,

76 2530 226 2591 defunctus
241 2539 301 2586 est:
324 2524 353 2583 id
373 2533 482 2584 tantum
502 2523 574 2591 scio,
589 2523 658 2596 quia
678 2522 863 2580 chartularius
878 2535 907 2582 et
920 2526 1075 2583 monachus
1090 2528 1138 2601 qui
1153 2527 1272 2602 quadra·
1365 2558 1370 2567 ι

76 2630 157 2711 ginte
168 2644 258 2686 annos
271 2624 408 2684 habitarat
420 2624 451 2683 in
465 2622 596 2682 columna
608 2641 616 2680 r
638 2630 734 2680 meum
749 2620 791 2679 illi
814 2623 908 2680 scelus
927 2623 1075 2682 confessus
1090 2645 1166 2696 sum,
1181 2648 1197 2686 a
1211 2648 1269 2703 quo

76 2744 191 2808 poenam
203 2722 345 2802 septennii
358 2722 508 2799 irrogatam
522 2720 631 2797 accepi.
646 2738 730 2793 quam
747 2719 839 2778 adhuc
849 2719 935 2779 hodie
946 2721 1082 2782 subeo.”⁴
1122 2725 1154 2785 S.
1168 2727 1271 2786 Petrus

75 2820 211 2885 Damiani
235 2821 320 2880 refert
342 2821 482 2896 Agnetem
507 2819 677 2894 Augustam,
703 2816 824 2875 Henrici
851 2815 906 2876 IV.
931 2829 1061 2889 matrem,
1084 2820 1190 2883 Rome*
1205 2835 1270 2885 ants

76 2940 153 2982 aram
172 2917 316 2995 Principis
339 2914 562 2993 Apostolorum,
577 2914 788 2973 confessionem
810 2915 970 2991 generalem
994 2921 1158 2996 peregisse:
1181 2923 1272 2984 “Per

76 3017 211 3097 lugubres
225 3014 348 3093 gemitus
363 3023 391 3070 et
404 3030 499 3070 amara
521 3012 655 3088 suspiria,
669 3012 704 3070 ab
718 3011 782 3089 ipsa
795 3013 984 3086 quinquennii
1000 3015 1117 3075 infantia
1131 3019 1270 3095 quidquid

76 3114 181 3175 subtile
196 3113 241 3171 vel
255 3111 404 3171 minimum
419 3109 511 3186 potuit
520 3109 551 3167 iu
565 3109 722 3167 visceribus
734 3108 855 3178 titillare,
865 3109 1002 3186 quidquid
1015 3113 1271 3192 incogitationibus

76 3230 193 3280 vanum,
208 3206 346 3283 quidquid
360 3206 512 3284 subrepere
533 3205 626 3282 potuit
645 3205 674 3263 in
694 3223 826 3263 sermone
847 3207 1035 3285 superfluum,
1050 3210 1180 3271 fidelibus
1201 3215 1271 3273 rela-

77 3309 204 3371 tionibus
218 3302 369 3365 evolvit.”⁵

114 3405 268 3467 Probatur
287 3400 336 3462 VI.
351 3419 388 3461 ee
404 3395 601 3459 Orientalium
612 3403 759 3456 sectorum
772 3399 970 3460 concentione.
1092 3382 1095 3389 ¹

118 3508 187 3566 106.
209 3502 318 3562 Notum
340 3512 384 3559 est
402 3497 613 3556 confessionem
636 3495 711 3572 apud
732 3495 850 3554 Graecos
871 3497 943 3568 fieri,
959 3499 1035 3574 quod
1056 3502 1146 3578 liquet
1159 3524 1197 3564 ex
1211 3523 1269 3565 res-

76 3603 220 3685 ponsione
234 3600 326 3677 prima
339 3596 495 3656 Hieremioe
516 3594 680 3673 patriarche
695 3593 1003 3673 constantinopolitani
1018 3598 1053 3657 ad
1077 3601 1267 3676 Lutherauos,

75 3713 106 3764 et
128 3718 168 3761 ex
189 3695 371 3758 confessione
393 3691 551 3753 orthodoxa
572 3711 589 3750 a
611 3700 730 3764 quatuor
752 3691 918 3769 patriarchis
940 3694 1026 3756 edita.
1067 3699 1152 3777 Apud
1175 3702 1267 3780 Syros

75 3801 163 3862 etiam
177 3795 257 3875 viget
269 3801 388 3852 testante
403 3788 556 3851 Nairouo.⁶
595 3789 646 3846 Sic
660 3786 734 3866 apud
743 3798 858 3848 ceteras
867 3791 1117 3868 plerasquesectas
1130 3798 1267 3871 Orientis,

75 3897 212 3976 quamvis
226 3892 301 3973 apud
322 3892 431 3966 aliquas
445 3889 555 3949 nonsit
574 3886 647 3948 adeo
666 3888 800 3963 frequens
821 3889 884 3968 ejus
899 3909 980 3952 usus.
1021 3894 1095 3973 Ejus
1109 3899 1190 3976 origo
1204 3918 1268 3977 pro·

440 4102 483 4169 (5)
501 4100 532 4153 In
543 4100 594 4152 vila
605 4100 633 4151 S.
643 4099 777 4153 Ambrosii.

440 4190 480 4255 (2)
497 4184 798 4252 Inunuuugncvii.

447 4275 459 4328 f
460 4275 489 4341 3)
503 4269 534 4324 1..
544 4271 578 4324 ili.
588 4272 620 4324 de
630 4275 706 4338 gestis
716 4275 853 4338 Anglomm
864 4290 884 4327 a.
896 4290 937 4326 xv.

443 4361 485 4428 (4)
503 4359 584 4411 Oeno.
595 4360 736 4413 Constant
747 4362 782 4413 ix.
879 4391 880 4394 =

447 4447 488 4513 (b)
508 4434 537 4496 fn
549 4448 667 4512 opusculo
678 4447 735 4505 lvi.-

443 4536 486 4603 (0)
505 4531 611 4602 Euoplie
621 4549 646 4600 p.
660 4536 723 4585 195.

195 4623 274 4684 Ver..
289 4621 424 4683 lli-eu
664 4608 674 4625 '
