2774 5056
453 322 629 385 PATRUM
651 324 925 387 TESTIMONIA.
1221 332 1278 389 167

111 474 229 548 devenire,
243 490 273 538 et
285 498 343 539 non
365 482 510 559 percipere
532 484 629 553 vitam,
645 502 714 551 num
729 504 749 544 n
768 504 902 545 consona
926 485 1044 545 Douma
1066 505 1106 547 aa
1127 505 1278 547 senonens

110 576 216 634 nunni
248 576 328 654 Ergo
341 587 389 636 aut
402 580 570 639 seutentiam
584 591 704 650 mutent,
718 592 766 640 aut
785 583 943 643 abstineant
962 582 1109 643 offerendo
1124 604 1187 660 que
1209 603 1278 662 pre-

111 667 248 730 dictasunt.
290 672 398 731 Nostra
411 684 505 733 autem
520 692 681 735 consonans
701 687 746 735 est
758 679 899 737 sententia
919 678 1153 748 eucharisticam
1175 679 1278 739 eucha-

111 768 170 827 ristia
181 789 274 829 rursus
290 773 438 832 confirmat
451 774 619 833 sententiam
640 784 777 834 nostram.
819 776 975 835 Offsrimus
989 777 1067 835 enim
1080 778 1107 835 ei
1128 797 1192 852 que
1213 790 1280 838 sunt

111 865 166 941 ejus,
177 880 363 947 congruenter
377 872 665 932 communicationem
679 885 707 931 et
716 874 853 933 unitatem
867 874 1052 952 predicantes
1064 876 1157 933 camis
1172 885 1201 933 et
1214 877 1279 954 Spi-

110 963 169 1024 ritus.
207 967 455 1035 Quemadmodum
469 971 546 1029 euim
561 971 611 1045 qni
624 981 668 1029 est
681 981 781 1030 eterra
795 973 877 1049 punis
891 973 1053 1050 percipiens
1067 974 1278 1033 invocationem

111 1059 160 1132 nei,
167 1066 225 1142 jam
239 1085 299 1125 non
312 1068 474 1126 communis
495 1069 577 1145 panis
591 1079 645 1137 est,
660 1068 711 1128 sed
731 1069 912 1138 eucharistia,
926 1089 964 1129 ex
984 1070 1092 1129 duabus
1106 1071 1190 1129 rebus
1212 1090 1279 1131 con-

109 1169 298 1230 mantenano
312 1175 341 1221 et
354 1163 482 1222 caelesti:
505 1165 547 1223 sic
561 1175 590 1223 et
603 1184 723 1243 corpora
742 1176 839 1225 nostra
858 1167 1044 1245 percipientis
1065 1167 1277 1235 eucharistiam,

106 1256 151 1333 jan
161 1279 214 1320 non
227 1271 295 1320 sunt
305 1262 508 1339 corruptibilia,
521 1280 604 1339 spem
619 1264 833 1323 resurrectionis
847 1263 988 1323 habentia.
1017 1265 1172 1325 Offerimus
1183 1275 1278 1325 autem

107 1353 136 1423 ei,
145 1375 195 1415 non
208 1358 290 1432 quasi
304 1357 453 1435 indigenti,
469 1357 520 1417 sed
533 1362 636 1436 gratias
650 1370 766 1437 agentes
780 1360 926 1420 donationi
939 1362 1013 1438 ejus,
1028 1372 1056 1420 et
1069 1362 1277 1420 sanctificantes

94 1454 290 1523 ⁴creaturam.”²
328 1454 348 1513 J
350 1474 396 1515 am
410 1454 477 1513 verd
492 1456 540 1515 illa
553 1457 763 1534 perpendantur
778 1459 871 1526 verba,
889 1458 983 1517 habita
997 1477 1055 1536 pre
1069 1460 1161 1519 oculis
1177 1458 1280 1518 heresi

108 1566 173 1622 quam
195 1551 341 1611 refellebat
362 1551 505 1621 Ireneus;
527 1566 557 1613 et
577 1554 649 1613 fides
674 1573 737 1629 que
758 1565 826 1614 tunc
847 1555 994 1616 fovebatur
1013 1557 1049 1615 de
1072 1555 1182 1615 Christi
1203 1575 1279 1625 vera,

106 1648 167 1718 tendi,
179 1659 207 1710 et
218 1650 398 1709 substantiali
418 1653 569 1728 presentia
581 1653 612 1712 in
626 1654 810 1712 Eucharistia
830 1656 946 1732 patebit.
989 1655 1140 1733 Negabant
1154 1655 1281 1714 Valenti·

106 1745 165 1807 niani
177 1748 337 1816 Christum,
351 1766 437 1821 quem
452 1747 610 1808 Dominum
625 1768 709 1808 suum
720 1751 920 1826 agnoscebant,
931 1769 995 1809 esse
1008 1750 1169 1828 Demiurgi,
1181 1749 1280 1811 mundi

104 1843 194 1904 seilicet
207 1847 352 1913 creatoris,
367 1845 480 1914 filinm;
501 1845 691 1922 Demiurgum
713 1847 790 1905 enim
805 1847 968 1906 inferiorem
990 1849 1126 1924 putabant
1140 1849 1280 1917 AEonem,

106 1936 237 2001 Chrisbnm
250 1941 365 2001 Summi
380 1941 435 2000 Dei
450 1942 567 2000 Filium.
608 1942 819 2001 Eucharistiam
840 1943 1027 2003 nibilominus
1048 1962 1152 2021 corpus
1167 1956 1195 2002 et
1216 1962 1281 2002 san·

55 2114 59 2118 .
105 2040 201 2115 minem
214 2042 278 2120 ejus
289 2059 354 2100 esse
368 2040 571 2116 profitebantur
586 2058 667 2115 aeque
678 2060 711 2099 ac
723 2039 890 2101 Christiani.
920 2041 1078 2119 Interrogat
1090 2061 1141 2099 eos
1156 2042 1281 2100 lrenens

105 2139 230 2211 quomodo
244 2140 307 2199 bec
320 2140 376 2198 sibi
391 2139 560 2207 cohereant,
576 2158 664 2213 quum
679 2138 814 2198 Christus
835 2158 909 2217 pane
922 2141 1047 2214 vinoque
1067 2143 1097 2199 ivr
1111 2139 1283 2199 eucharistia

104 2235 263 2295 conficienda
284 2254 355 2294 usus
380 2236 428 2303 sit,
443 2236 526 2294 rebus
541 2255 557 2293 a
571 2234 707 2293 Crantore
721 2219 1006 2313 profecta'os'tsndir
1019 2236 1129 2294 scilicet
1143 2256 1175 2294 se
1197 2237 1231 2295 ab
1246 2255 1281 2297 eo

104 2346 148 2390 non
158 2352 221 2392 esse
236 2333 372 2393 alienum.
403 2332 493 2410 lgitnr
506 2331 594 2391 antid
608 2333 762 2390 faterentur
773 2333 930 2408 oportebat,
944 2342 994 2390 aut
1005 2331 1167 2391 desinerent
1178 2352 1280 2410 panem

103 2428 305 2489 mebsristicum
320 2439 455 2506 “corpus
469 2446 534 2486 esse
550 2427 669 2486 Domini
685 2438 714 2485 et
733 2427 853 2486 calicem
874 2427 1021 2505 sanguinis
1035 2427 1120 2504 ejns”
1143 2429 1280 2505 profiteri.

104 2523 224 2593 Quamvis
238 2537 332 2587 antem
347 2525 535 2606 argumentari
548 2523 614 2584 inde
624 2525 764 2593 licuisset,
776 2524 802 2583 si
815 2525 846 2583 in
859 2524 992 2602 symbola
1002 2535 1031 2583 et
1041 2525 1123 2602 signa
1135 2544 1152 2582 a
1163 2525 1281 2586 Christo

103 2620 211 2685 adbibita
222 2623 354 2693 fuissent,
366 2642 419 2682 nec
433 2622 549 2681 deerant
562 2640 648 2681 voces
658 2622 763 2696 quibus
774 2622 817 2680 sic
831 2621 975 2699 designari
990 2622 1161 2700 potuissent,
1172 2623 1282 2702 simpli·

103 2720 159 2781 citer
179 2722 249 2783 dicit
269 2740 379 2782 conaus
403 2740 474 2781 assa
499 2739 539 2780 vec
557 2738 690 2781 emvcnn
710 2738 870 2783 cuneumve
889 2739 969 2791 aens,
991 2739 1054 2796 que
1074 2722 1117 2781 rei
1137 2723 1281 2784 veritatem

103 2820 204 2880 mnino
217 2820 370 2879 declarant.

134 2920 195 2977 105.
216 2916 399 2977 Resurrectio
425 2934 577 2993 corporum
599 2916 788 2976 humanorum
810 2917 895 2976 etiam
918 2920 1073 2997 negebatur
1094 2940 1111 2979 a
1136 2918 1283 2978 Valentini

104 3017 282 3082 techtoribus,
298 3015 348 3089 qui
363 3027 457 3075 tamen
479 3033 537 3072 uon
559 3014 766 3073 dissentiebant
778 3034 796 3072 a
810 3014 969 3075 Catholicis
990 3016 1025 3076 de
1040 3037 1069 3076 rs
1093 3018 1283 3085 eucharistie,

103 3127 201 3172 manem
215 3113 292 3171 enim
307 3121 433 3171 nostram
446 3131 462 3169 a
475 3130 594 3189 corpore
606 3111 727 3171 Domini
737 3121 766 3169 et
779 3115 917 3190 sanguine
928 3115 965 3172 ali
977 3114 1191 3173 confitebantur.
1222 3116 1284 3174 Eos

103 3209 146 3269 sibi
158 3212 240 3290 plane
254 3230 313 3271 non
328 3220 458 3270 constare
472 3208 619 3269 contendit
639 3210 776 3279 lreneus,
791 3231 844 3270 nec
865 3213 942 3271 enim
963 3214 1149 3272 conveniebat
1170 3232 1285 3272 carnem

103 3325 206 3387 corpore
219 3308 341 3369 Domini
356 3307 444 3365 veluti
458 3307 626 3384 saginatam,
641 3318 670 3366 et
683 3310 896 3377 sanctificatam,
912 3311 1025 3386 penitus
1040 3310 1163 3368 interire.
1196 3308 1287 3386 Igitur

104 3405 139 3465 vel
149 3407 295 3486 oportebat
308 3407 342 3465 ab
358 3403 506 3464 offerendo
519 3404 647 3464 sacificio
661 3406 849 3464 eucharistico
864 3407 1015 3472 abstinere,
1030 3424 1088 3477 qua
1101 3406 1209 3464 ratione
1222 3406 1285 3464 Ma·

104 3499 187 3565 tunic
201 3503 367 3564 vaticinium
380 3501 458 3561 haud
483 3502 605 3579 implere
627 3504 871 3571 convincerentur,
886 3502 932 3561 vel
952 3501 1123 3561 sententiam
1142 3520 1285 3562 murren-

104 3600 161 3663 toni
173 3621 324 3682 corporum
339 3601 487 3663 adversam
501 3599 641 3659 deserere.
685 3599 836 3659 Catholica
856 3600 1006 3669 sententia,
1021 3618 1109 3674 quam
1123 3618 1285 3681 propugna-

102 3700 143 3762 tet
161 3704 298 3774 ireneus,
321 3700 451 3763 omniuo.
464 3700 521 3759 eibi
545 3700 719 3760 conveniens
744 3708 813 3768 erat,
839 3716 905 3759 nam
929 3698 1003 3759 fides
1022 3699 1059 3758 dc
1080 3700 1289 3763 resurreetione

102 3818 239 3881 asperum
252 3800 429 3881 congruebat
441 3798 568 3877 dogmati
581 3798 617 3856 de
631 3798 794 3875 receptione
809 3797 938 3875 corporis
952 3809 981 3857 et
1000 3799 1150 3877 sanguinis
1165 3798 1286 3862 Domini

52 3914 54 3925 '
99 3897 350 3963 'nDacrameutoa
376 3908 407 3959 et
424 3896 481 3957 boc
494 3894 624 3955 vicissim
650 3913 714 3955 eam
734 3896 930 3964 confirmabat,
944 3906 973 3955 et
993 3914 1074 3972 spem
1097 3896 1288 3972 fiduciamque

52 3930 219 4085 delfinum
238 3996 366 4067 fovebat,
379 3994 485 4075 pignus
506 3994 583 4053 euim
604 4005 649 4052 ast
669 3992 778 4053 illustre
794 3995 885 4052 carnis
902 3994 1053 4067 aliqnando
1075 3996 1287 4055 resuscitanda.

52 4070 264 4189 'difflebant'
277 4090 424 4153 Catholici
443 4089 509 4151 Deo
523 4106 570 4149 res
584 4089 647 4149 illas
671 4102 789 4159 creatas,
811 4108 913 4167 panem
926 4103 955 4148 et
974 4089 1083 4158 vinum,
1100 4111 1166 4150 eum
1187 4110 1288 4168 agnos·

52 4104 399 4279 dibu-conditorem,
412 4199 442 4249 et
462 4188 608 4257 datorem
630 4196 659 4245 et
679 4188 811 4248 invocato
833 4187 899 4247 Deo
919 4198 952 4246 ut
973 4189 1075 4248 oblatis
1098 4188 1288 4254 benediceret,

75 4278 214 4361 ,ffivbnm'
239 4291 356 4355 inibant
380 4286 668 4349 communicationem
698 4297 727 4346 et
753 4287 903 4354 unitatem,
928 4287 1056 4365 corporis
1084 4297 1113 4344 et
1139 4286 1288 4362 sanguinis

87 4364 200 4465 Duilli
214 4388 289 4457 sacti
302 4386 470 4469 participes,
484 4385 524 4444 ita
537 4392 569 4443 ut
582 4402 648 4442 caro
668 4382 772 4462 pignus
793 4383 910 4443 haberet
931 4383 1156 4450 resurrectionis,
1171 4383 1288 4459 spiritus

390 4583 432 4650 (1)
446 4580 477 4633 L.
487 4581 520 4632 iv.
531 4580 586 4633 adv.
596 4579 654 4632 her.
667 4596 687 4631 c
697 4578 766 4630 xviii.
778 4578 839 4630 alies
851 4579 938 4630 xxxiv.

1274 4704 1322 4752 A
