2774 5056
94 312 155 370 m
342 306 400 368 DE
422 307 645 369 euctemon
665 306 1046 370 PROPRIETATIBUS.

136 470 185 526 69.
207 466 388 526 Sacrificium
415 464 606 528 terraticum
626 467 769 544 imprimis
797 467 968 526 eucharistia
987 477 1042 537 est,
1057 467 1167 545 quippe
1181 467 1221 526 ad
1245 467 1307 527 Dei

96 563 233 624 honorem
256 572 285 621 et
305 563 411 622 cultum
438 582 604 642 supremum
627 564 776 622 destinata.
819 563 953 623 Christus
975 563 1092 638 quidem
1114 564 1237 623 victima
1258 575 1306 622 est

96 662 205 721 ceteris
220 660 352 719 omnibus
377 663 565 738 prestantior,
581 680 638 734 qua
651 660 798 719 immolata
811 679 942 720 summus
958 660 1050 721 bonor
1061 661 1126 719 Deo
1152 660 1305 720 tribuitur.

96 757 259 832 Tamquam
273 757 371 827 homo,
386 757 529 827 sacerdos,
544 771 573 817 et
586 758 689 826 hostia,
703 757 797 816 Deum
812 757 890 833 colit,
901 757 1081 817 sacerdotum
1093 777 1215 817 suorum
1231 759 1308 818 min·

97 855 206 915 isterio.
248 856 328 916 Hine
341 857 371 916 in
385 855 515 934 Liturgia
537 856 569 915 S.
591 857 684 915 Marci
704 855 807 914 dicitur
822 876 830 913 ι
853 865 872 893 “
884 856 1040 915 Offerimus
1055 856 1258 916 rationabilem
1273 867 1305 916 et

96 953 275 1012 incruentum
302 953 605 1023 cultum-apocopum
624 968 670 1022 την
687 953 789 1023 λογικὴν
811 953 853 1007 καὶ
870 950 1020 1022 ἀναίματον
1033 950 1149 1022 ampelos
1166 969 1308 1024 ταυτην-

96 1068 183 1123 quem
197 1049 321 1109 offerunt
335 1049 400 1116 tibi,
415 1049 551 1118 Domine,
567 1068 647 1108 omes
659 1061 759 1127 gentes
773 1050 808 1108 ab
822 1061 886 1109 ortu
900 1049 971 1108 solis
985 1050 1125 1124 usquead
1139 1069 1281 1110 occasum
1296 1071 1305 1121 3

95 1167 112 1205 a
125 1148 318 1226 septentrione
333 1146 369 1205 sd
383 1146 530 1206 meridiem
544 1167 552 1205 t
573 1148 641 1221 quia
655 1164 791 1225 magnum
804 1166 908 1207 nomeu
923 1156 1005 1206 tuum
1019 1148 1049 1207 iu
1068 1149 1216 1225 gentibus,
1230 1161 1260 1209 et
1273 1149 1306 1209 in

94 1246 174 1305 omni
186 1245 251 1304 loco
260 1245 410 1302 incensum
424 1243 542 1302 offertur
555 1244 664 1302 nomini
678 1255 778 1302 sancto
790 1255 848 1312 tuo,
857 1255 891 1301 et
903 1244 1088 1313 sacrificium,
1101 1255 1130 1302 et
1144 1244 1305 1304 oblatio.”⁸

133 1345 183 1402 70.
203 1338 452 1399 Eucharisticum
465 1358 530 1399 esse
545 1339 647 1398 Misce
661 1340 845 1408 sacrificium,
857 1350 997 1413 quatenus
1011 1339 1076 1399 Deo
1091 1340 1300 1418 persolvuntur

30 1494 38 1503 ,
92 1436 192 1497 laudes
206 1436 243 1496 ob
264 1436 403 1495 beneficia
415 1436 498 1495 nobis
519 1436 631 1503 collata,
654 1455 739 1495 nemo
754 1435 836 1495 facile
851 1436 1015 1512 negaverit:
1038 1437 1090 1494 sed
1116 1455 1177 1496 non
1191 1455 1299 1497 omnes

93 1534 216 1594 latentur
229 1552 265 1592 eo
279 1532 378 1591 laudes
399 1532 523 1610 persolvi
544 1533 580 1590 ob
600 1542 764 1591 sanctorum
786 1532 917 1610 gloriam,
931 1534 1015 1592 itaut
1034 1533 1122 1593 simul
1136 1534 1302 1615 celebretur

92 1650 193 1691 eorum
206 1630 355 1697 memoria,
368 1639 397 1687 et
407 1648 506 1707 preces
521 1629 597 1706 apud
610 1629 706 1689 Deum
720 1639 899 1703 querantur:
921 1630 1000 1705 quod
1014 1640 1110 1691 umen
1124 1650 1165 1691 ex
1175 1632 1303 1711 liturgiis

92 1726 226 1786 omnibus
254 1725 354 1799 liquet.
396 1724 446 1783 Sic
472 1725 504 1784 in
526 1725 641 1803 liturgia
660 1726 693 1783 S.
717 1726 851 1805 Gregorii
865 1726 1059 1786 Alexandrina
1072 1728 1106 1786 tit
1119 1747 1303 1790 commemo·

92 1824 163 1885 ratio
176 1832 195 1860 ·‘
206 1823 349 1901 praecipue
359 1823 557 1891 sanctissime,
566 1824 793 1901 gloriosissimae,
803 1825 1003 1895 immaculate,
1013 1835 1043 1884 et
1049 1826 1301 1889 benedictionibus

91 1922 252 1992 cumulate,
267 1921 391 1982 dominae
405 1931 508 1981 uostrae
523 1921 667 2000 Deiparae,
682 1936 710 1981 et
723 1942 839 2001 semper
852 1924 971 2002 virginis
986 1924 1110 1995 Mariae3
1132 1927 1227 1986 sancti
1238 1926 1299 2005 glo·

91 2020 161 2081 riosi
176 2020 333 2099 prophete,
348 2019 542 2097 precursoris,
558 2018 695 2097 Baptista
709 2030 738 2079 et
752 2022 884 2098 martyris
899 2022 1022 2081 loannis
1044 2064 1054 2082 .
1076 2064 1085 2081 .
1108 2064 1117 2081 .
1139 2042 1299 2098 eorumque

67 2168 70 2173 .
92 2135 214 2192 quorum
228 2117 313 2177 hodie
328 2116 497 2177 memoriam
510 2116 642 2185 facimus,
656 2127 685 2175 et
698 2119 793 2176 omnis
807 2118 888 2177 chori
902 2130 1067 2179 sanctorum
1082 2131 1209 2190 tuorum,
1224 2139 1297 2196 quo·

91 2232 152 2272 rum
179 2213 310 2291 precibus
332 2223 361 2271 ct
380 2213 633 2271 intercessionibus
654 2214 790 2272 miserere
811 2217 902 2273 nostri
916 2225 945 2275 et
964 2215 1043 2274 salva
1063 2216 1227 2276 Μεθ’-ῶν
1241 2217 1298 2282 «οἷς

91 2311 175 2379 εὐχαῖς
185 2313 228 2368 xci
247 2309 387 2382 πρεσβείαις
398 2312 439 2367 καὶ
450 2309 514 2383 ἡμᾶς
523 2312 676 2383 tremant
689 2315 786 2368 roso-¹
821 2313 886 2373 Hac
898 2314 933 2372 de
947 2333 978 2374 rs
992 2314 1122 2374 definivit
1143 2317 1297 2378 concilium

96 2411 323 2472 Tridentiuum:
359 2411 504 2485 “Siquis
532 2410 637 2470 dixerit
651 2412 839 2488 imposturam
868 2430 933 2471 esse
958 2413 1068 2473 Missas
1095 2415 1244 2476 celebrare
1269 2417 1298 2476 iu

90 2510 229 2570 bonoram
252 2521 426 2578 sanctorum,
441 2523 469 2568 et
484 2529 535 2587 pro
560 2509 674 2568 illorum
700 2510 905 2569 intercessione
920 2510 996 2587 apud
1011 2511 1107 2571 Deum
1128 2513 1293 2582 obtinenda,

90 2608 306 2666 sicutEcclesia
320 2608 457 2674 intendit;
480 2608 631 2666 anathema
645 2606 726 2665 sit.”⁸
767 2607 811 2665 De
825 2609 966 2665 sacrificio
981 2609 1122 2667 celebrato
1136 2611 1170 2669 in
1182 2631 1292 2671 memo·

93 2704 323 2781 riismartyrum,
338 2724 425 2781 super
439 2706 563 2762 tumulos
578 2706 688 2763 scilicet
702 2710 731 2764 in
746 2706 849 2778 quibus
864 2725 964 2765 eorum
976 2707 1103 2780 reliquie
1116 2721 1210 2777 erant,
1227 2711 1295 2769 dicit

92 2802 293 2878 Augustinus:
320 2801 537 2859 “Honoramus
556 2821 624 2860 sane
654 2805 806 2860 memorias
834 2822 933 2863 eorum
956 2814 1101 2878 tamquam
1130 2818 1293 2867 sanctorum

91 2899 241 2957 hominurn
259 2898 324 2965 Dei,
340 2899 388 2972 qui
401 2917 492 2970 usque
507 2898 542 2955 ad
558 2909 676 2958 mortem
693 2919 810 2958 suorum
832 2920 983 2977 corporum
1006 2921 1058 2978 pro
1074 2904 1193 2961 veritate
1209 2917 1294 2963 certa·

92 3006 166 3064 runt,
188 3005 220 3053 ut
246 2997 436 3054 innotesceret
462 3015 528 3054 vera
549 2998 659 3074 religio,
680 2999 758 3056 salsis
784 2998 970 3076 religionibus
985 3000 1117 3074 fictisque
1135 3004 1291 3061 convictis:

92 3092 169 3168 quod
197 3094 283 3151 etiam
307 3094 332 3150 si
357 3094 406 3167 qui
428 3104 509 3151 antea
530 3095 700 3164 sentiebant,
716 3097 843 3155 timendo
865 3098 1065 3173 reprimebant.
1109 3100 1184 3166 Quis
1201 3112 1292 3159 autem

92 3192 199 3252 audivit
212 3193 364 3266 aliquando
378 3192 504 3251 fidelium
521 3204 641 3252 stantem
657 3194 832 3254 sacerdotem
848 3195 881 3253 ad
897 3195 993 3264 altare,
1009 3197 1092 3255 etiam
1109 3216 1200 3275 super
1214 3217 1292 3258 sanc·

91 3303 151 3351 tum
165 3310 270 3368 corpus
285 3291 429 3368 martyris,
445 3291 480 3348 ad
501 3292 557 3348 Dei
572 3291 721 3359 honorem,
737 3293 902 3366 cultumque
929 3305 1137 3362 constructum,
1153 3296 1249 3354 dicere
1265 3297 1292 3354 iu

91 3390 241 3467 precibus:
265 3388 364 3447 Offero
377 3388 426 3446 tibi
436 3389 618 3456 sacrificium,
632 3390 727 3457 Patre,
741 3390 784 3448 vel
797 3391 895 3457 Paule,
907 3391 954 3447 vel
968 3390 1128 3467 Cypriane,
1139 3412 1208 3450 cum
1221 3391 1292 3470 apud

90 3503 187 3545 corum
215 3484 374 3543 memoriae
403 3485 537 3543 offeratur
551 3484 625 3552 Deo,
647 3486 696 3558 qui
711 3504 760 3543 eos
775 3496 804 3543 et
828 3485 961 3545 homines
976 3481 1159 3564 et'martyrcs
1175 3489 1253 3558 fecit,
1267 3500 1293 3548 et

90 3584 194 3642 sanctis
209 3583 269 3640 suis
285 3583 394 3659 angelis
409 3583 516 3640 caelesti
529 3583 636 3640 honore
651 3584 770 3640 sociavit
785 3603 792 3639 ε
814 3592 846 3640 ut
858 3602 893 3641 ea
907 3583 1079 3650 celebritate,
1095 3595 1124 3641 et
1146 3585 1213 3645 Deo
1227 3603 1291 3644 vcro

90 3679 125 3738 de
141 3679 252 3738 illorum
267 3680 393 3736 victoriis
408 3681 512 3756 gratias
527 3698 656 3756 agamus,
672 3691 700 3737 et
721 3699 774 3737 nos
790 3679 825 3736 ad
840 3680 1027 3737 imitationem
1049 3681 1149 3740 talium
1173 3701 1289 3742 corona·

89 3796 153 3836 rum
180 3786 263 3849 atque
292 3777 460 3853 palmarum,
482 3777 584 3837 codem
606 3779 738 3837 invocato
760 3780 790 3836 in
805 3779 956 3847 auxilium,
971 3797 1007 3837 ex
1022 3798 1123 3840 eorum
1146 3783 1288 3842 memoria

88 3873 272 3932 renovatione
287 3873 516 3932 adhortemur.'’⁴

129 3974 177 4029 71.
202 3966 444 4045 Impetrotorittm
470 3989 534 4028 esse
560 3973 780 4030 eucharisticum
802 3973 972 4031 sacrificium
988 3973 1089 4047 liquet,
1105 3994 1194 4048 quum
1211 3976 1282 4034 enim

89 4068 237 4147 pronubis
253 4067 397 4136 offeratur,
407 4071 490 4146 juxta
506 4069 615 4128 Christi
631 4073 724 4136 verba,
740 4072 837 4144 utique
853 4072 933 4150 valet
955 4073 1107 4149 impetrare
1132 4095 1167 4133 ea
1188 4077 1282 4150 quibus

88 4166 250 4243 indigemus
261 4183 277 4222 a
290 4164 353 4222 Dco
368 4166 515 4234 beneficia,
530 4187 564 4224 ea
579 4170 735 4244 praesertim
751 4188 814 4242 quae
829 4168 863 4226 ad
876 4169 996 4228 salutem
1009 4170 1182 4232 reseruntur.
1211 4172 1280 4232 Hinc

304 4362 331 4426 l)
350 4361 426 4426 Apud
436 4363 623 4416 Renaudotium
636 4372 652 4415 t.
664 4366 679 4414 i.
688 4381 712 4430 p.
726 4367 781 4414 145.

298 4450 327 4514 2)
345 4447 445 4499 Ibidem.
457 4468 480 4516 p.
495 4453 550 4502 112.

302 4537 331 4601 3)
351 4535 415 4585 Sess.
426 4552 469 4586 xx.
479 4554 533 4587 can.
543 4554 566 4589 v.

286 4621 328 4689 (t)
347 4624 376 4675 L.
386 4624 435 4674 viii.
446 4624 477 4674 de
488 4625 533 4674 civ.
545 4625 593 4675 Dei
605 4642 626 4676 c.
640 4626 716 4676 xxvii.
