2774 5056
257 234 319 368 DE
336 304 589 367 POTESTATE
608 304 883 368 REMIT'I'ENDI
901 306 1112 370 PEGOA'I'A.
1229 312 1287 370 nst

99 487 102 495 ·
126 464 217 544 Rerp.
239 465 310 525 Non
331 465 442 525 meritis
463 465 600 525 humanis
622 466 722 524 nititur
741 465 896 525 sacerdotis
921 467 1072 536 absolutio.
1097 467 1149 527 sod
1172 466 1286 528 christi

92 562 275 631 auctoritate3
295 562 428 636 quamvis
442 562 623 621 sanctissima
636 561 699 640 ejus
719 561 783 639 lege
803 563 954 640 erigantur
974 562 1104 638 quedam
1119 565 1207 625 animi
1227 564 1288 625 dis··

90 659 249 738 positiones
261 668 295 718 ιιι
314 659 398 718 venia
411 659 505 736 possit
518 658 669 737 indulgeri.
691 658 798 728 Nemo,
809 673 910 737 preter
924 660 981 719 Dei
993 660 1180 731 sacerdotem,
1192 671 1289 740 potest

89 756 274 833 penitentem
287 755 437 815 certiorem
457 756 560 823 facere,
575 774 618 822 se,
635 754 690 815 Dei
714 756 807 834 ipsius
826 758 1001 824 auctoritate,
1018 759 1130 818 solvere
1150 771 1286 837 peccato·

89 872 161 921 rum,
177 854 284 928 quibus
299 852 450 911 obstrictus
465 863 534 920 erat,
548 852 694 930 ligamina.

93 988 96 993 ,
127 953 177 1008 86.
203 947 271 1027 obj.
289 951 337 1007 14.
355 958 374 986 ‘⁶
385 948 531 1023 Quicquid
545 949 593 1017 sit,
607 967 666 1008 non
677 948 711 1007 ad
722 966 824 1009 omnes
835 949 967 1010 doctores
978 951 1149 1010 christianos
1162 953 1286 1030 pertinet

88 1045 142 1105 hoc
164 1045 358 1123 privilegium,
383 1044 435 1103 sed
460 1044 495 1103 ad
521 1044 600 1104 solos
624 1045 791 1121 Apostolos,
806 1047 915 1124 quippe
939 1048 1050 1106 futuros
1073 1045 1148 1106 tolet
1173 1047 1284 1109 chrim

88 1141 195 1220 legatos
211 1141 248 1200 ad
260 1142 402 1209 homines,
418 1142 511 1216 qualis
525 1142 617 1200 suerat
630 1141 799 1201 Christus.”
842 1143 1055 1203 Rosenmuller.

129 1237 220 1316 Resp.
242 1237 288 1297 Ad
309 1237 469 1297 sacerdotes
489 1257 591 1298 omnes
605 1239 773 1317 novaelegis
787 1238 817 1299 id
836 1251 955 1318 spectat,
971 1259 1059 1314 qnum
1081 1259 1216 1301 mannum
1236 1242 1303 1302 irs-⁴

89 1335 230 1412 positione
251 1335 320 1394 liant
342 1343 460 1394 eatenus
481 1335 641 1413 Apostolici
663 1337 790 1395 muneris
816 1336 981 1413 participes.
1024 1337 1169 1410 Equidem
1190 1339 1291 1398 omnia

88 1448 149 1504 qum
163 1431 199 1490 ad
214 1431 388 1491 missionem
412 1431 580 1499 reseruntur,
596 1443 731 1509 perpetua
744 1433 803 1491 sint
816 1435 845 1492 in
866 1433 1000 1492 Ecclesia
1014 1443 1136 1510 oportet,
1161 1452 1227 1495 nam
1239 1450 1290 1496 rex

88 1529 122 1589 iis
136 1527 244 1607 pendet
257 1531 416 1589 animarum
428 1530 517 1589 salus.
540 1530 606 1598 Quo
616 1531 681 1608 jure
695 1541 821 1608 potestas
836 1532 1003 1590 remittendi
1018 1544 1134 1608 peccata
1147 1531 1182 1591 ad
1192 1552 1287 1593 sacar·

87 1625 168 1685 dotes
190 1627 322 1687 transiise
348 1637 476 1704 negatur,
501 1625 625 1687 docendi
649 1636 679 1686 et
705 1626 869 1705 baptizandi
896 1629 982 1687 etiam
1006 1627 1141 1706 denegari
1166 1631 1283 1707 poterit.

87 1722 176 1801 igitur
189 1724 220 1783 ni
234 1724 355 1783 velimus
370 1724 466 1785 omnia
479 1744 560 1783 saera
574 1725 672 1784 munia
685 1724 755 1783 solis
770 1725 917 1802 Apostolis
931 1745 1070 1785 concessa
1084 1725 1190 1795 dicore,
1203 1726 1289 1786 fateri

90 1831 203 1897 oportet
215 1821 313 1880 omnia
325 1839 392 1895 quae
405 1821 555 1882 ministerii
569 1832 645 1890 sunt,
660 1821 695 1880 sd
708 1821 866 1882 doctrinam
881 1832 911 1882 et
929 1824 1050 1883 salutem
1065 1826 1237 1902 spectantia,
1257 1826 1290 1887 in

89 1917 222 1978 Ecclesia
235 1937 300 1977 esse
314 1931 462 1996 perpetua:
477 1918 684 1994 quodquidam
698 1937 736 1978 ex
749 1920 888 1979 constanti
899 1921 1048 1980 traditione
1060 1922 1153 1981 attide
1171 1925 1290 2000 apertis·

90 2016 163 2083 sime
188 2026 309 2075 constat.
351 2016 476 2076 Pulchre
501 2017 533 2075 8.
562 2017 704 2076 Parianus
730 2017 956 2077 Novatianorum
981 2037 1105 2078 errorem
1131 2019 1288 2097 explodit:

88 2115 164 2175 “An
179 2122 286 2172 tanturn
303 2113 360 2172 hoc
373 2114 443 2173 solis
464 2114 611 2191 Apostolis
625 2113 715 2173 licet?
756 2113 835 2193 Ergo
848 2124 878 2173 st
897 2116 1042 2193 baptizare
1054 2116 1127 2175 solis
1148 2116 1236 2175 licet:
1259 2128 1290 2176 et

88 2211 225 2289 Spiritum
239 2211 378 2270 Sanctum
389 2209 456 2270 dare
467 2211 549 2281 solis,
560 2222 590 2271 et
602 2210 673 2270 solis
684 2212 811 2290 gentium
822 2221 938 2289 peccata
952 2230 1091 2291 purgare:
1113 2214 1181 2287 quia
1196 2221 1289 2274 totum

87 2306 142 2369 lroc
163 2327 222 2367 non
236 2307 300 2367 aliia
328 2326 414 2381 qnam
436 2308 586 2386 Apostolis
606 2309 777 2387 imperatum
800 2319 856 2367 ast
896 2307 983 2376 Quod
1007 2311 1034 2367 si
1050 2327 1108 2368 uno
1127 2310 1158 2368 in
1179 2310 1245 2370 loco
1258 2321 1288 2370 at

80 2378 223 2465 'erolum
237 2403 414 2464 vinculorum
429 2414 457 2463 et
478 2404 656 2465 Sacramenti
676 2414 803 2483 potestas
823 2403 926 2477 datura
946 2416 994 2464 aut
1007 2414 1097 2464 toturn
1112 2404 1149 2464 ad
1169 2424 1222 2465 nos
1243 2425 1287 2467 ex·

86 2503 290 2580 Apostolorum
305 2502 396 2560 sorma
409 2511 438 2560 et
451 2510 591 2579 potestate
610 2501 763 2561 deductum
778 2512 842 2570 est;
865 2511 913 2560 aut
937 2520 990 2561 nec
1011 2500 1082 2560 illud
1103 2521 1141 2562 ox
1159 2501 1286 2562 decretis

87 2599 243 2671 relaxatum
259 2609 312 2657 est
334 2620 345 2658 .’
365 2639 374 2658 .
396 2640 404 2658 .
430 2639 439 2656 .
462 2598 496 2657 Si
509 2617 578 2677 ergo
592 2607 621 2658 et
644 2598 748 2658 lavacri
762 2609 791 2658 et
804 2599 968 2660 chrismatis
990 2607 1130 2676 potestas,
1145 2600 1287 2678 majorum

86 2697 172 2777 longe
193 2697 408 2766 charismatum,
430 2695 467 2755 ad
486 2697 641 2774 episcopos
664 2696 732 2757 inde
754 2696 912 2768 deseendit.
927 2709 957 2756 et
977 2696 1086 2776 ligandi
1107 2717 1222 2774 quoque
1238 2700 1289 2778 jus

85 2795 195 2864 adfluit,
208 2805 294 2868 atque
309 2792 493 2853 solvendi.'’²

124 2897 174 2952 37.
200 2890 266 2970 obj.
285 2895 332 2949 15.
355 2890 496 2950 Miracula
510 2889 640 2969 patrandi
654 2899 780 2969 potestas
795 2892 943 2970 Apostolis
957 2891 1023 2952 data
1034 2901 1089 2961 est.
1104 2912 1168 2968 quae
1189 2901 1286 2954 ιιιιιιιι

84 2988 252 3049 sacerdotali
266 2988 360 3048 ordini
374 3005 433 3047 non
446 2989 600 3049 convenit:
621 3005 691 3067 ergo
704 3007 759 3049 neo
773 3001 889 3067 peceato
902 2991 1063 3050 remittendi
1077 2991 1120 3050 eis
1134 2991 1285 3052 tribuenda

87 3092 133 3148 est
147 3087 280 3147 facultas.
1240 3103 1241 3106 ’

122 3183 214 3262 Resp.
237 3182 377 3242 Miraculn
401 3192 510 3261 patrare
536 3181 573 3241 ad
598 3184 804 3260 Apostolorum
832 3204 938 3244 munus
963 3204 1020 3245 non
1041 3187 1207 3263 spectabat3
1232 3185 1286 3246 sed

85 3280 172 3340 veluti
193 3290 391 3358 argumentum
413 3279 539 3338 veritatis
553 3290 583 3338 et
601 3281 776 3339 auctoritatis
801 3279 897 3341 datum
919 3291 981 3340 est:
1005 3282 1165 3342 “Domino
1178 3301 1284 3361 coope-

85 3366 165 3437 rante
179 3387 209 3436 et
222 3394 386 3436 sermonem
400 3377 585 3436 confirmante
596 3377 783 3450 sequentibus
794 3376 935 3454 signis.'’'
954 3377 1066 3437 Docere
1079 3387 1185 3447 autem
1198 3380 1289 3456 bapti·

85 3493 161 3542 aare,
186 3477 304 3552 peccata
326 3474 480 3542 remittere,
505 3473 705 3533 eucharistiam
730 3474 870 3533 conficere
892 3472 927 3533 ad
953 3492 1056 3533 munus
1077 3493 1176 3534 eorum
1198 3476 1284 3554 plane

85 3573 255 3651 pertinebat,
269 3570 392 3647 ideoque
407 3581 545 3648 perpetua
557 3579 626 3630 sunt
641 3570 705 3630 hec
718 3589 798 3629 sacra
812 3570 918 3630 officia.
940 3570 1105 3631 Discrimeu
1117 3573 1240 3632 sumitur
1247 3590 1286 3635 ex
1323 3590 1329 3597 ·

83 3682 313 3736 rerumnatura,
336 3677 365 3726 et
388 3676 465 3744 patet
478 3685 516 3725 ex
540 3667 682 3725 constanti
707 3666 847 3725 Ecclesia
868 3666 935 3726 fide.
976 3667 1123 3741 Equidem
1145 3669 1284 3730 miracula

85 3777 197 3847 patrare
220 3785 280 3825 non
304 3775 363 3824 erat
387 3763 592 3842 Apostolorum
617 3764 822 3834 tantummodo,
839 3765 883 3824 uel
905 3783 1052 3825 sacrorum
1072 3767 1282 3837 ministrorum,

83 3863 244 3938 frequentia
262 3862 340 3920 enim
356 3870 439 3919 erant
461 3861 535 3920 mira
547 3879 635 3937 opera
654 3861 728 3938 apud
750 3861 862 3932 fideles,
883 3880 947 3936 qus
969 3862 1163 3932 credentibus,
1178 3865 1285 3940 absque

82 3962 192 4025 ordinis
207 3979 260 4019 seu
273 3957 447 4018 conditionis
461 3956 637 4027 discrimino,
653 3959 797 4036 pollicitus
810 3970 857 4020 est
877 3959 1032 4019 Christus:
1055 3969 1075 3999 ‘⁶
1086 3961 1178 4040 Signa
1190 3971 1285 4022 autem

82 4078 134 4122 eos
149 4059 200 4135 qui
213 4056 398 4122 crediderint,
413 4055 477 4115 hec
490 4056 698 4131 ιιιιιιιιιιιι.”8

98 4146 171 4218 ιθ.
197 4155 267 4236 obj.
286 4158 333 4214 lo.
361 4152 488 4232 lmpinm
509 4163 553 4213 est
574 4153 686 4215 homini
711 4154 832 4215 tribuma
856 4164 973 4229 peccata
996 4154 1159 4217 remittendi
1184 4164 1283 4237 potas·

80 4268 181 4319 tatem.

453 4465 495 4532 (1)
516 4464 613 4517 Oomm.
624 4464 652 4516 in
662 4465 735 4517 ioan.
746 4476 790 4517 xx.
802 4466 845 4517 23.

459 4551 502 4618 (2)
521 4550 598 4602 Marc
609 4551 712 4603 xvim).
1238 4555 1244 4567 ⁶
1255 4510 1330 4766 t

457 4638 500 4706 (8)
519 4635 615 4691 lbidsm
629 4641 668 4691 16.
722 4650 724 4655 ·
