2774 5056
331 311 389 373 DE
410 310 721 377 INSTITUTIONE
743 312 1053 376 EUGHARISTIAE.
1235 319 1292 374 145

91 470 261 545 mysterium
283 473 365 548 regni
386 470 461 535 Dei:
482 469 521 529 de
537 488 569 530 re
590 479 657 530 tuac
678 470 808 530 iacienda
827 472 971 549 agebatur,
986 473 1069 550 cujus
1089 482 1216 533 naturam
1240 492 1291 532 eos

92 585 266 645 cognoscere
282 571 450 648 oportebat3
472 570 572 628 ultima
587 569 648 646 jam
671 570 733 628 vice
754 580 819 628 anta
833 580 953 630 mortem
974 571 1134 648 proximam
1155 592 1206 631 eos
1226 573 1294 633 allo·

92 667 247 738 quebatur:
273 668 368 726 verbis
382 667 468 744 igitur
481 667 641 744 perspicuis
656 675 685 725 et
697 667 783 724 obvio
797 685 885 726 seusu
899 687 968 726 treus
982 679 1035 725 est.

128 769 178 824 55.
194 765 273 825 Haec
285 764 462 824 omniamire
471 764 674 823 confirmantur
684 781 721 822 ex
731 765 923 840 promissione
933 766 993 842 jam
1004 765 1116 843 publice
1126 766 1199 824 sacta
1207 766 1293 826 dandi

92 879 170 919 suam
195 879 314 920 carnem
338 859 586 928 manducandam
607 878 696 932 quum
717 860 795 918 enim
810 878 844 918 ea
869 862 940 919 moti
964 861 1085 920 fuissent
1106 863 1293 939 plurimorum

92 959 190 1027 animi,
204 969 235 1017 et
248 958 383 1034 Apostoli
397 959 425 1016 ei
439 957 629 1035 prebuissent
642 975 803 1026 assensum,
818 957 880 1016 uixi
894 976 1008 1017 summa
1022 961 1085 1036 ejus
1099 961 1249 1019 veracitate
1263 978 1292 1019 et

94 1055 191 1113 diviua
204 1069 315 1122 natura,
330 1053 510 1131 expectanda
522 1062 582 1111 erat
594 1053 796 1130 promissionis
810 1053 950 1131 impletio.
973 1054 1095 1113 Dicente
1110 1056 1195 1132 igitur
1208 1056 1289 1133 ipso:

95 1160 113 1187 ‘⁸
128 1150 198 1209 Hoc
211 1164 257 1210 est
269 1169 375 1228 corpus
388 1169 504 1219 meum;
519 1149 567 1209 bic
584 1159 629 1208 est
648 1150 764 1227 sanguis
786 1168 866 1208 meus
877 1149 908 1219 ;”
929 1149 1086 1211 debuerunt
1106 1153 1191 1210 verba
1211 1163 1295 1229 prout

92 1248 232 1307 sonabant
254 1248 400 1325 excipere,
414 1258 443 1306 et
463 1246 614 1324 impletum
638 1264 793 1325 agnoscere
819 1247 896 1320 quod
917 1248 1011 1306 verbis
1037 1248 1109 1306 adeo
1133 1251 1293 1328 perspicuis

91 1346 273 1423 promiserat.

130 1445 181 1501 55.
204 1441 302 1501 Verba
315 1442 401 1500 obvio
413 1453 527 1518 sumpta
539 1460 626 1500 sensu
642 1459 747 1509 veram,
763 1441 878 1510 realem,
893 1452 922 1501 et
935 1443 1148 1502 substantialem
1171 1463 1293 1520 praeseu-

91 1541 160 1598 tiam
174 1539 305 1616 corporis
317 1551 347 1596 et
359 1538 507 1616 sanguinis
522 1538 633 1596 Christi
644 1538 784 1597 conficere
796 1540 900 1613 cuique
912 1551 1006 1616 patat3
1023 1540 1100 1614 quod
1113 1541 1199 1599 etiam
1211 1559 1248 1598 ex
1259 1558 1294 1599 eu

91 1637 180 1709 liquet
194 1635 272 1709 quod
298 1655 349 1712 per
364 1636 498 1712 pleraque
511 1636 617 1695 saecula
630 1636 705 1712 apud
721 1655 822 1694 omnes
835 1649 936 1714 gentes
950 1637 1119 1696 christianas
1135 1639 1173 1695 ita
1191 1637 1294 1696 suerint
1382 1640 1385 1647 '

92 1742 224 1809 excepta,
240 1731 333 1805 etqui
347 1731 449 1790 saalia
463 1732 571 1790 ratione
585 1733 728 1807 explicare
744 1733 894 1791 recentiori
909 1742 989 1790 aetate
1005 1733 1164 1801 voluerunt,
1181 1734 1210 1791 iu
1232 1735 1293 1810 pln-

48 1824 50 1831 ’
93 1829 180 1886 rimas
194 1829 459 1906 interpretationum
481 1828 629 1886 varietates
652 1828 781 1896 abierint,
797 1829 875 1887 inani
895 1829 1056 1888 laborantes
1078 1842 1180 1889 conatu
1195 1846 1294 1888 contra

48 1998 50 2003 Ι
93 1929 148 1986 vim
163 1927 318 1985 verborum
334 1926 544 1985 manifestam.²
585 1926 754 1984 Innumeras
768 1926 827 1985 fere
848 1946 1004 2004 paucorum
1026 1929 1128 1987 horum
1143 1931 1293 1988 verborum

91 2026 310 2103 explicationes,
325 2026 382 2084 sibi
402 2044 460 2084 uon
474 2024 661 2092 cohaerentes,
684 2025 861 2101 protulerunt
881 2027 930 2100 qui
952 2027 1161 2104 scripturarum
1185 2031 1294 2105 perspi·

48 2104 50 2191 J
93 2123 228 2180 unitatem
244 2122 414 2199 jactabant.¹¹

125 2257 169 2325 (l)
190 2255 321 2317 Quantum
339 2255 387 2306 hac
397 2255 424 2306 in
435 2272 462 2306 re
472 2256 615 2306 laboraverit
634 2254 765 2316 Lutherne,
777 2256 829 2321 ipse
840 2258 943 2308 fatetur:
968 2265 984 2289 “
994 2259 1050 2308 Hoc
1061 2259 1158 2309 diffiteri
1176 2276 1222 2310 nec
1239 2277 1295 2326 pos·

90 2358 212 2403 sum,nec
223 2341 364 2406 volo,quod
376 2341 398 2391 si
410 2340 586 2403 Carolstedins,
597 2351 640 2392 aut
651 2342 715 2391 alius
732 2342 853 2405 quispiam
874 2350 931 2393 ante
948 2344 1145 2407 quinquennium
1163 2345 1224 2396 mibi
1240 2361 1294 2410 per·

90 2428 192 2479 suadae
212 2427 341 2492 potuisset,
361 2429 389 2479 iu
401 2426 559 2478 Sacramenta
578 2435 665 2493 preter
683 2442 773 2490 panem
790 2435 815 2477 et
831 2427 917 2477 vinum
937 2443 990 2476 esse
1010 2429 1081 2488 nihil,
1093 2430 1134 2479 ille
1153 2446 1243 2492 magno
1255 2446 1295 2480 me

90 2513 210 2565 Mneficio
222 2513 268 2563 sibi
278 2513 421 2564 devinctum
431 2513 580 2563 reddidisset.
616 2512 738 2562 Gravibus
749 2512 815 2562 enim
826 2514 892 2563 curis
903 2515 1001 2573 anxius,
1012 2523 1037 2564 et
1048 2531 1075 2564 tn
1087 2515 1133 2565 hac
1143 2515 1296 2566 discutienda

91 2599 191 2649 materia
203 2599 310 2649 multum
329 2598 458 2659 desudans,
470 2598 585 2649 omuibus
602 2598 683 2648 nervis
705 2598 812 2648 extensis
831 2614 871 2648 me
882 2598 1000 2649 extricare
1019 2610 1043 2651 et
1062 2601 1175 2667 expedire
1193 2612 1296 2654 conatus

92 2700 152 2744 sum,
163 2700 223 2736 cum
242 2685 296 2750 ipse
314 2684 489 2750 perspiciebem
499 2683 547 2734 bac
564 2701 590 2733 re
601 2684 702 2750 papatui
722 2684 748 2734 iu
769 2684 854 2749 primis
871 2700 911 2734 me
930 2686 1001 2735 valde
1019 2687 1200 2738 incommodare
1217 2705 1296 2756 posse.

91 2770 241 2834 Verumego
261 2787 301 2821 me
320 2778 419 2836 captum
439 2770 518 2832 video,
534 2770 604 2821 nulla
624 2770 742 2821 evadendi
759 2770 799 2820 via
816 2771 897 2821 relicta
914 2780 965 2823 est:
983 2781 1065 2825 textam
1082 2776 1148 2825 enim
1166 2776 1296 2841 Evangelii

91 2857 163 2908 nimis
174 2865 273 2923 apertus
284 2865 322 2907 est
333 2864 358 2907 et
368 2863 463 2923 patens,
474 2856 518 2921 qui
528 2857 598 2906 facile
609 2857 714 2907 convelli
726 2872 776 2906 nou
787 2863 875 2920 potest,
886 2859 965 2908 multo
976 2860 1059 2911 minus
1068 2863 1146 2912 verbis
1155 2870 1198 2912 aut
1209 2864 1296 2925 glossis

93 2943 196 3010 sospite
207 2944 357 3007 vertiginoso
367 2943 484 2994 confectis
496 2941 625 2994 subverti.'’
660 2943 708 3008 Ep.
721 2942 751 2993 ad
764 2943 964 3006 Argentinenses.

125 3030 167 3098 (2)
186 3028 274 3080 Liceat
284 3031 420 3081 exscribere
431 3030 458 3081 in
469 3045 520 3079 rem
532 3038 640 3079 nostram
652 3046 705 3093 que
717 3030 819 3094 scriptor
829 3030 985 3094 nnperrimus
997 3032 1082 3083 Audin
1094 3033 1120 3082 in
1132 3035 1181 3083 vitu
1193 3033 1295 3085 Lutheri

92 3116 199 3169 edmtat.
225 3124 240 3149 ‘¹
248 3117 291 3167 En
305 3120 379 3178 1527,
391 3116 486 3168 Lutber
496 3118 614 3182 comptait
624 3115 680 3183 ddja
691 3117 746 3167 huit
757 3117 954 3182 interpretatione
963 3116 1101 3170 differentes
1112 3121 1142 3170 de
1152 3138 1193 3170 ces
1201 3125 1295 3186 parolss

93 3204 126 3257 dn
136 3204 236 3257 Christ:
255 3204 314 3256 Hoc
327 3222 376 3255 sea·
388 3221 485 3255 onasus
497 3221 586 3254 πππππππ.
625 3202 718 3255 Treute
729 3221 775 3254 ans
786 3208 862 3270 apres,
873 3205 890 3255 il
901 3221 919 3270 y
930 3220 963 3255 en
973 3207 1038 3256 avait
1049 3209 1293 3274 quetreringtcinq:

93 3290 258 3357 uiciquattes
269 3288 362 3341 statera
373 3291 436 3341 alors
447 3291 483 3340 les
493 3287 610 3352 exegeses
619 3290 654 3338 les
664 3291 721 3354 plus
732 3290 877 3354 repandues.
911 3288 1114 3356 Hoccstcorpus
1125 3307 1215 3341 meum.
1243 3294 1294 3345 Hic

94 3373 238 3428 ι’ποίπποο
250 3375 304 3425 loco
320 3382 457 3440 estcorpus
475 3390 571 3424 meum:
603 3371 716 3425 Biblada
736 3371 969 3438 Genios-Corpus
987 3389 1070 3425 meum
1087 3383 1124 3424 est
1138 3374 1192 3431 hoc,
1203 3376 1293 3440 nempe

93 3462 180 3527 panis:
197 3460 499 3530 SumsdsficId-Corpns
516 3476 599 3511 meum
616 3469 653 3511 eat
664 3460 719 3521 hoo,
736 3460 761 3511 id
772 3468 809 3511 est
820 3460 889 3511 cibus
905 3459 1027 3525 spiritalis,
1039 3468 1066 3510 ut
1082 3460 1154 3510 Juen.
1171 3463 1194 3520 6,
1206 3462 1293 3513 dicitur

97 3562 146 3598 earo
156 3565 275 3600 meavere
283 3557 321 3599 est
330 3548 412 3600 cibus:
429 3547 614 3616 Jot.1.aag‚in
624 3563 712 3598 comm.
724 3547 755 3596 ad
765 3547 837 3612 Apol.
847 3550 871 3595 2.
880 3546 895 3596 J
897 3546 1064 3596 uariat-Hie
1078 3562 1148 3597 meus
1157 3556 1193 3597 est
1204 3549 1291 3617 panis²

99 3632 291 3703 &adepte-Iu,
302 3650 368 3695 cum,
379 3636 426 3685 snb
437 3651 501 3700 pane
512 3642 549 3684 cst
560 3650 648 3699 corpus
658 3649 750 3693 meum,
761 3640 789 3682 ut
799 3632 885 3697 pillula
896 3632 922 3682 iu
942 3647 1003 3682 ovo:
1022 3632 1144 3683 Brcncius
1155 3634 1181 3684 in
1193 3645 1293 3700 syntag·

100 3727 156 3770 mate
173 3728 259 3771 conus
279 3718 614 3785 OEcolampadium.-Circa
633 3734 723 3783 panem
746 3725 783 3768 est
804 3733 892 3783 corpus
911 3733 1002 3776 meum,
1019 3727 1048 3769 ut
1070 3735 1110 3768 aer
1130 3720 1293 3772 circumfusus

102 3802 257 3875 lamenta,
268 3805 357 3856 citatus
367 3815 383 3856 a
394 3805 504 3858 Lutbero
511 3807 539 3858 in
551 3805 705 3858 confessione
716 3802 1016 3869 blachernae-(lorpes
1027 3821 1111 3855 meum
1122 3814 1158 3855 est
1176 3808 1223 3856 hoc
1235 3824 1292 3872 qua·

100 3895 161 3942 tenus
170 3908 261 3943 mense
272 3893 409 3942 accumbita
427 3892 521 3944 Karalt.
533 3894 560 3944 in
569 3893 657 3955 dialog.
664 3892 695 3942 de
704 3890 956 3940 Eucharistia—Hoc
969 3890 1090 3952 significat
1098 3907 1187 3957 corpus
1197 3910 1292 3944 meum:

105 3975 231 4048 Zasiagb'us
241 3979 269 4029 in
280 3979 389 4029 subsidio
400 3979 575 4031 Eucharistiae
592 3980 662 4030 Bezu
678 3984 764 4029 oontrt
775 3976 1050 4043 meapham-Hae
1061 3991 1098 4028 est
1113 3995 1169 4029 mea
1186 3981 1295 4033 humana

105 4070 193 4115 utun:
211 4063 358 4132 Zreiraglias,
369 4065 397 4116 in
407 4067 560 4132 expositione
568 4067 605 4117 rei
613 4063 878 4117 eucharistiam-Hoc
885 4070 923 4113 est
934 4078 1000 4113 mors
1011 4071 1036 4113 et
1044 4063 1125 4128 peselo
1133 4081 1200 4116 mea:
1219 4067 1295 4119 zuin-

107 4147 167 4208 sliu.
175 4150 216 4201 lib.
226 4150 254 4202 ti.
264 4150 296 4201 de
306 4151 383 4202 instit.
401 4151 590 4203 Genua-Hes
605 4159 644 4203 est
653 4148 852 4202 commemoratio
868 4148 976 4214 corporis
991 4148 1055 4198 mei:
1077 4148 1248 4219 OEcolempod.
1265 4153 1296 4203 ad

108 4230 262 4288 Tbeobsldnm
271 4237 432 4289 Beffieenum
433 4239 528 4289 -Hsc
536 4247 573 4290 est
584 4239 724 4305 protestatio
732 4245 758 4286 et
764 4236 846 4306 μυῆμη
853 4251 964 4286 meorum
970 4235 1156 4288 beneficiorum:
1173 4239 1287 4289 Bueerua

48 4353 50 4363 ·
48 4315 192 4386 boat
212 4323 244 4374 de
263 4324 375 4375 doctam
390 4323 477 4376 Graue
493 4322 718 4375 dominicae-Hoc
729 4331 767 4374 est
786 4338 874 4387 corpus
889 4332 981 4380 meum,
992 4322 1058 4385 quod
1077 4322 1109 4371 do
1125 4324 1193 4372 vobis
1213 4325 1295 4373 animo

48 4402 223 4471 dadum,
232 4410 299 4463 sicut
309 4425 399 4475 panem
411 4426 461 4459 ore.
486 4409 579 4461 Petraea
590 4409 709 4476 Martyr'
701 4424 728 4458 ππ
741 4415 845 4458 mactatu
855 4406 886 4456 de
896 4403 1152 4457 anensem-1100
1163 4414 1201 4455 est
1208 4422 1296 4471 corpus

48 4506 56 4525 ··
113 4500 180 4544 mum
188 4512 294 4562 panem
315 4497 476 4563 Campanas,
487 4494 622 4546 aLutbero
633 4503 732 4544 uentus
743 4493 770 4543 in
786 4491 941 4543 coufesaioue
951 4491 983 4543 de
999 4490 1252 4542 Eucharistia-Hoc
1260 4501 1298 4542 est

48 4607 59 4643 p
113 4577 225 4636 urucam
237 4596 326 4645 corpus
337 4594 428 4639 menna,
440 4594 483 4629 seu
495 4579 596 4629 ecclesia
607 4587 747 4628 sanctorum
758 4577 881 4643 redempta
891 4592 947 4627 meo
958 4591 1071 4640 corpora:
1089 4571 1278 4642 salingam,
1272 4594 1298 4628 m

113 4658 199 4715 boatu
208 4666 243 4792 de,
251 4665 368 4794 Eeclffia
378 4665 543 4792 πππιπὲπποππίπ.
564 4663 688 4715 cuniam
699 4664 726 4714 in
738 4672 812 4730 caput
820 4666 836 4713 5
845 4663 874 4713 ad
884 4660 1073 4728 prae-lltea
1080 4674 1151 4710 caoeus
1161 4668 1198 4710 est
1209 4669 1299 4714 msera

245 4752 292 4795 01..
356 4765 407 4792 .-
