2774 5056
346 326 405 387 DE
424 323 815 388 INDULGENTIARUM
835 322 1037 385 VIRTUTE.
1228 326 1289 384 880

88 485 293 563 purgationem
307 484 401 563 dirigi.
443 487 475 543 S.
491 484 677 552 Ceraunus,
692 483 756 541 loco
773 483 835 561 jam
850 481 982 550 adducto,
997 481 1082 541 docet
1094 481 1195 542 fideles
1217 501 1288 560 prae·

89 585 222 662 rogativa
236 593 393 659 martyrum
408 582 484 661 apud
498 583 595 642 Deum
609 582 735 661 adjuvari
757 599 857 659 possa.

133 681 289 740 Probatur
302 679 363 740 III.
379 681 494 740 ratione
507 678 685 758 tbcologico.

132 777 321 855 indulgentie
336 797 399 851 quae
422 796 520 854 poenas
534 777 686 835 canonicas
701 777 876 835 remitterent
896 792 981 851 prena
995 773 1071 852 apud
1094 774 1190 834 Deum
1214 775 1291 834 hand

92 875 225 942 remissa,
241 876 333 951 magis
348 875 492 942 obessent,
507 865 593 947 quam
616 872 794 949 prodessent,
809 873 916 949 quippe
937 890 1001 947 quaa
1023 872 1190 949 paenitentia
1203 890 1295 948 opera

90 973 236 1038 tollerent,
251 991 336 1049 poena
351 981 492 1030 manente.
522 971 663 1029 Praeterea
678 969 872 1029 conceduntur
882 969 1063 1046 indulgentia
1079 970 1211 1046 abrogata
1227 970 1290 1046 jam

91 1087 110 1127 a
125 1068 253 1145 pluribus
268 1067 381 1125 saeculis
395 1066 548 1144 disciplina
558 1068 705 1125 canonica.
737 1065 817 1144 Ergo
829 1064 865 1124 ad
879 1084 993 1143 poenam
1004 1065 1097 1143 ipsam
1109 1065 1184 1143 apud
1195 1065 1292 1126 Deum

93 1165 295 1224 remittendam
310 1162 479 1243 diriguntur.

494 1375 695 1417 omcmtortus
714 1375 899 1416 sorvorum.

137 1523 187 1578 ³1.
214 1517 281 1598 obj.
301 1523 327 1577 l.
349 1517 532 1596 indulgentia
550 1517 620 1576 olim
635 1527 694 1576 erat
708 1515 841 1575 remissio
853 1533 943 1592 pmnae
956 1515 1116 1575 canonicas:
1138 1534 1206 1594 ergo
1220 1514 1298 1576 idem

95 1637 173 1677 niano
187 1617 389 1686 sentiendum
411 1636 465 1676 nec
486 1616 605 1694 proinde
626 1617 750 1690 aliquam
772 1634 886 1693 poenam
907 1616 982 1693 apud
1006 1616 1132 1677 divinam
1149 1618 1291 1694 justitiam

97 1716 184 1774 tollit.

136 1809 229 1889 Resp.
250 1809 435 1888 indulgentia
448 1799 515 1887 post
528 1810 701 1887 poenitentiae
721 1808 903 1885 disciplinam
924 1809 1068 1868 inductam
1085 1810 1229 1869 relaxabat
1249 1830 1294 1869 ca·

95 1925 199 1975 nonas,
215 1907 359 1980 simulque
374 1908 533 1965 remittebat
547 1925 660 1984 posnam
674 1925 770 1964 coram
787 1906 850 1964 Deo
863 1907 899 1964 ob
914 1924 999 1978 quam
1014 1905 1146 1965 luendam
1164 1925 1292 1966 canones

98 2003 276 2083 poenitentiae
298 2022 387 2080 opera
411 2004 639 2081 praescribebant.
682 2007 755 2060 Ante
783 2002 855 2061 latos
883 2021 1018 2069 canones,
1045 2012 1074 2060 et
1101 2015 1167 2080 post
1194 2022 1296 2062 eorum

95 2102 321 2179 abrogationem,
347 2101 532 2179 indulgentiae
547 2103 590 2159 vis
610 2102 640 2159 in
654 2100 716 2159 sola
739 2118 831 2177 poenae
852 2099 927 2177 apud
948 2100 1045 2159 Deum
1059 2101 1228 2160 remissione
1247 2119 1299 2178 po·

96 2199 193 2259 nenda
207 2209 266 2257 est:
288 2218 342 2258 nec
356 2200 433 2259 enim
448 2199 589 2258 relaxatur
602 2199 661 2266 lex,
677 2217 740 2272 quae
757 2199 819 2276 jam
834 2208 878 2256 est
891 2199 1034 2276 abrogata.

138 2301 188 2356 32.
215 2296 283 2377 obj.
299 2303 329 2356 2.
350 2298 494 2356 Formulaa
509 2297 601 2356 adhuc
616 2308 758 2374 usurpatae
772 2295 926 2355 ostendunt
939 2315 1079 2355 canonum
1095 2295 1299 2356 relaxationem

95 2395 256 2454 etiamnum
270 2394 332 2453 ficri
345 2394 584 2472 indulgentiarum
599 2395 795 2461 concessione,
808 2412 874 2452 nam
885 2393 1021 2470 temporis
1033 2393 1191 2469 spatiorum
1208 2394 1300 2470 poeni·

96 2491 224 2551 tentibus
239 2492 308 2551 olim
323 2492 536 2569 adsignatorum
551 2493 582 2549 fit
602 2491 721 2550 mentio.
763 2489 812 2549 Sic
833 2489 1009 2567 indulgentia
1034 2499 1144 2566 septem
1159 2509 1299 2549 annorum

94 2600 126 2651 et
139 2590 258 2651 totidem
274 2590 518 2668 quadragenarum
533 2590 567 2648 ad
580 2589 761 2668 disciplinam
776 2589 950 2666 paenitentiae
965 2589 1048 2666 plane
1063 2588 1192 2647 refertur.

140 2689 232 2767 Rcsp.
254 2689 415 2748 Consuant
439 2689 573 2748 Ecclesia
598 2702 707 2748 veteres
736 2688 872 2748 formulas
900 2689 1032 2757 retinere,
1058 2688 1146 2746 veluti
1174 2689 1300 2765 pristinae

96 2784 189 2844 aetatis
205 2794 391 2843 monumenta
405 2786 539 2862 pretiosa.
579 2784 648 2845 ldeo
662 2801 756 2845 autem
771 2784 902 2844 concedit
921 2785 1113 2863 indulgentias
1129 2785 1300 2864 hujusmodi

96 2883 205 2950 verbis,
232 2894 263 2940 ut
284 2884 457 2961 intelligatur
480 2902 580 2960 poenas
606 2885 778 2962 temporales
801 2874 927 2953 remitti.
942 2903 1006 2958 quaa
1032 2903 1083 2962 per
1103 2903 1137 2943 ea
1162 2886 1301 2963 temporis

73 3004 77 3009 “
100 2980 207 3057 spatia,
218 2981 304 3056 juxta
317 2999 453 3048 canones,
468 2991 566 3039 essent
579 2981 702 3039 luendae.

145 3081 193 3134 83.
221 3074 288 3155 Obj.
306 3081 335 3134 3.
359 3077 523 3135 Concilium
536 3076 738 3135 Tridentinum
753 3076 907 3136 declaravit
919 3096 951 3135 se
963 3096 1068 3154 cupere
1079 3076 1303 3135 moderationem

95 3174 206 3232 servari
221 3174 250 3230 in
265 3172 448 3251 indulgentiis
464 3173 665 3240 concedendis,
680 3192 716 3230 ne
737 3173 887 3249 disciplina
902 3188 1061 3232 enervetur.
1103 3174 1169 3231 Jam
1186 3171 1252 3230 verb
1276 3172 1301 3230 si

95 3281 157 3329 tota
171 3288 313 3328 canonum
336 3270 489 3348 disciplina
502 3270 537 3329 de
560 3271 734 3354 pmnitentiae
756 3271 891 3347 operibus
913 3272 1046 3348 abrogata
1068 3270 1117 3336 sit,
1140 3271 1234 3328 inanis
1256 3279 1302 3328 est

102 3379 199 3429 metus
215 3387 250 3427 ne
264 3381 423 3428 enervetur.

137 3464 229 3543 Rcap.
252 3463 443 3543 Disciplinam
458 3465 598 3524 Ecclesiae
612 3483 666 3523 suo
682 3476 809 3542 tempore
824 3465 968 3542 rigantem
983 3463 1185 3523 intellexerunt
1201 3477 1297 3540 patres

98 3562 277 3630 Tridentini,
292 3583 415 3622 canones
430 3575 523 3621 autem
539 3564 712 3641 paenitentiae
728 3584 744 3620 a
765 3564 891 3636 quinque
906 3563 1007 3622 saltem
1028 3564 1142 3620 aaeculis
1157 3564 1302 3625 desierant

102 3661 226 3720 servari.
270 3660 370 3719 Nimia
391 3661 523 3719 facilitate
545 3661 734 3737 indulgentias
756 3659 930 3719 concedendi
955 3662 1128 3738 prenitentiae
1150 3664 1301 3732 exercitia,

99 3777 167 3832 quae
181 3768 284 3833 sponte
299 3757 503 3834 suscipiuntur,
519 3757 563 3815 vel
578 3777 594 3814 a
608 3757 801 3815 sacerdotibus
817 3759 845 3816 in
867 3776 948 3814 sacro
963 3758 1095 3816 tribunali
1109 3759 1299 3837 injunguntur

100 3855 211 3932 negligi
236 3865 364 3929 possent,
389 3853 512 3928 ideoque
541 3853 766 3914 moderationem
791 3856 820 3913 in
846 3855 881 3912 iis
909 3855 1102 3914 concedendis
1132 3858 1303 3916 servandam

100 3953 237 4030 cupiebat
252 3952 416 4010 concilium.

142 4052 192 4109 34.
218 4047 285 4128 Obj.
306 4052 336 4107 4.
359 4048 477 4108 Fervori
491 4049 690 4125 poenitentium
703 4069 828 4110 canones
844 4063 953 4108 veteres
967 4049 1074 4124 aliquid
1091 4050 1301 4130 indulgendum

95 4158 283 4215 censuerunt,
298 4165 419 4220 quume
439 4158 537 4204 contra
551 4147 689 4206 hodierna
709 4158 875 4225 tempestato
890 4148 1073 4224 indulgentie
1090 4148 1160 4206 ratio
1177 4152 1301 4226 praebea·

99 4259 157 4314 tur,
173 4244 252 4318 quod
266 4245 438 4304 deferbuerit
451 4245 624 4322 paenitentiae
646 4245 781 4311 studium,
796 4265 851 4305 nec
870 4264 937 4323 spes
959 4247 997 4305 sit
1018 4246 1191 4324 prenitentiae
1217 4247 1303 4306 ardua

99 4343 240 4404 exercitia
264 4342 457 4421 suscipienda.
499 4343 579 4422 Ergo
605 4343 787 4422 indulgentiae
812 4344 890 4402 notio
917 4354 974 4403 tota
999 4355 1105 4403 mutata
1129 4354 1195 4414 est;
1227 4345 1302 4423 apud

103 4453 218 4502 veteres
233 4444 342 4521 quippo
356 4441 534 4520 significabat
555 4441 759 4501 relaxationem
775 4460 866 4519 poenae
881 4443 1025 4502 canonice
1040 4442 1071 4500 in
1084 4441 1146 4501 foro
1161 4454 1302 4502 externo:

105 4539 185 4620 apud
198 4543 372 4605 recentiores
386 4549 431 4599 eat
443 4540 576 4600 remissio
590 4559 682 4619 pmnae
697 4540 773 4620 apud
788 4540 894 4611 Deum,
908 4539 1029 4601 subsidii
1043 4538 1133 4600 instar
1146 4540 1305 4602 infirmitati

102 4635 242 4719 prestita.

686 4737 744 4794 33ΛῨ
