2774 5056
99 312 137 370 aa
279 309 335 372 nn
356 309 468 381 tuus
488 278 812 375 muneratorium
833 313 1104 377 necessaria.
1190 379 1193 391 ,
1224 261 1228 269 ’

137 468 226 548 Rerp.
248 470 345 530 Semel
369 471 539 548 explicatae
563 471 680 532 Christo
700 473 808 531 ratione
828 492 885 547 qua
904 473 969 548 qnia
989 475 1091 532 iterum
1112 479 1288 534 nasceretur,

97 584 170 644 opus
185 585 242 625 nou
255 577 315 627 erat
327 586 388 626 eam
404 560 507 627 itemm'
525 567 675 627 in'culcere.
716 570 847 628 Perrexit
870 588 938 649 ergo
959 569 1109 628 ostendere
1128 565 1287 626 secundam

98 664 270 723 nativitatem
284 665 401 724 omnino
414 665 530 738 requiri,
546 665 616 738 quin
630 665 746 726 modum
760 677 916 743 repeteret:
940 663 1055 734 “Quod
1069 676 1166 724 natum
1187 673 1232 720 est
1245 678 1282 718 ex

97 779 192 829 carne,
206 780 271 821 caro
292 770 354 820 est:
377 772 406 818 et
418 761 496 835 qnod
520 771 616 820 natum
640 773 738 822 estex
762 764 874 840 spiritu,
895 763 1012 841 spiritus
1026 761 1112 821 est.”¹
1152 759 1187 818 ln
1208 759 1286 817 hanc

96 859 182 921 uitam
198 861 350 929 nascimur,
364 861 556 937 aparentibus
571 861 669 939 geniti,
683 862 735 921 sed
756 862 792 921 ad
816 865 901 921 vitam
922 875 1055 922 aeternam
1076 858 1284 938 capessendam

97 977 135 1017 ex
156 959 263 1036 Spiritu
278 977 428 1018 nascamur
440 968 561 1035 oportet.
603 959 703 1019 Divini
723 960 798 1019 illine
820 960 943 1038 Spiritus
964 961 994 1019 in
1020 959 1153 1019 cordibus
1178 957 1287 1016 nostris

96 1067 189 1117 motus
203 1058 377 1135 experimur,
391 1058 460 1130 quin
474 1076 573 1116 eorum
594 1071 736 1117 auctorem
760 1077 876 1136 semper
897 1076 1095 1136 agnoscamus.
1137 1056 1188 1114 Sic
1203 1055 1284 1114 omni

95 1154 145 1226 qui
160 1163 242 1211 natus
256 1164 300 1212 est
313 1172 349 1212 ex
364 1154 472 1230 Spiritu
487 1154 634 1232 contingit,
650 1155 758 1213 scilicet
778 1156 852 1214 miro
872 1155 995 1232 Spiritus
1016 1154 1142 1232 impulsu
1156 1162 1185 1211 et
1198 1170 1286 1230 opere

96 1252 216 1311 titfilius
240 1251 307 1310 Dei.
348 1251 393 1310 Ad
421 1252 496 1310 renti
510 1252 731 1314 similitudinem¹
745 1252 823 1327 quod
846 1253 954 1321 attinet,
974 1271 1032 1312 non
1051 1263 1162 1312 constat
1185 1269 1286 1309 vocem

95 1350 220 1429 epiritue
240 1361 355 1411 ventum
368 1370 404 1411 eo
417 1351 474 1410 loci
498 1350 656 1429 designare,
672 1370 760 1425 quum
782 1352 877 1429 potius
891 1371 928 1411 ex
948 1352 1022 1409 serie
1042 1350 1179 1410 orationis
1201 1349 1281 1409 idem

96 1449 220 1526 Spiritus
234 1449 269 1507 de
284 1468 342 1523 quo
356 1469 424 1509 mox
446 1450 557 1509 locutus
579 1449 668 1508 luerat
691 1449 824 1508 Christus
845 1451 883 1508 sit
903 1448 1113 1527 intelligendus,
1129 1449 1286 1526 praesertim

95 1563 184 1617 quum
208 1546 337 1604 voluntas
363 1547 388 1604 ei
409 1546 554 1613 tribuatur,
576 1564 641 1619 quae
656 1558 750 1614 vento,
765 1547 821 1605 nisi
845 1564 932 1604 sensu
954 1547 1049 1605 minus
1070 1545 1196 1623 proprio,
1210 1543 1287 1602 hand

95 1643 236 1702 convenit.
278 1642 320 1702 Ita
335 1645 478 1720 plerisque
492 1645 617 1721 patribus
632 1645 724 1702 visum
739 1655 792 1703 est.
833 1643 917 1712 Quod
939 1645 965 1702 si
987 1643 1209 1720 chrysostomo,
1225 1641 1288 1718 Cy·-

94 1742 156 1800 rillo
171 1741 375 1810 Alexandrino,
389 1741 508 1816 aliisque
522 1761 559 1801 ex
573 1742 725 1816 veteribus,
740 1761 805 1801 cnm
816 1752 875 1800 tota
889 1743 968 1801 turba
977 1742 1132 1800 recentium
1147 1741 1284 1818 interpre-

94 1852 153 1899 tum
168 1840 451 1908 Protestanticornm,
466 1840 663 1908 assentiamur,
678 1841 755 1898 venti
768 1839 1009 1916 comparationem
1030 1839 1088 1897 illie
1108 1839 1287 1916 agnoscenti·

93 1938 158 2004 bus,
179 1937 249 1996 nihil
273 1937 339 1995 inde
363 1948 461 1995 contra
485 1955 565 2010 aquae
590 1937 799 2005 necessitatem,
825 1955 913 2010 quum
937 1936 1066 1994 nativitas
1091 1935 1202 2012 Spiritu
1226 1935 1286 2002 frat,

93 2035 188 2111 gratia
203 2019 326 2092 motibus
340 2034 469 2103 occultis,
484 2033 535 2092 sed
549 2052 623 2107 aqua
636 2034 724 2092 veluti
734 2034 930 2093 instrumento.
1167 2082 1171 2087 .

131 2136 181 2192 47.
196 2131 262 2212 oej.
278 2135 325 2189 tu.
339 2131 474 2191 Christus
487 2131 649 2191 Nicodemo
664 2132 844 2208 exprobravit
854 2131 998 2204 quodrem
1014 2129 1086 2188 adeo
1098 2138 1194 2189 notam
1210 2131 1287 2207 ipse,

93 2230 227 2307 magister
247 2228 316 2288 licet
336 2238 365 2286 et
390 2229 523 2306 princeps
551 2226 734 2294 israeliticus,
757 2228 916 2305 ignoraret:
940 2235 960 2263 ‘⁶
973 2226 1021 2284 'l'u
1042 2243 1075 2285 es
1097 2225 1234 2302 magister
1254 2226 1286 2284 in

93 2327 192 2395 lsrael,
215 2336 244 2385 et
266 2327 327 2386 haec
348 2327 461 2404 ignoras
471 2325 520 2383 2³³·
559 2326 592 2384 Si
616 2337 709 2383 autem
734 2323 770 2383 de
791 2324 934 2382 nativitate
958 2341 1031 2397 aqua
1052 2323 1169 2400 egisset,
1190 2323 1287 2382 nullus

93 2426 193 2485 luisset
214 2427 293 2484 loeus
308 2424 530 2503 exprobrationi,
544 2441 597 2482 nec
610 2422 687 2480 enim
701 2441 765 2481 eam
779 2439 864 2480 nosse
879 2421 1027 2499 potuisset.

130 2523 221 2602 Resp.
231 2523 409 2582 Nicodamus
424 2522 587 2599 magisterio
601 2521 732 2597 fungens,
747 2531 785 2586 et,
797 2521 838 2577 nti
853 2520 960 2577 axillis
975 2518 1085 2577 Christi
1099 2519 1192 2577 verbis
1207 2519 1287 2577 colli·

91 2623 174 2700 gitur,
200 2640 251 2678 sua
265 2621 382 2678 scientia
408 2620 509 2686 elatus,
530 2618 627 2676 debuit
642 2634 728 2675 nosse
749 2617 896 2674 hominem
910 2635 969 2675 non
993 2635 1058 2675 esse
1073 2612 1160 2694 regno
1174 2618 1286 2675 creleeti

92 2721 237 2788 idoneum,
252 2719 308 2779 nisi
321 2718 384 2777 Deo
398 2727 569 2776 nasceretur.
610 2715 707 2774 Potuit
727 2716 812 2773 etiam
826 2733 864 2773 ex
879 2716 1018 2775 vaticiniis
1032 2717 1165 2793 colligere
1180 2735 1285 2789 aquarn

91 2816 177 2874 veluti
192 2817 410 2873 instrumentum
422 2811 609 2871 adhibendam
622 2821 654 2868 ut
664 2810 765 2868 animae
775 2811 875 2869 sordes
890 2811 1088 2875 abluerentur:
1105 2812 1285 2874 “Effundam

4 2960 7 2968 .
91 2930 179 2990 super
193 2909 355 2979 ros,''dixit
369 2909 448 2968 Deus
460 2927 511 2986 per
523 2907 720 2976 Ezechielem,
737 2916 755 2943 ‘⁶
765 2925 866 2980 aquarn
882 2907 1027 2977 mundam,
1041 2921 1069 2966 et
1078 2908 1287 2967 mundabimini

16 3058 19 3062 ,
91 3012 126 3068 ab
154 3009 285 3070 omnibus
313 3007 535 3080 inquinamentis
562 3004 712 3064 vestris.”⁸
773 3003 878 3063 Meritd
906 3005 948 3062 illi
972 3004 1070 3064 iterath
1109 3005 1287 3082 postulantia

92 3117 111 3144 ‘⁸
125 3104 277 3173 Quomodo
289 3113 409 3182 possunt
421 3103 481 3161 hec
496 3102 557 3161 fieri
567 3101 600 3158 l’'
622 3101 804 3178 exprobravit
816 3101 902 3159 lesus
917 3111 1020 3161 tantam
1033 3101 1285 3170 hebetudinem,et

91 3205 194 3264 divinae
209 3203 355 3281 potestatis
368 3201 585 3279 ignorationem.
1142 3252 1143 3257 ,

130 3308 179 3362 te.
194 3300 260 3380 obj.
274 3304 320 3360 lo.
333 3299 400 3378 Ipse
408 3298 557 3366 Calvinus,
572 3296 824 3374 equabaptismum
834 3297 901 3355 licet
909 3316 1077 3375 agnoscens,
1090 3298 1190 3356 fatetur
1199 3300 1287 3357 verba

92 3402 201 3462 dhrim
213 3400 248 3459 de
263 3398 407 3458 nativitate
421 3415 459 3455 ex
472 3415 545 3471 aqua
559 3406 588 3453 et
601 3396 708 3472 Spiritu
723 3397 839 3463 Sancto,
849 3395 1031 3474 intelligenda
1045 3414 1109 3454 esse
1124 3395 1159 3453 de
1174 3395 1285 3472 Spiritu

91 3503 209 3570 Sancto,
221 3518 302 3575 aqum
316 3498 415 3564 instar,
432 3495 585 3555 mundante
611 3493 753 3562 animam3
770 3503 790 3530 ‘⁶
800 3495 883 3566 quasi
896 3493 1011 3562 diceret,
1024 3513 1074 3571 per
1088 3494 1225 3571 Spiritum
1236 3495 1287 3568 qui

91 3597 238 3676 purgando
251 3606 280 3656 et
289 3593 432 3672 irrigando
443 3590 544 3651 fideles
553 3591 673 3658 animas,
687 3590 749 3648 rice
758 3609 838 3664 aqum
850 3589 1021 3668 fungitur.'’⁴
1036 3590 1084 3648 Sic
1096 3609 1159 3663 quae
1169 3588 1204 3647 de
1216 3591 1286 3666 bap-

91 3694 177 3753 tismo
186 3691 309 3767 Spiritus
318 3689 416 3747 Sancti
425 3698 453 3745 et
466 3687 539 3764 ignis
549 3687 691 3755 dicuntur,
701 3685 736 3744 de
749 3686 856 3762 Spiritu
867 3685 984 3754 Sancto,
992 3687 1066 3762 ignis
1074 3686 1171 3752 instar,
1181 3685 1284 3743 animae

90 3798 225 3850 exurente
252 3785 362 3852 sordes,
390 3802 510 3857 eamque
538 3803 633 3842 amore
658 3783 755 3842 divino
783 3781 961 3850 incendente,
990 3794 1065 3841 recte
1093 3783 1284 3858 explicantur.

91 3886 236 3963 Equidem
250 3872 376 3944 Joannea
390 3901 475 3940 suum
490 3883 661 3959 baptismum
676 3882 845 3959 abaptismo
862 3881 970 3939 Christi
994 3881 1183 3958 distinguebat
1197 3881 1227 3939 in
1248 3901 1285 3939 eo

90 3984 167 4062 quod
177 3985 239 4061 ipse
251 4000 323 4056 aqua
336 3980 460 4040 ablueret
473 3999 587 4057 corpus,
600 3980 733 4039 Christus
749 3979 815 4038 verri
830 3981 895 4058 igne
910 3979 997 4037 divini
1013 3979 1136 4056 Spiritus
1147 3979 1283 4039 accende·

90 4093 133 4143 ret
157 4080 299 4139 animam:
321 4077 417 4155 “Ego
441 4077 557 4150 quidem
582 4078 696 4154 baptizo
720 4095 771 4134 vos
795 4077 825 4136 in
849 4095 923 4151 aqua
946 4077 976 4134 in
996 4078 1211 4157 poenitentiam
1232 4079 1282 4151 qui

495 4289 538 4355 (l)
557 4288 628 4339 Joen.
639 4287 673 4338 iii.
686 4289 709 4337 6.

484 4378 527 4443 t2)
546 4376 618 4426 Josn.
629 4375 663 4424 iii.
677 4376 715 4422 10.

487 4459 529 4526 (a)
553 4459 643 4511 nmis
653 4457 787 4508 mnes.

485 4544 525 4610 (4)
542 4543 602 4596 lust
613 4545 628 4594 l.
636 4543 669 4595 ir.
685 4559 707 4595 c.
717 4545 767 4595 xvi.
778 4560 803 4596 n.
814 4545 855 4594 te.
