<?xml version="1.0" encoding="UTF-8"?>
<!DOCTYPE html PUBLIC "-//W3C//DTD XHTML 1.0 Transitional//EN"
    "http://www.w3.org/TR/xhtml1/DTD/xhtml1-transitional.dtd">
<html xmlns="http://www.w3.org/1999/xhtml" xml:lang="en" lang="en">
 <head>
  <title>
</title>
<meta http-equiv="Content-Type" content="text/html;charset=utf-8" />
  <meta name='ocr-system' content='tesseract 3.04.00' />
  <meta name='ocr-capabilities' content='ocr_page ocr_carea ocr_par ocr_line ocrx_word'/>
</head>
<body>
  <div class='ocr_page' id='page_1' title='image "./theologidogmati03kenrgoog_0284.png"; bbox 0 0 2812 5062; ppageno 0'>
   <div class='ocr_carea' id='block_1_1' title="bbox 373 285 1305 348">
    <p class='ocr_par' dir='ltr' id='par_1_1' title="bbox 373 285 1305 348">
     <span class='ocr_line' id='line_1_1' title="bbox 373 285 1305 348; baseline 0.002 -3"><span class='ocrx_word' id='word_1_1' title='bbox 373 285 431 347; x_wconf 81' lang='lat' dir='ltr'><strong>DE</strong></span> <span class='ocrx_word' id='word_1_2' title='bbox 452 285 674 347; x_wconf 76' lang='lat' dir='ltr'><strong>sncntutctt</strong></span> <span class='ocrx_word' id='word_1_3' title='bbox 694 285 1069 348; x_wconf 78' lang='lat' dir='ltr'><strong>PROPRIETATIBUS.</strong></span> <span class='ocrx_word' id='word_1_4' title='bbox 1247 291 1305 347; x_wconf 82' lang='grc'><strong>281</strong></span> 
     </span>
    </p>
   </div>
   <div class='ocr_carea' id='block_1_2' title="bbox 106 441 1318 1087">
    <p class='ocr_par' dir='ltr' id='par_1_2' title="bbox 106 441 1318 1087">
     <span class='ocr_line' id='line_1_2' title="bbox 107 441 1318 525; baseline 0.005 -26"><span class='ocrx_word' id='word_1_5' title='bbox 107 441 257 519; x_wconf 78' lang='lat' dir='ltr'><strong>explorata</strong></span> <span class='ocrx_word' id='word_1_6' title='bbox 281 443 361 503; x_wconf 88' lang='lat' dir='ltr'><strong>illum</strong></span> <span class='ocrx_word' id='word_1_7' title='bbox 386 463 451 504; x_wconf 88' lang='lat' dir='ltr'><strong>esse</strong></span> <span class='ocrx_word' id='word_1_8' title='bbox 474 445 707 519; x_wconf 84' lang='lat' dir='ltr'><strong>antiquissimum</strong></span> <span class='ocrx_word' id='word_1_9' title='bbox 729 444 871 505; x_wconf 75' lang='lat' dir='ltr'><strong>Ecclesia</strong></span> <span class='ocrx_word' id='word_1_10' title='bbox 896 445 1006 515; x_wconf 83' lang='lat' dir='ltr'><strong>ritum‚¹</strong></span> <span class='ocrx_word' id='word_1_11' title='bbox 1028 462 1114 519; x_wconf 87' lang='lat' dir='ltr'><strong>quem</strong></span> <span class='ocrx_word' id='word_1_12' title='bbox 1137 453 1166 504; x_wconf 87' lang='lat' dir='ltr'><strong>et</strong></span> <span class='ocrx_word' id='word_1_13' title='bbox 1188 443 1318 525; x_wconf 82' lang='lat' dir='ltr'><strong>magnas&#39;</strong></span> 
     </span>
     <span class='ocr_line' id='line_1_3' title="bbox 108 537 1308 621; baseline 0.003 -24"><span class='ocrx_word' id='word_1_14' title='bbox 108 537 214 598; x_wconf 85' lang='lat' dir='ltr'><strong>habere</strong></span> <span class='ocrx_word' id='word_1_15' title='bbox 229 540 362 599; x_wconf 72' lang='lat' dir='ltr'><strong>utilitates</strong></span> <span class='ocrx_word' id='word_1_16' title='bbox 377 560 434 600; x_wconf 92' lang='lat' dir='ltr'><strong>uon</strong></span> <span class='ocrx_word' id='word_1_17' title='bbox 447 541 622 612; x_wconf 72' lang='lat' dir='ltr'><strong>diffitenturt</strong></span> <span class='ocrx_word' id='word_1_18' title='bbox 644 545 776 616; x_wconf 78' lang='lat' dir='ltr'><strong>quamvis</strong></span> <span class='ocrx_word' id='word_1_19' title='bbox 790 544 896 621; x_wconf 83' lang='lat' dir='ltr'><strong>negent</strong></span> <span class='ocrx_word' id='word_1_20' title='bbox 908 541 976 602; x_wconf 90' lang='lat' dir='ltr'><strong>inde</strong></span> <span class='ocrx_word' id='word_1_21' title='bbox 991 551 1067 601; x_wconf 88' lang='lat' dir='ltr'><strong>recte</strong></span> <span class='ocrx_word' id='word_1_22' title='bbox 1082 541 1180 601; x_wconf 80' lang='lat' dir='ltr'><strong>inserti</strong></span> <span class='ocrx_word' id='word_1_23' title='bbox 1200 543 1308 621; x_wconf 90' lang='lat' dir='ltr'><strong>Purga-</strong></span> 
     </span>
     <span class='ocr_line' id='line_1_4' title="bbox 109 637 1305 718; baseline 0.005 -23"><span class='ocrx_word' id='word_1_24' title='bbox 109 637 213 696; x_wconf 90' lang='lat' dir='ltr'><strong>tcrium</strong></span> <span class='ocrx_word' id='word_1_25' title='bbox 229 656 303 705; x_wconf 90' lang='lat' dir='ltr'><strong>esse,</strong></span> <span class='ocrx_word' id='word_1_26' title='bbox 326 639 430 713; x_wconf 90' lang='lat' dir='ltr'><strong>inquo</strong></span> <span class='ocrx_word' id='word_1_27' title='bbox 450 641 563 709; x_wconf 85' lang='lat' dir='ltr'><strong>auimae,</strong></span> <span class='ocrx_word' id='word_1_28' title='bbox 579 641 712 700; x_wconf 87' lang='lat' dir='ltr'><strong>sacrificii</strong></span> <span class='ocrx_word' id='word_1_29' title='bbox 727 660 777 718; x_wconf 89' lang='lat' dir='ltr'><strong>pro</strong></span> <span class='ocrx_word' id='word_1_30' title='bbox 797 641 834 700; x_wconf 89' lang='lat' dir='ltr'><strong>iis</strong></span> <span class='ocrx_word' id='word_1_31' title='bbox 854 641 1008 710; x_wconf 76' lang='lat' dir='ltr'><strong>oblatione,</strong></span> <span class='ocrx_word' id='word_1_32' title='bbox 1023 640 1217 700; x_wconf 68' lang='lat' dir='ltr'><strong>subleventur.</strong></span> <span class='ocrx_word' id='word_1_33' title='bbox 1258 640 1305 701; x_wconf 90' lang='lat' dir='ltr'><strong>De</strong></span> 
     </span>
     <span class='ocr_line' id='line_1_5' title="bbox 108 733 1306 816; baseline 0.005 -24"><span class='ocrx_word' id='word_1_34' title='bbox 108 733 165 792; x_wconf 89' lang='lat' dir='ltr'><strong>hoc</strong></span> <span class='ocrx_word' id='word_1_35' title='bbox 180 735 337 795; x_wconf 88' lang='lat' dir='ltr'><strong>animarum</strong></span> <span class='ocrx_word' id='word_1_36' title='bbox 352 746 425 795; x_wconf 83' lang='lat' dir='ltr'><strong>statu</strong></span> <span class='ocrx_word' id='word_1_37' title='bbox 440 736 580 796; x_wconf 85' lang='lat' dir='ltr'><strong>disserere</strong></span> <span class='ocrx_word' id='word_1_38' title='bbox 594 757 651 796; x_wconf 88' lang='lat' dir='ltr'><strong>non</strong></span> <span class='ocrx_word' id='word_1_39' title='bbox 665 748 709 796; x_wconf 87' lang='lat' dir='ltr'><strong>est</strong></span> <span class='ocrx_word' id='word_1_40' title='bbox 722 738 809 816; x_wconf 86' lang='lat' dir='ltr'><strong>hujus</strong></span> <span class='ocrx_word' id='word_1_41' title='bbox 823 738 900 807; x_wconf 88' lang='lat' dir='ltr'><strong>loci;</strong></span> <span class='ocrx_word' id='word_1_42' title='bbox 921 737 972 796; x_wconf 91' lang='lat' dir='ltr'><strong>sed</strong></span> <span class='ocrx_word' id='word_1_43' title='bbox 986 747 1179 816; x_wconf 87' lang='lat' dir='ltr'><strong>opportunum</strong></span> <span class='ocrx_word' id='word_1_44' title='bbox 1194 736 1306 798; x_wconf 88' lang='lat' dir='ltr'><strong>videtur</strong></span> 
     </span>
     <span class='ocr_line' id='line_1_6' title="bbox 108 832 1306 914; baseline 0.004 -24"><span class='ocrx_word' id='word_1_45' title='bbox 108 832 259 891; x_wconf 87' lang='lat' dir='ltr'><strong>ostendere</strong></span> <span class='ocrx_word' id='word_1_46' title='bbox 281 834 383 892; x_wconf 86' lang='lat' dir='ltr'><strong>Missae</strong></span> <span class='ocrx_word' id='word_1_47' title='bbox 404 835 576 895; x_wconf 86' lang='lat' dir='ltr'><strong>sacrificium</strong></span> <span class='ocrx_word' id='word_1_48' title='bbox 596 853 695 894; x_wconf 86' lang='lat' dir='ltr'><strong>revera</strong></span> <span class='ocrx_word' id='word_1_49' title='bbox 726 855 779 914; x_wconf 86' lang='lat' dir='ltr'><strong>pro</strong></span> <span class='ocrx_word' id='word_1_50' title='bbox 803 835 944 895; x_wconf 80' lang='lat' dir='ltr'><strong>defunctis</strong></span> <span class='ocrx_word' id='word_1_51' title='bbox 969 854 1034 895; x_wconf 85' lang='lat' dir='ltr'><strong>esse</strong></span> <span class='ocrx_word' id='word_1_52' title='bbox 1066 836 1306 914; x_wconf 88' lang='lat' dir='ltr'><strong>propitiatorium,</strong></span> 
     </span>
     <span class='ocr_line' id='line_1_7' title="bbox 109 928 1304 1010; baseline 0.002 -23"><span class='ocrx_word' id='word_1_53' title='bbox 109 928 189 1004; x_wconf 90' lang='lat' dir='ltr'><strong>quod</strong></span> <span class='ocrx_word' id='word_1_54' title='bbox 211 929 337 1006; x_wconf 85' lang='lat' dir='ltr'><strong>prolecto</strong></span> <span class='ocrx_word' id='word_1_55' title='bbox 358 930 576 1008; x_wconf 88' lang='lat' dir='ltr'><strong>intelligendum</strong></span> <span class='ocrx_word' id='word_1_56' title='bbox 589 938 633 989; x_wconf 89' lang='lat' dir='ltr'><strong>eet</strong></span> <span class='ocrx_word' id='word_1_57' title='bbox 654 931 689 990; x_wconf 90' lang='lat' dir='ltr'><strong>de</strong></span> <span class='ocrx_word' id='word_1_58' title='bbox 710 932 858 991; x_wconf 74' lang='lat' dir='ltr'><strong>animabus</strong></span> <span class='ocrx_word' id='word_1_59' title='bbox 875 931 1030 1010; x_wconf 87' lang='lat' dir='ltr'><strong>justorum,</strong></span> <span class='ocrx_word' id='word_1_60' title='bbox 1054 932 1159 1008; x_wconf 87' lang='lat' dir='ltr'><strong>quibus</strong></span> <span class='ocrx_word' id='word_1_61' title='bbox 1180 931 1304 990; x_wconf 84' lang='lat' dir='ltr'><strong>leviores</strong></span> 
     </span>
     <span class='ocr_line' id='line_1_8' title="bbox 106 1027 521 1087; baseline 0.002 -1"><span class='ocrx_word' id='word_1_62' title='bbox 106 1027 207 1087; x_wconf 81' lang='lat' dir='ltr'><strong>forsan</strong></span> <span class='ocrx_word' id='word_1_63' title='bbox 221 1027 379 1087; x_wconf 78' lang='lat' dir='ltr'><strong>inhereant</strong></span> <span class='ocrx_word' id='word_1_64' title='bbox 392 1028 521 1087; x_wconf 78' lang='lat' dir='ltr'><strong>macule.</strong></span> 
     </span>
    </p>
   </div>
   <div class='ocr_carea' id='block_1_3' title="bbox 616 1223 801 1267">
    <p class='ocr_par' dir='ltr' id='par_1_3' title="bbox 616 1223 801 1267">
     <span class='ocr_line' id='line_1_9' title="bbox 616 1223 801 1267; baseline -0.011 0"><span class='ocrx_word' id='word_1_65' title='bbox 616 1223 801 1267; x_wconf 71' lang='lat' dir='ltr'><strong>ruorost‘rto.</strong></span> 
     </span>
    </p>
   </div>
   <div class='ocr_carea' id='block_1_4' title="bbox 103 1361 1338 1927">
    <p class='ocr_par' dir='ltr' id='par_1_4' title="bbox 147 1361 1127 1447">
     <span class='ocr_line' id='line_1_10' title="bbox 147 1361 1127 1447; baseline 0 -23"><span class='ocrx_word' id='word_1_66' title='bbox 147 1361 256 1424; x_wconf 71' lang='lat' dir='ltr'><strong>Missas</strong></span> <span class='ocrx_word' id='word_1_67' title='bbox 270 1363 453 1444; x_wconf 80' lang='lat' dir='ltr'><strong>eocrs‘fioinm</strong></span> <span class='ocrx_word' id='word_1_68' title='bbox 467 1371 511 1423; x_wconf 87' lang='lat' dir='ltr'><strong>cst</strong></span> <span class='ocrx_word' id='word_1_69' title='bbox 517 1363 774 1442; x_wconf 79' lang='lat' dir='ltr'><strong>propitiatorium,</strong></span> <span class='ocrx_word' id='word_1_70' title='bbox 789 1364 881 1424; x_wconf 69' lang='lat' dir='ltr'><strong>dium</strong></span> <span class='ocrx_word' id='word_1_71' title='bbox 895 1383 953 1444; x_wconf 86' lang='lat' dir='ltr'><strong>pro</strong></span> <span class='ocrx_word' id='word_1_72' title='bbox 968 1362 1127 1447; x_wconf 75' lang='lat' dir='ltr'><strong>defunctis.</strong></span> 
     </span>
    </p>

    <p class='ocr_par' dir='ltr' id='par_1_5' title="bbox 146 1460 722 1540">
     <span class='ocr_line' id='line_1_11' title="bbox 146 1460 722 1540; baseline 0.003 -20"><span class='ocrx_word' id='word_1_73' title='bbox 146 1460 301 1521; x_wconf 82' lang='lat' dir='ltr'><strong>Probatur</strong></span> <span class='ocrx_word' id='word_1_74' title='bbox 315 1461 340 1521; x_wconf 87' lang='lat'><strong>1.</strong></span> <span class='ocrx_word' id='word_1_75' title='bbox 356 1481 393 1521; x_wconf 83' lang='lat' dir='ltr'><strong>eoo</strong></span> <span class='ocrx_word' id='word_1_76' title='bbox 406 1462 560 1540; x_wconf 75' lang='lat' dir='ltr'><strong>Ltrurgttr</strong></span> <span class='ocrx_word' id='word_1_77' title='bbox 574 1462 722 1522; x_wconf 83' lang='lat' dir='ltr'><strong>omnibus.</strong></span> 
     </span>
    </p>

    <p class='ocr_par' dir='ltr' id='par_1_6' title="bbox 103 1550 1338 1927">
     <span class='ocr_line' id='line_1_12' title="bbox 148 1550 1305 1637; baseline 0.003 -21"><span class='ocrx_word' id='word_1_78' title='bbox 148 1560 199 1616; x_wconf 85' lang='grc'><strong>84.</strong></span> <span class='ocrx_word' id='word_1_79' title='bbox 221 1558 256 1617; x_wconf 93' lang='lat' dir='ltr'><strong>ln</strong></span> <span class='ocrx_word' id='word_1_80' title='bbox 268 1558 381 1637; x_wconf 80' lang='lat' dir='ltr'><strong>liturgia</strong></span> <span class='ocrx_word' id='word_1_81' title='bbox 395 1561 427 1618; x_wconf 83' lang='grc'><strong>8.</strong></span> <span class='ocrx_word' id='word_1_82' title='bbox 443 1559 543 1618; x_wconf 87' lang='lat' dir='ltr'><strong>Basilii</strong></span> <span class='ocrx_word' id='word_1_83' title='bbox 556 1558 752 1618; x_wconf 76' lang='lat' dir='ltr'><strong>Alexandrina</strong></span> <span class='ocrx_word' id='word_1_84' title='bbox 760 1550 821 1618; x_wconf 86' lang='lat' dir='ltr'><strong>orat</strong></span> <span class='ocrx_word' id='word_1_85' title='bbox 833 1558 967 1619; x_wconf 88' lang='lat' dir='ltr'><strong>sacerdus</strong></span> <span class='ocrx_word' id='word_1_86' title='bbox 981 1559 1062 1618; x_wconf 87' lang='lat' dir='ltr'><strong>hisce</strong></span> <span class='ocrx_word' id='word_1_87' title='bbox 1072 1560 1185 1619; x_wconf 79' lang='lat' dir='ltr'><strong>verbisz</strong></span> <span class='ocrx_word' id='word_1_88' title='bbox 1208 1567 1228 1597; x_wconf 77' lang='lat'><strong>‘⁶</strong></span> <span class='ocrx_word' id='word_1_89' title='bbox 1241 1559 1305 1619; x_wconf 89' lang='lat' dir='ltr'><strong>Mc·</strong></span> 
     </span>
     <span class='ocr_line' id='line_1_13' title="bbox 104 1655 1303 1735; baseline 0.003 -21"><span class='ocrx_word' id='word_1_90' title='bbox 104 1665 217 1723; x_wconf 87' lang='lat' dir='ltr'><strong>mento,</strong></span> <span class='ocrx_word' id='word_1_91' title='bbox 232 1655 366 1725; x_wconf 86' lang='lat' dir='ltr'><strong>Domine,</strong></span> <span class='ocrx_word' id='word_1_92' title='bbox 382 1668 411 1717; x_wconf 90' lang='lat' dir='ltr'><strong>et</strong></span> <span class='ocrx_word' id='word_1_93' title='bbox 423 1656 552 1717; x_wconf 88' lang='lat' dir='ltr'><strong>omnium</strong></span> <span class='ocrx_word' id='word_1_94' title='bbox 573 1675 610 1715; x_wconf 83' lang='lat' dir='ltr'><strong>ex</strong></span> <span class='ocrx_word' id='word_1_95' title='bbox 624 1656 724 1716; x_wconf 90' lang='lat' dir='ltr'><strong>ordine</strong></span> <span class='ocrx_word' id='word_1_96' title='bbox 744 1655 913 1716; x_wconf 86' lang='lat' dir='ltr'><strong>sacerdotali</strong></span> <span class='ocrx_word' id='word_1_97' title='bbox 926 1657 976 1730; x_wconf 92' lang='lat' dir='ltr'><strong>qui</strong></span> <span class='ocrx_word' id='word_1_98' title='bbox 990 1656 1101 1735; x_wconf 84' lang='lat' dir='ltr'><strong>pridem</strong></span> <span class='ocrx_word' id='word_1_99' title='bbox 1123 1657 1303 1731; x_wconf 84' lang='lat' dir='ltr'><strong>quieveruut,</strong></span> 
     </span>
     <span class='ocr_line' id='line_1_14' title="bbox 104 1752 1338 1828; baseline 0.002 -18"><span class='ocrx_word' id='word_1_100' title='bbox 104 1764 135 1810; x_wconf 91' lang='lat' dir='ltr'><strong>et</strong></span> <span class='ocrx_word' id='word_1_101' title='bbox 149 1769 250 1810; x_wconf 89' lang='lat' dir='ltr'><strong>eorum</strong></span> <span class='ocrx_word' id='word_1_102' title='bbox 264 1752 313 1826; x_wconf 92' lang='lat' dir='ltr'><strong>qui</strong></span> <span class='ocrx_word' id='word_1_103' title='bbox 327 1765 407 1812; x_wconf 85' lang='lat' dir='ltr'><strong>eraut</strong></span> <span class='ocrx_word' id='word_1_104' title='bbox 419 1756 449 1814; x_wconf 89' lang='lat' dir='ltr'><strong>iu</strong></span> <span class='ocrx_word' id='word_1_105' title='bbox 463 1762 535 1811; x_wconf 86' lang='lat' dir='ltr'><strong>statu</strong></span> <span class='ocrx_word' id='word_1_106' title='bbox 550 1753 689 1813; x_wconf 78' lang='lat' dir='ltr'><strong>seculari.</strong></span> <span class='ocrx_word' id='word_1_107' title='bbox 730 1754 839 1813; x_wconf 82' lang='lat' dir='ltr'><strong>Proesta</strong></span> <span class='ocrx_word' id='word_1_108' title='bbox 853 1754 983 1813; x_wconf 89' lang='lat' dir='ltr'><strong>omnium</strong></span> <span class='ocrx_word' id='word_1_109' title='bbox 999 1753 1108 1813; x_wconf 85' lang='lat' dir='ltr'><strong>animas</strong></span> <span class='ocrx_word' id='word_1_110' title='bbox 1122 1754 1304 1828; x_wconf 87' lang='lat' dir='ltr'><strong>requiescere</strong></span> <span class='ocrx_word' id='word_1_111' title='bbox 1336 1772 1338 1778; x_wconf 91' lang='lat'>·</span> 
     </span>
     <span class='ocr_line' id='line_1_15' title="bbox 103 1845 1304 1927; baseline 0.002 -20"><span class='ocrx_word' id='word_1_112' title='bbox 103 1845 136 1908; x_wconf 91' lang='lat' dir='ltr'><strong>iu</strong></span> <span class='ocrx_word' id='word_1_113' title='bbox 150 1848 261 1908; x_wconf 89' lang='lat' dir='ltr'><strong>sinibus</strong></span> <span class='ocrx_word' id='word_1_114' title='bbox 275 1860 437 1907; x_wconf 89' lang='lat' dir='ltr'><strong>sauctorum</strong></span> <span class='ocrx_word' id='word_1_115' title='bbox 451 1860 562 1927; x_wconf 90' lang='lat' dir='ltr'><strong>patrum</strong></span> <span class='ocrx_word' id='word_1_116' title='bbox 577 1860 736 1910; x_wconf 89' lang='lat' dir='ltr'><strong>nostrorum</strong></span> <span class='ocrx_word' id='word_1_117' title='bbox 752 1851 908 1926; x_wconf 83' lang='lat' dir='ltr'><strong>Abraham,</strong></span> <span class='ocrx_word' id='word_1_118' title='bbox 918 1851 1012 1920; x_wconf 84' lang='lat' dir='ltr'><strong>Isaac,</strong></span> <span class='ocrx_word' id='word_1_119' title='bbox 1027 1862 1056 1908; x_wconf 92' lang='lat' dir='ltr'><strong>et</strong></span> <span class='ocrx_word' id='word_1_120' title='bbox 1068 1850 1171 1911; x_wconf 85' lang='lat' dir='ltr'><strong>Jacob.</strong></span> <span class='ocrx_word' id='word_1_121' title='bbox 1212 1850 1304 1912; x_wconf 89' lang='lat' dir='ltr'><strong>luduc</strong></span> 
     </span>
    </p>
   </div>
   <div class='ocr_carea' id='block_1_5' title="bbox 106 1938 1404 2026">
    <p class='ocr_par' dir='ltr' id='par_1_7' title="bbox 106 1938 1404 2026">
     <span class='ocr_line' id='line_1_16' title="bbox 106 1938 1404 2026; baseline 0.003 -22"><span class='ocrx_word' id='word_1_122' title='bbox 106 1956 136 2004; x_wconf 88' lang='lat' dir='ltr'><strong>et</strong></span> <span class='ocrx_word' id='word_1_123' title='bbox 149 1965 292 2025; x_wconf 90' lang='lat' dir='ltr'><strong>congrega</strong></span> <span class='ocrx_word' id='word_1_124' title='bbox 305 1965 355 2005; x_wconf 91' lang='lat' dir='ltr'><strong>eoe</strong></span> <span class='ocrx_word' id='word_1_125' title='bbox 375 1947 406 2005; x_wconf 93' lang='lat' dir='ltr'><strong>iu</strong></span> <span class='ocrx_word' id='word_1_126' title='bbox 426 1946 523 2005; x_wconf 89' lang='lat' dir='ltr'><strong>locum</strong></span> <span class='ocrx_word' id='word_1_127' title='bbox 544 1947 705 2017; x_wconf 89' lang='lat' dir='ltr'><strong>herbidum,</strong></span> <span class='ocrx_word' id='word_1_128' title='bbox 719 1966 807 2025; x_wconf 89' lang='lat' dir='ltr'><strong>super</strong></span> <span class='ocrx_word' id='word_1_129' title='bbox 826 1967 929 2023; x_wconf 83' lang='lat' dir='ltr'><strong>aquam</strong></span> <span class='ocrx_word' id='word_1_130' title='bbox 951 1948 1099 2022; x_wconf 81' lang='lat' dir='ltr'><strong>requietis,</strong></span> <span class='ocrx_word' id='word_1_131' title='bbox 1116 1948 1146 2008; x_wconf 93' lang='lat' dir='ltr'><strong>iu</strong></span> <span class='ocrx_word' id='word_1_132' title='bbox 1169 1947 1306 2026; x_wconf 82' lang='lat' dir='ltr'><strong>paradiso</strong></span> <span class='ocrx_word' id='word_1_133' title='bbox 1401 1938 1404 1943; x_wconf 60' lang='grc'><strong><em>’</em></strong></span> 
     </span>
    </p>
   </div>
   <div class='ocr_carea' id='block_1_6' title="bbox 102 2042 1321 3390">
    <p class='ocr_par' dir='ltr' id='par_1_8' title="bbox 102 2042 1308 2406">
     <span class='ocr_line' id='line_1_17' title="bbox 106 2042 1304 2123; baseline 0.007 -23"><span class='ocrx_word' id='word_1_134' title='bbox 106 2042 270 2120; x_wconf 70' lang='lat' dir='ltr'><strong>uoluptatis,</strong></span> <span class='ocrx_word' id='word_1_135' title='bbox 286 2042 361 2102; x_wconf 91' lang='lat' dir='ltr'><strong>unde</strong></span> <span class='ocrx_word' id='word_1_136' title='bbox 375 2043 447 2121; x_wconf 86' lang='lat' dir='ltr'><strong>sugit</strong></span> <span class='ocrx_word' id='word_1_137' title='bbox 467 2042 557 2112; x_wconf 90' lang='lat' dir='ltr'><strong>dolor,</strong></span> <span class='ocrx_word' id='word_1_138' title='bbox 572 2043 694 2114; x_wconf 86' lang='lat' dir='ltr'><strong>tristitia,</strong></span> <span class='ocrx_word' id='word_1_139' title='bbox 708 2054 738 2104; x_wconf 89' lang='lat' dir='ltr'><strong>et</strong></span> <span class='ocrx_word' id='word_1_140' title='bbox 755 2044 891 2123; x_wconf 83' lang='lat' dir='ltr'><strong>gemitus,</strong></span> <span class='ocrx_word' id='word_1_141' title='bbox 912 2044 944 2104; x_wconf 91' lang='lat' dir='ltr'><strong>in</strong></span> <span class='ocrx_word' id='word_1_142' title='bbox 965 2044 1117 2123; x_wconf 83' lang='lat' dir='ltr'><strong>splendore</strong></span> <span class='ocrx_word' id='word_1_143' title='bbox 1138 2055 1304 2109; x_wconf 81' lang='lat' dir='ltr'><strong>sanctorum</strong></span> 
     </span>
     <span class='ocr_line' id='line_1_18' title="bbox 105 2141 1304 2222; baseline 0.005 -23"><span class='ocrx_word' id='word_1_144' title='bbox 105 2152 230 2199; x_wconf 90' lang='lat' dir='ltr'><strong>tuoruru.</strong></span> <span class='ocrx_word' id='word_1_145' title='bbox 253 2184 261 2199; x_wconf 91' lang='lat'><strong>.</strong></span> <span class='ocrx_word' id='word_1_146' title='bbox 282 2183 290 2200; x_wconf 95' lang='lat'><strong>.</strong></span> <span class='ocrx_word' id='word_1_147' title='bbox 311 2184 319 2199; x_wconf 93' lang='lat'><strong>.</strong></span> <span class='ocrx_word' id='word_1_148' title='bbox 341 2141 402 2201; x_wconf 90' lang='lat' dir='ltr'><strong>Illis</strong></span> <span class='ocrx_word' id='word_1_149' title='bbox 417 2141 534 2215; x_wconf 88' lang='lat' dir='ltr'><strong>quidem</strong></span> <span class='ocrx_word' id='word_1_150' title='bbox 545 2142 671 2202; x_wconf 88' lang='lat' dir='ltr'><strong>Domine</strong></span> <span class='ocrx_word' id='word_1_151' title='bbox 685 2162 807 2218; x_wconf 86' lang='lat' dir='ltr'><strong>quorum</strong></span> <span class='ocrx_word' id='word_1_152' title='bbox 822 2145 931 2202; x_wconf 87' lang='lat' dir='ltr'><strong>animas</strong></span> <span class='ocrx_word' id='word_1_153' title='bbox 941 2143 1087 2222; x_wconf 90' lang='lat' dir='ltr'><strong>accepisti,</strong></span> <span class='ocrx_word' id='word_1_154' title='bbox 1099 2143 1161 2202; x_wconf 90' lang='lat' dir='ltr'><strong>illid</strong></span> <span class='ocrx_word' id='word_1_155' title='bbox 1176 2145 1304 2218; x_wconf 88' lang='lat' dir='ltr'><strong>quietem</strong></span> 
     </span>
     <span class='ocr_line' id='line_1_19' title="bbox 105 2237 1308 2316; baseline 0.001 -22"><span class='ocrx_word' id='word_1_156' title='bbox 105 2238 209 2306; x_wconf 87' lang='lat' dir='ltr'><strong>tribue,</strong></span> <span class='ocrx_word' id='word_1_157' title='bbox 223 2257 331 2312; x_wconf 89' lang='lat' dir='ltr'><strong>eosque</strong></span> <span class='ocrx_word' id='word_1_158' title='bbox 351 2241 381 2298; x_wconf 89' lang='lat' dir='ltr'><strong>in</strong></span> <span class='ocrx_word' id='word_1_159' title='bbox 395 2258 514 2316; x_wconf 89' lang='lat' dir='ltr'><strong>regnum</strong></span> <span class='ocrx_word' id='word_1_160' title='bbox 529 2240 666 2300; x_wconf 78' lang='lat' dir='ltr'><strong>coelorum</strong></span> <span class='ocrx_word' id='word_1_161' title='bbox 681 2239 830 2299; x_wconf 85' lang='lat' dir='ltr'><strong>transferre</strong></span> <span class='ocrx_word' id='word_1_162' title='bbox 845 2237 1111 2316; x_wconf 49' lang='grc' dir='ltr'><strong>ὡραῖα-88888</strong></span> <span class='ocrx_word' id='word_1_163' title='bbox 1126 2244 1171 2310; x_wconf 69' lang='grc' dir='ltr'><strong>μὲν</strong></span> <span class='ocrx_word' id='word_1_164' title='bbox 1182 2239 1249 2310; x_wconf 71' lang='grc' dir='ltr'>κύριε</span> <span class='ocrx_word' id='word_1_165' title='bbox 1261 2239 1308 2303; x_wconf 63' lang='grc' dir='ltr'><strong>τὰς</strong></span> 
     </span>
     <span class='ocr_line' id='line_1_20' title="bbox 102 2333 1302 2406; baseline 0.004 -20"><span class='ocrx_word' id='word_1_166' title='bbox 102 2333 184 2399; x_wconf 74' lang='grc' dir='ltr'><strong><em>ψυχὰς</em></strong></span> <span class='ocrx_word' id='word_1_167' title='bbox 194 2334 247 2388; x_wconf 70' lang='grc' dir='ltr'><strong>ἐκεῖ</strong></span> <span class='ocrx_word' id='word_1_168' title='bbox 257 2341 339 2401; x_wconf 66' lang='lat' dir='ltr'><strong>euticio</strong></span> <span class='ocrx_word' id='word_1_169' title='bbox 349 2335 493 2395; x_wconf 70' lang='grc' dir='ltr'>ἆνὰπαυσον,</span> <span class='ocrx_word' id='word_1_170' title='bbox 501 2339 546 2392; x_wconf 70' lang='lat' dir='ltr'><strong>mi</strong></span> <span class='ocrx_word' id='word_1_171' title='bbox 556 2335 682 2403; x_wconf 60' lang='grc' dir='ltr'><strong><em>βασηεῖας</em></strong></span> <span class='ocrx_word' id='word_1_172' title='bbox 693 2342 781 2406; x_wconf 55' lang='lat' dir='ltr'><strong>toro&amp;</strong></span> <span class='ocrx_word' id='word_1_173' title='bbox 790 2334 964 2399; x_wconf 50' lang='lat' dir='ltr'><strong>mabbone-¹</strong></span> <span class='ocrx_word' id='word_1_174' title='bbox 1299 2343 1302 2349; x_wconf 80' lang='grc'><strong>’</strong></span> 
     </span>
    </p>

    <p class='ocr_par' dir='ltr' id='par_1_9' title="bbox 146 2431 713 2494">
     <span class='ocr_line' id='line_1_21' title="bbox 146 2431 713 2494; baseline 0.005 -4"><span class='ocrx_word' id='word_1_175' title='bbox 146 2431 299 2492; x_wconf 83' lang='lat' dir='ltr'><strong>Probatur</strong></span> <span class='ocrx_word' id='word_1_176' title='bbox 318 2433 361 2494; x_wconf 80' lang='grc' dir='ltr'><strong>ΙΙ.</strong></span> <span class='ocrx_word' id='word_1_177' title='bbox 376 2433 508 2494; x_wconf 84' lang='lat' dir='ltr'><strong>Potrrrm</strong></span> <span class='ocrx_word' id='word_1_178' title='bbox 522 2434 713 2494; x_wconf 79' lang='lat' dir='ltr'><strong>testimoniis.</strong></span> 
     </span>
    </p>

    <p class='ocr_par' dir='ltr' id='par_1_10' title="bbox 104 2530 1306 2689">
     <span class='ocr_line' id='line_1_22' title="bbox 145 2530 1306 2613; baseline 0.002 -23"><span class='ocrx_word' id='word_1_179' title='bbox 145 2535 195 2590; x_wconf 84' lang='grc'><strong>84.</strong></span> <span class='ocrx_word' id='word_1_180' title='bbox 217 2532 454 2592; x_wconf 79' lang='lat' dir='ltr'><strong>Tunnurnrnnue</strong></span> <span class='ocrx_word' id='word_1_181' title='bbox 482 2533 569 2593; x_wconf 88' lang='lat' dir='ltr'><strong>dicit:</strong></span> <span class='ocrx_word' id='word_1_182' title='bbox 602 2542 622 2570; x_wconf 77' lang='lat'><strong>‘⁸</strong></span> <span class='ocrx_word' id='word_1_183' title='bbox 634 2532 801 2593; x_wconf 88' lang='lat' dir='ltr'><strong>Oblationes</strong></span> <span class='ocrx_word' id='word_1_184' title='bbox 829 2553 881 2613; x_wconf 88' lang='lat' dir='ltr'><strong>pro</strong></span> <span class='ocrx_word' id='word_1_185' title='bbox 906 2530 1058 2602; x_wconf 84' lang='lat' dir='ltr'><strong>defunctis,</strong></span> <span class='ocrx_word' id='word_1_186' title='bbox 1083 2551 1136 2611; x_wconf 90' lang='lat' dir='ltr'><strong>pro</strong></span> <span class='ocrx_word' id='word_1_187' title='bbox 1162 2532 1306 2604; x_wconf 86' lang='lat' dir='ltr'><strong>natalitiis,</strong></span> 
     </span>
     <span class='ocr_line' id='line_1_23' title="bbox 104 2629 445 2689; baseline 0 -1"><span class='ocrx_word' id='word_1_188' title='bbox 104 2648 201 2688; x_wconf 86' lang='lat' dir='ltr'><strong>annua</strong></span> <span class='ocrx_word' id='word_1_189' title='bbox 214 2629 260 2689; x_wconf 89' lang='lat' dir='ltr'><strong>die</strong></span> <span class='ocrx_word' id='word_1_190' title='bbox 274 2630 445 2689; x_wconf 78' lang='lat' dir='ltr'><strong>facimus.&#39;’⁸</strong></span> 
     </span>
    </p>

    <p class='ocr_par' dir='ltr' id='par_1_11' title="bbox 102 2724 1306 3098">
     <span class='ocr_line' id='line_1_24' title="bbox 145 2724 1306 2805; baseline 0.002 -21"><span class='ocrx_word' id='word_1_191' title='bbox 145 2730 196 2784; x_wconf 79' lang='lat'><strong>85.</strong></span> <span class='ocrx_word' id='word_1_192' title='bbox 218 2727 250 2785; x_wconf 80' lang='lat' dir='ltr'><strong>S.</strong></span> <span class='ocrx_word' id='word_1_193' title='bbox 267 2727 459 2786; x_wconf 73' lang='lat' dir='ltr'><strong>cremanus:</strong></span> <span class='ocrx_word' id='word_1_194' title='bbox 483 2726 657 2805; x_wconf 85' lang='lat' dir='ltr'><strong>“Episcopi</strong></span> <span class='ocrx_word' id='word_1_195' title='bbox 679 2735 879 2786; x_wconf 82' lang='lat' dir='ltr'><strong>antecessores</strong></span> <span class='ocrx_word' id='word_1_196' title='bbox 900 2724 991 2785; x_wconf 90' lang='lat' dir='ltr'><strong>nostri</strong></span> <span class='ocrx_word' id='word_1_197' title='bbox 1013 2725 1147 2805; x_wconf 89' lang='lat' dir='ltr'><strong>religiose</strong></span> <span class='ocrx_word' id='word_1_198' title='bbox 1173 2726 1306 2787; x_wconf 91' lang='lat' dir='ltr'><strong>conside·</strong></span> 
     </span>
     <span class='ocr_line' id='line_1_25' title="bbox 103 2823 1306 2903; baseline 0 -18"><span class='ocrx_word' id='word_1_199' title='bbox 103 2836 211 2893; x_wconf 89' lang='lat' dir='ltr'><strong>rantes,</strong></span> <span class='ocrx_word' id='word_1_200' title='bbox 226 2825 272 2884; x_wconf 88' lang='lat' dir='ltr'><strong>vel</strong></span> <span class='ocrx_word' id='word_1_201' title='bbox 285 2826 433 2884; x_wconf 88' lang='lat' dir='ltr'><strong>salubriter</strong></span> <span class='ocrx_word' id='word_1_202' title='bbox 453 2825 635 2903; x_wconf 83' lang='lat' dir='ltr'><strong>providentes</strong></span> <span class='ocrx_word' id='word_1_203' title='bbox 656 2835 837 2894; x_wconf 86' lang='lat' dir='ltr'><strong>censuerunt,</strong></span> <span class='ocrx_word' id='word_1_204' title='bbox 853 2844 890 2885; x_wconf 91' lang='lat' dir='ltr'><strong>ne</strong></span> <span class='ocrx_word' id='word_1_205' title='bbox 911 2825 976 2900; x_wconf 91' lang='lat' dir='ltr'><strong>quis</strong></span> <span class='ocrx_word' id='word_1_206' title='bbox 997 2823 1082 2884; x_wconf 86' lang='lat' dir='ltr'><strong>frater</strong></span> <span class='ocrx_word' id='word_1_207' title='bbox 1102 2825 1247 2885; x_wconf 84' lang='lat' dir='ltr'><strong>excedens</strong></span> <span class='ocrx_word' id='word_1_208' title='bbox 1269 2827 1306 2885; x_wconf 93' lang='lat' dir='ltr'><strong>ad</strong></span> 
     </span>
     <span class='ocr_line' id='line_1_26' title="bbox 103 2908 1306 2996; baseline 0.002 -16"><span class='ocrx_word' id='word_1_209' title='bbox 103 2923 222 2981; x_wconf 89' lang='lat' dir='ltr'><strong>tutelam</strong></span> <span class='ocrx_word' id='word_1_210' title='bbox 238 2921 282 2980; x_wconf 87' lang='lat' dir='ltr'><strong>rel</strong></span> <span class='ocrx_word' id='word_1_211' title='bbox 296 2942 392 2981; x_wconf 89' lang='lat' dir='ltr'><strong>curam</strong></span> <span class='ocrx_word' id='word_1_212' title='bbox 407 2921 555 2981; x_wconf 80' lang='lat' dir='ltr'><strong>Clericum</strong></span> <span class='ocrx_word' id='word_1_213' title='bbox 568 2923 736 2991; x_wconf 88' lang='lat' dir='ltr'><strong>nominaret,</strong></span> <span class='ocrx_word' id='word_1_214' title='bbox 752 2943 784 2981; x_wconf 88' lang='lat' dir='ltr'><strong>ac</strong></span> <span class='ocrx_word' id='word_1_215' title='bbox 798 2924 824 2981; x_wconf 90' lang='lat' dir='ltr'><strong>si</strong></span> <span class='ocrx_word' id='word_1_216' title='bbox 839 2923 903 2996; x_wconf 91' lang='lat' dir='ltr'><strong>quis</strong></span> <span class='ocrx_word' id='word_1_217' title='bbox 923 2922 982 2980; x_wconf 93' lang='lat' dir='ltr'><strong>hoc</strong></span> <span class='ocrx_word' id='word_1_218' title='bbox 1003 2921 1130 2994; x_wconf 89' lang='lat' dir='ltr'><strong>lecisset,</strong></span> <span class='ocrx_word' id='word_1_219' title='bbox 1147 2942 1206 2983; x_wconf 89' lang='lat' dir='ltr'><strong>uon</strong></span> <span class='ocrx_word' id='word_1_220' title='bbox 1220 2908 1306 2982; x_wconf 83' lang='lat' dir='ltr'><strong>offer-</strong></span> 
     </span>
     <span class='ocr_line' id='line_1_27' title="bbox 102 3016 1139 3098; baseline -0.001 -20"><span class='ocrx_word' id='word_1_221' title='bbox 102 3030 183 3078; x_wconf 91' lang='lat' dir='ltr'><strong>retur</strong></span> <span class='ocrx_word' id='word_1_222' title='bbox 196 3039 247 3097; x_wconf 91' lang='lat' dir='ltr'><strong>prc</strong></span> <span class='ocrx_word' id='word_1_223' title='bbox 261 3039 307 3088; x_wconf 92' lang='lat' dir='ltr'><strong>ec,</strong></span> <span class='ocrx_word' id='word_1_224' title='bbox 322 3038 375 3079; x_wconf 92' lang='lat' dir='ltr'><strong>nec</strong></span> <span class='ocrx_word' id='word_1_225' title='bbox 389 3038 440 3098; x_wconf 91' lang='lat' dir='ltr'><strong>pro</strong></span> <span class='ocrx_word' id='word_1_226' title='bbox 454 3016 624 3079; x_wconf 79' lang='lat' dir='ltr'><strong>dormitione</strong></span> <span class='ocrx_word' id='word_1_227' title='bbox 638 3019 701 3098; x_wconf 82' lang='lat' dir='ltr'><strong>ejus</strong></span> <span class='ocrx_word' id='word_1_228' title='bbox 715 3020 889 3079; x_wconf 83' lang='lat' dir='ltr'><strong>sacrificium</strong></span> <span class='ocrx_word' id='word_1_229' title='bbox 901 3018 1139 3079; x_wconf 83' lang='lat' dir='ltr'><strong>celebraretur.&#39;’⁴</strong></span> 
     </span>
    </p>

    <p class='ocr_par' dir='ltr' id='par_1_12' title="bbox 104 3115 1321 3390">
     <span class='ocr_line' id='line_1_28' title="bbox 144 3115 1302 3177; baseline -0.002 -1"><span class='ocrx_word' id='word_1_230' title='bbox 144 3120 194 3176; x_wconf 81' lang='grc'><strong>88.</strong></span> <span class='ocrx_word' id='word_1_231' title='bbox 216 3117 249 3174; x_wconf 83' lang='lat' dir='ltr'><strong>S.</strong></span> <span class='ocrx_word' id='word_1_232' title='bbox 274 3116 426 3177; x_wconf 77' lang='lat' dir='ltr'><strong>(truncus</strong></span> <span class='ocrx_word' id='word_1_233' title='bbox 447 3115 756 3176; x_wconf 77' lang='lat' dir='ltr'><strong>Hmnosourmrsnus</strong></span> <span class='ocrx_word' id='word_1_234' title='bbox 775 3117 892 3176; x_wconf 84' lang='lat' dir='ltr'><strong>scribit:</strong></span> <span class='ocrx_word' id='word_1_235' title='bbox 915 3116 1004 3176; x_wconf 87' lang='lat' dir='ltr'><strong>“Pro</strong></span> <span class='ocrx_word' id='word_1_236' title='bbox 1026 3115 1170 3175; x_wconf 85' lang='lat' dir='ltr'><strong>defunctis</strong></span> <span class='ocrx_word' id='word_1_237' title='bbox 1196 3119 1302 3176; x_wconf 88' lang='lat' dir='ltr'><strong>sanctis</strong></span> 
     </span>
     <span class='ocr_line' id='line_1_29' title="bbox 104 3213 1321 3295; baseline 0 -21"><span class='ocrx_word' id='word_1_238' title='bbox 104 3216 243 3295; x_wconf 84' lang='lat' dir='ltr'><strong>patribus,</strong></span> <span class='ocrx_word' id='word_1_239' title='bbox 258 3227 287 3274; x_wconf 90' lang='lat' dir='ltr'><strong>et</strong></span> <span class='ocrx_word' id='word_1_240' title='bbox 300 3216 455 3294; x_wconf 91' lang='lat' dir='ltr'><strong>episcopis,</strong></span> <span class='ocrx_word' id='word_1_241' title='bbox 470 3225 499 3273; x_wconf 89' lang='lat' dir='ltr'><strong>et</strong></span> <span class='ocrx_word' id='word_1_242' title='bbox 512 3216 644 3274; x_wconf 89' lang='lat' dir='ltr'><strong>omuibus</strong></span> <span class='ocrx_word' id='word_1_243' title='bbox 659 3216 818 3293; x_wconf 85' lang='lat' dir='ltr'><strong>generatim</strong></span> <span class='ocrx_word' id='word_1_244' title='bbox 833 3217 882 3289; x_wconf 86' lang='lat' dir='ltr'><strong>qui</strong></span> <span class='ocrx_word' id='word_1_245' title='bbox 903 3215 978 3273; x_wconf 89' lang='lat' dir='ltr'><strong>iuter</strong></span> <span class='ocrx_word' id='word_1_246' title='bbox 991 3233 1044 3273; x_wconf 91' lang='lat' dir='ltr'><strong>uos</strong></span> <span class='ocrx_word' id='word_1_247' title='bbox 1060 3215 1117 3273; x_wconf 87' lang='lat' dir='ltr'><strong>rita</strong></span> <span class='ocrx_word' id='word_1_248' title='bbox 1130 3213 1221 3273; x_wconf 91' lang='lat' dir='ltr'><strong>suncti</strong></span> <span class='ocrx_word' id='word_1_249' title='bbox 1236 3226 1321 3274; x_wconf 68' lang='lat' dir='ltr'><strong>sunt</strong></span> 
     </span>
     <span class='ocr_line' id='line_1_30' title="bbox 104 3311 1305 3390; baseline -0.002 -16"><span class='ocrx_word' id='word_1_250' title='bbox 104 3332 230 3383; x_wconf 89' lang='lat' dir='ltr'><strong>oramus,</strong></span> <span class='ocrx_word' id='word_1_251' title='bbox 246 3314 404 3373; x_wconf 84' lang='lat' dir='ltr'><strong>maximum</strong></span> <span class='ocrx_word' id='word_1_252' title='bbox 417 3331 483 3371; x_wconf 88' lang='lat' dir='ltr'><strong>esse</strong></span> <span class='ocrx_word' id='word_1_253' title='bbox 496 3312 643 3372; x_wconf 89' lang='lat' dir='ltr'><strong>credentes</strong></span> <span class='ocrx_word' id='word_1_254' title='bbox 657 3313 815 3372; x_wconf 89' lang='lat' dir='ltr'><strong>animarum</strong></span> <span class='ocrx_word' id='word_1_255' title='bbox 831 3313 984 3390; x_wconf 83' lang='lat' dir='ltr'><strong>juramen,</strong></span> <span class='ocrx_word' id='word_1_256' title='bbox 998 3330 1051 3390; x_wconf 88' lang='lat' dir='ltr'><strong>pro</strong></span> <span class='ocrx_word' id='word_1_257' title='bbox 1065 3312 1168 3386; x_wconf 87' lang='lat' dir='ltr'><strong>quibus</strong></span> <span class='ocrx_word' id='word_1_258' title='bbox 1184 3311 1305 3372; x_wconf 86' lang='lat' dir='ltr'><strong>offertur</strong></span> 
     </span>
    </p>
   </div>
   <div class='ocr_carea' id='block_1_7' title="bbox 98 3501 1307 4750">
    <p class='ocr_par' dir='ltr' id='par_1_13' title="bbox 98 3501 1307 4001">
     <span class='ocr_line' id='line_1_31' title="bbox 140 3501 1305 3571; baseline 0.002 -18"><span class='ocrx_word' id='word_1_259' title='bbox 140 3506 184 3571; x_wconf 90' lang='lat' dir='ltr'><strong>(l)</strong></span> <span class='ocrx_word' id='word_1_260' title='bbox 202 3503 242 3555; x_wconf 89' lang='lat' dir='ltr'><strong>De</strong></span> <span class='ocrx_word' id='word_1_261' title='bbox 252 3504 373 3554; x_wconf 76' lang='lat' dir='ltr'><strong>veteribus</strong></span> <span class='ocrx_word' id='word_1_262' title='bbox 384 3502 522 3554; x_wconf 81' lang='lat' dir='ltr'><strong>christianis</strong></span> <span class='ocrx_word' id='word_1_263' title='bbox 539 3502 639 3554; x_wconf 80' lang='lat' dir='ltr'><strong>dicunt=</strong></span> <span class='ocrx_word' id='word_1_264' title='bbox 657 3502 756 3553; x_wconf 65' lang='lat' dir='ltr'><strong>“Since</strong></span> <span class='ocrx_word' id='word_1_265' title='bbox 772 3501 831 3568; x_wconf 80' lang='lat' dir='ltr'><strong>they</strong></span> <span class='ocrx_word' id='word_1_266' title='bbox 847 3502 922 3553; x_wconf 81' lang='lat' dir='ltr'><strong>knew</strong></span> <span class='ocrx_word' id='word_1_267' title='bbox 932 3510 977 3552; x_wconf 90' lang='lat' dir='ltr'><strong>not</strong></span> <span class='ocrx_word' id='word_1_268' title='bbox 994 3501 1023 3551; x_wconf 83' lang='lat' dir='ltr'><strong>ol</strong></span> <span class='ocrx_word' id='word_1_269' title='bbox 1035 3517 1081 3552; x_wconf 92' lang='lat' dir='ltr'><strong>our</strong></span> <span class='ocrx_word' id='word_1_270' title='bbox 1091 3501 1149 3552; x_wconf 86' lang='lat' dir='ltr'><strong>chill</strong></span> <span class='ocrx_word' id='word_1_271' title='bbox 1166 3502 1305 3568; x_wconf 79' lang='lat' dir='ltr'><strong>separation</strong></span> 
     </span>
     <span class='ocr_line' id='line_1_32' title="bbox 101 3586 1307 3654; baseline -0.001 -11"><span class='ocrx_word' id='word_1_272' title='bbox 101 3593 215 3643; x_wconf 71' lang='lat' dir='ltr'><strong>between</strong></span> <span class='ocrx_word' id='word_1_273' title='bbox 225 3591 295 3642; x_wconf 84' lang='lat' dir='ltr'><strong>those</strong></span> <span class='ocrx_word' id='word_1_274' title='bbox 305 3590 363 3640; x_wconf 76' lang='lat' dir='ltr'><strong>who</strong></span> <span class='ocrx_word' id='word_1_275' title='bbox 378 3590 454 3654; x_wconf 79' lang='lat' dir='ltr'><strong>being</strong></span> <span class='ocrx_word' id='word_1_276' title='bbox 464 3589 526 3640; x_wconf 85' lang='lat' dir='ltr'><strong>dead</strong></span> <span class='ocrx_word' id='word_1_277' title='bbox 537 3590 564 3640; x_wconf 88' lang='lat' dir='ltr'><strong>in</strong></span> <span class='ocrx_word' id='word_1_278' title='bbox 576 3589 689 3650; x_wconf 69' lang='grc'><strong>(188188,</strong></span> <span class='ocrx_word' id='word_1_279' title='bbox 696 3589 744 3640; x_wconf 81' lang='lat' dir='ltr'><strong>lire</strong></span> <span class='ocrx_word' id='word_1_280' title='bbox 754 3595 781 3639; x_wconf 83' lang='lat' dir='ltr'><strong>to</strong></span> <span class='ocrx_word' id='word_1_281' title='bbox 792 3587 907 3648; x_wconf 78' lang='lat' dir='ltr'><strong>Onnrsr,</strong></span> <span class='ocrx_word' id='word_1_282' title='bbox 915 3588 963 3639; x_wconf 84' lang='lat' dir='ltr'><strong>eud</strong></span> <span class='ocrx_word' id='word_1_283' title='bbox 974 3586 1163 3649; x_wconf 81' lang='lat' dir='ltr'><strong>with&#39;Ounrsn‚</strong></span> <span class='ocrx_word' id='word_1_284' title='bbox 1175 3589 1224 3640; x_wconf 84' lang='lat' dir='ltr'><strong>and</strong></span> <span class='ocrx_word' id='word_1_285' title='bbox 1235 3589 1307 3642; x_wconf 85' lang='lat' dir='ltr'><strong>those</strong></span> 
     </span>
     <span class='ocr_line' id='line_1_33' title="bbox 98 3672 1303 3743; baseline -0.001 -14"><span class='ocrx_word' id='word_1_286' title='bbox 98 3678 159 3729; x_wconf 80' lang='lat' dir='ltr'><strong>trhc</strong></span> <span class='ocrx_word' id='word_1_287' title='bbox 169 3694 211 3729; x_wconf 80' lang='lat' dir='ltr'><strong>are</strong></span> <span class='ocrx_word' id='word_1_288' title='bbox 219 3686 264 3743; x_wconf 81' lang='lat' dir='ltr'><strong>yet</strong></span> <span class='ocrx_word' id='word_1_289' title='bbox 273 3681 300 3728; x_wconf 91' lang='lat' dir='ltr'><strong>in</strong></span> <span class='ocrx_word' id='word_1_290' title='bbox 310 3676 352 3728; x_wconf 92' lang='lat' dir='ltr'><strong>the</strong></span> <span class='ocrx_word' id='word_1_291' title='bbox 362 3677 431 3737; x_wconf 82' lang='grc'><strong>11888,</strong></span> <span class='ocrx_word' id='word_1_292' title='bbox 442 3676 502 3740; x_wconf 87' lang='lat' dir='ltr'><strong>they</strong></span> <span class='ocrx_word' id='word_1_293' title='bbox 519 3677 562 3727; x_wconf 80' lang='lat' dir='ltr'><strong>felt</strong></span> <span class='ocrx_word' id='word_1_294' title='bbox 573 3676 673 3726; x_wconf 75' lang='lat' dir='ltr'><strong>msurerl</strong></span> <span class='ocrx_word' id='word_1_295' title='bbox 684 3674 737 3726; x_wconf 82' lang='lat' dir='ltr'><strong>that</strong></span> <span class='ocrx_word' id='word_1_296' title='bbox 747 3674 798 3726; x_wconf 88' lang='lat' dir='ltr'><strong>thie</strong></span> <span class='ocrx_word' id='word_1_297' title='bbox 814 3674 929 3725; x_wconf 78' lang='lat' dir='ltr'><strong>Sacrifico</strong></span> <span class='ocrx_word' id='word_1_298' title='bbox 946 3672 1036 3725; x_wconf 82' lang='lat' dir='ltr'><strong>offered</strong></span> <span class='ocrx_word' id='word_1_299' title='bbox 1052 3675 1085 3740; x_wconf 83' lang='lat' dir='ltr'><strong>hy</strong></span> <span class='ocrx_word' id='word_1_300' title='bbox 1095 3674 1137 3725; x_wconf 87' lang='lat' dir='ltr'><strong>the</strong></span> <span class='ocrx_word' id='word_1_301' title='bbox 1148 3673 1252 3727; x_wconf 77' lang='lat' dir='ltr'><strong>Ghurch</strong></span> <span class='ocrx_word' id='word_1_302' title='bbox 1269 3693 1303 3728; x_wconf 90' lang='lat' dir='ltr'><strong>ou</strong></span> 
     </span>
     <span class='ocr_line' id='line_1_34' title="bbox 98 3759 1305 3829; baseline -0.001 -16"><span class='ocrx_word' id='word_1_303' title='bbox 98 3763 178 3822; x_wconf 77' lang='lat' dir='ltr'><strong>earth,</strong></span> <span class='ocrx_word' id='word_1_304' title='bbox 187 3763 227 3813; x_wconf 81' lang='lat' dir='ltr'><strong>lor</strong></span> <span class='ocrx_word' id='word_1_305' title='bbox 237 3763 278 3814; x_wconf 90' lang='lat' dir='ltr'><strong>the</strong></span> <span class='ocrx_word' id='word_1_306' title='bbox 289 3763 369 3813; x_wconf 76' lang='lat' dir='ltr'><strong>whole</strong></span> <span class='ocrx_word' id='word_1_307' title='bbox 380 3763 482 3813; x_wconf 80' lang='lat' dir='ltr'><strong>Ohurch</strong></span> <span class='ocrx_word' id='word_1_308' title='bbox 492 3761 618 3826; x_wconf 83' lang='lat' dir='ltr'><strong>coureyed</strong></span> <span class='ocrx_word' id='word_1_309' title='bbox 629 3769 656 3812; x_wconf 91' lang='lat' dir='ltr'><strong>to</strong></span> <span class='ocrx_word' id='word_1_310' title='bbox 664 3760 719 3812; x_wconf 85' lang='lat' dir='ltr'><strong>thet</strong></span> <span class='ocrx_word' id='word_1_311' title='bbox 729 3761 827 3826; x_wconf 88' lang='lat' dir='ltr'><strong>portion</strong></span> <span class='ocrx_word' id='word_1_312' title='bbox 837 3760 866 3810; x_wconf 79' lang='lat' dir='ltr'><strong>of</strong></span> <span class='ocrx_word' id='word_1_313' title='bbox 878 3760 921 3811; x_wconf 87' lang='lat' dir='ltr'><strong>the</strong></span> <span class='ocrx_word' id='word_1_314' title='bbox 932 3759 1042 3821; x_wconf 79' lang='lat' dir='ltr'><strong>Ohureh,</strong></span> <span class='ocrx_word' id='word_1_315' title='bbox 1052 3761 1135 3812; x_wconf 79' lang='lat' dir='ltr'><strong>which</strong></span> <span class='ocrx_word' id='word_1_316' title='bbox 1151 3760 1201 3812; x_wconf 82' lang='lat' dir='ltr'><strong>had</strong></span> <span class='ocrx_word' id='word_1_317' title='bbox 1217 3764 1305 3829; x_wconf 77' lang='lat' dir='ltr'><strong>passed</strong></span> 
     </span>
     <span class='ocr_line' id='line_1_35' title="bbox 99 3844 1303 3915; baseline 0.001 -15"><span class='ocrx_word' id='word_1_318' title='bbox 99 3850 156 3901; x_wconf 89' lang='lat' dir='ltr'><strong>into</strong></span> <span class='ocrx_word' id='word_1_319' title='bbox 168 3848 210 3900; x_wconf 82' lang='lat' dir='ltr'><strong>the</strong></span> <span class='ocrx_word' id='word_1_320' title='bbox 219 3864 313 3900; x_wconf 69' lang='lat' dir='ltr'><strong>unweu</strong></span> <span class='ocrx_word' id='word_1_321' title='bbox 323 3849 400 3899; x_wconf 81' lang='lat' dir='ltr'><strong>world</strong></span> <span class='ocrx_word' id='word_1_322' title='bbox 410 3849 472 3899; x_wconf 88' lang='lat' dir='ltr'><strong>such</strong></span> <span class='ocrx_word' id='word_1_323' title='bbox 482 3849 584 3899; x_wconf 81' lang='lat' dir='ltr'><strong>benefits</strong></span> <span class='ocrx_word' id='word_1_324' title='bbox 592 3847 621 3897; x_wconf 80' lang='lat' dir='ltr'><strong>ot</strong></span> <span class='ocrx_word' id='word_1_325' title='bbox 629 3844 758 3897; x_wconf 80' lang='lat' dir='ltr'><strong>Gnnrsr’e</strong></span> <span class='ocrx_word' id='word_1_326' title='bbox 766 3846 856 3905; x_wconf 83' lang='lat' dir='ltr'><strong>Denth,</strong></span> <span class='ocrx_word' id='word_1_327' title='bbox 863 3862 892 3897; x_wconf 83' lang='lat' dir='ltr'><strong>es</strong></span> <span class='ocrx_word' id='word_1_328' title='bbox 905 3846 983 3913; x_wconf 71' lang='lat' dir='ltr'><strong>(tlmir</strong></span> <span class='ocrx_word' id='word_1_329' title='bbox 991 3847 1105 3899; x_wconf 80' lang='lat' dir='ltr'><strong>ocntlicts</strong></span> <span class='ocrx_word' id='word_1_330' title='bbox 1119 3864 1177 3899; x_wconf 75' lang='lat' dir='ltr'><strong>oser</strong></span> <span class='ocrx_word' id='word_1_331' title='bbox 1187 3850 1237 3900; x_wconf 79' lang='lat' dir='ltr'><strong>and</strong></span> <span class='ocrx_word' id='word_1_332' title='bbox 1244 3850 1303 3915; x_wconf 82' lang='lat' dir='ltr'><strong>they</strong></span> 
     </span>
     <span class='ocr_line' id='line_1_36' title="bbox 101 3932 849 4001; baseline -0.001 -16"><span class='ocrx_word' id='word_1_333' title='bbox 101 3936 130 3986; x_wconf 88' lang='lat' dir='ltr'><strong>iu</strong></span> <span class='ocrx_word' id='word_1_334' title='bbox 141 3936 204 4001; x_wconf 82' lang='lat' dir='ltr'><strong>rest)</strong></span> <span class='ocrx_word' id='word_1_335' title='bbox 217 3950 280 3984; x_wconf 80' lang='lat' dir='ltr'><strong>were</strong></span> <span class='ocrx_word' id='word_1_336' title='bbox 292 3935 340 3985; x_wconf 90' lang='lat' dir='ltr'><strong>still</strong></span> <span class='ocrx_word' id='word_1_337' title='bbox 351 3935 516 3999; x_wconf 84' lang='lat' dir='ltr'><strong>spplicsbleto</strong></span> <span class='ocrx_word' id='word_1_338' title='bbox 524 3932 617 3984; x_wconf 85' lang='lat' dir='ltr'><strong>them.¹’</strong></span> <span class='ocrx_word' id='word_1_339' title='bbox 640 3933 723 3982; x_wconf 77' lang='lat' dir='ltr'><strong>Trect.</strong></span> <span class='ocrx_word' id='word_1_340' title='bbox 735 3936 777 3992; x_wconf 83' lang='lat'><strong>81,</strong></span> <span class='ocrx_word' id='word_1_341' title='bbox 789 3949 813 3999; x_wconf 89' lang='lat' dir='ltr'><strong>p.</strong></span> <span class='ocrx_word' id='word_1_342' title='bbox 826 3935 849 3984; x_wconf 82' lang='grc'><strong>6.</strong></span> 
     </span>
    </p>

    <p class='ocr_par' dir='ltr' id='par_1_14' title="bbox 99 4019 1305 4519">
     <span class='ocr_line' id='line_1_37' title="bbox 140 4019 1303 4088; baseline 0.003 -18"><span class='ocrx_word' id='word_1_343' title='bbox 140 4022 184 4088; x_wconf 80' lang='lat'><strong>(2)</strong></span> <span class='ocrx_word' id='word_1_344' title='bbox 203 4021 278 4087; x_wconf 82' lang='lat' dir='ltr'><strong>Apud</strong></span> <span class='ocrx_word' id='word_1_345' title='bbox 289 4020 471 4072; x_wconf 84' lang='lat' dir='ltr'><strong>Renrudotium</strong></span> <span class='ocrx_word' id='word_1_346' title='bbox 480 4029 498 4073; x_wconf 84' lang='lat' dir='ltr'><strong>t.</strong></span> <span class='ocrx_word' id='word_1_347' title='bbox 508 4021 524 4072; x_wconf 87' lang='grc' dir='ltr'><strong>ἰ.</strong></span> <span class='ocrx_word' id='word_1_348' title='bbox 535 4038 561 4087; x_wconf 91' lang='lat' dir='ltr'><strong>p.</strong></span> <span class='ocrx_word' id='word_1_349' title='bbox 572 4023 612 4070; x_wconf 77' lang='lat' dir='ltr'><strong>ta.</strong></span> <span class='ocrx_word' id='word_1_350' title='bbox 629 4020 699 4071; x_wconf 81' lang='lat' dir='ltr'><strong>Alias</strong></span> <span class='ocrx_word' id='word_1_351' title='bbox 710 4019 794 4070; x_wconf 71' lang='lat' dir='ltr'><strong>affine</strong></span> <span class='ocrx_word' id='word_1_352' title='bbox 805 4019 917 4084; x_wconf 64' lang='lat' dir='ltr'><strong>burgiae</strong></span> <span class='ocrx_word' id='word_1_353' title='bbox 926 4034 1136 4086; x_wconf 66' lang='lat' dir='ltr'><strong>umeneeeueum</strong></span> <span class='ocrx_word' id='word_1_354' title='bbox 1144 4028 1181 4073; x_wconf 89' lang='lat' dir='ltr'><strong>est</strong></span> <span class='ocrx_word' id='word_1_355' title='bbox 1193 4038 1252 4073; x_wconf 86' lang='lat' dir='ltr'><strong>nam</strong></span> <span class='ocrx_word' id='word_1_356' title='bbox 1264 4039 1303 4074; x_wconf 82' lang='lat' dir='ltr'><strong>res</strong></span> 
     </span>
     <span class='ocr_line' id='line_1_38' title="bbox 103 4107 1305 4174; baseline 0 -14"><span class='ocrx_word' id='word_1_357' title='bbox 103 4117 142 4160; x_wconf 81' lang='lat' dir='ltr'><strong>eet</strong></span> <span class='ocrx_word' id='word_1_358' title='bbox 152 4107 181 4159; x_wconf 89' lang='lat' dir='ltr'><strong>in</strong></span> <span class='ocrx_word' id='word_1_359' title='bbox 191 4108 316 4159; x_wconf 80' lang='lat' dir='ltr'><strong>confesso:</strong></span> <span class='ocrx_word' id='word_1_360' title='bbox 346 4108 450 4159; x_wconf 86' lang='lat' dir='ltr'><strong>“There</strong></span> <span class='ocrx_word' id='word_1_361' title='bbox 461 4108 483 4159; x_wconf 88' lang='lat' dir='ltr'><strong>ie</strong></span> <span class='ocrx_word' id='word_1_362' title='bbox 494 4125 541 4158; x_wconf 89' lang='lat' dir='ltr'><strong>one</strong></span> <span class='ocrx_word' id='word_1_363' title='bbox 551 4107 625 4173; x_wconf 81' lang='lat' dir='ltr'><strong>procl</strong></span> <span class='ocrx_word' id='word_1_364' title='bbox 631 4107 661 4158; x_wconf 79' lang='lat' dir='ltr'><strong>ct‘</strong></span> <span class='ocrx_word' id='word_1_365' title='bbox 668 4107 715 4158; x_wconf 76' lang='lat' dir='ltr'><strong>›the</strong></span> <span class='ocrx_word' id='word_1_366' title='bbox 731 4107 889 4174; x_wconf 76' lang='lat' dir='ltr'><strong>propitiatory</strong></span> <span class='ocrx_word' id='word_1_367' title='bbox 904 4114 992 4158; x_wconf 79' lang='lat' dir='ltr'><strong>nature</strong></span> <span class='ocrx_word' id='word_1_368' title='bbox 1009 4108 1037 4158; x_wconf 84' lang='lat' dir='ltr'><strong>ol</strong></span> <span class='ocrx_word' id='word_1_369' title='bbox 1049 4107 1091 4159; x_wconf 90' lang='lat' dir='ltr'><strong>the</strong></span> <span class='ocrx_word' id='word_1_370' title='bbox 1109 4107 1249 4171; x_wconf 82' lang='lat' dir='ltr'><strong>Eucharist,</strong></span> <span class='ocrx_word' id='word_1_371' title='bbox 1266 4126 1305 4160; x_wconf 82' lang='lat' dir='ltr'><strong>ac·</strong></span> 
     </span>
     <span class='ocr_line' id='line_1_39' title="bbox 100 4191 1302 4258; baseline 0 -14"><span class='ocrx_word' id='word_1_372' title='bbox 100 4192 293 4256; x_wconf 77' lang='lat' dir='ltr'><strong>oordiugtothe</strong></span> <span class='ocrx_word' id='word_1_373' title='bbox 303 4193 447 4244; x_wconf 87' lang='lat' dir='ltr'><strong>sentimeuts</strong></span> <span class='ocrx_word' id='word_1_374' title='bbox 457 4194 487 4244; x_wconf 82' lang='lat' dir='ltr'><strong>cs</strong></span> <span class='ocrx_word' id='word_1_375' title='bbox 499 4193 650 4244; x_wconf 82' lang='lat' dir='ltr'><strong>thenncient</strong></span> <span class='ocrx_word' id='word_1_376' title='bbox 665 4191 775 4253; x_wconf 81' lang='lat' dir='ltr'><strong>Ghurch,</strong></span> <span class='ocrx_word' id='word_1_377' title='bbox 792 4193 874 4242; x_wconf 67' lang='lat' dir='ltr'><strong>which</strong></span> <span class='ocrx_word' id='word_1_378' title='bbox 890 4193 943 4243; x_wconf 73' lang='lat' dir='ltr'><strong>vill</strong></span> <span class='ocrx_word' id='word_1_379' title='bbox 953 4193 984 4243; x_wconf 89' lang='lat' dir='ltr'><strong>be</strong></span> <span class='ocrx_word' id='word_1_380' title='bbox 1001 4192 1107 4256; x_wconf 78' lang='lat' dir='ltr'><strong>thought</strong></span> <span class='ocrx_word' id='word_1_381' title='bbox 1122 4195 1168 4245; x_wconf 90' lang='lat' dir='ltr'><strong>but</strong></span> <span class='ocrx_word' id='word_1_382' title='bbox 1184 4196 1243 4258; x_wconf 86' lang='lat' dir='ltr'><strong>only</strong></span> <span class='ocrx_word' id='word_1_383' title='bbox 1260 4201 1302 4244; x_wconf 86' lang='lat' dir='ltr'><strong>too</strong></span> 
     </span>
     <span class='ocr_line' id='line_1_40' title="bbox 99 4277 1303 4349; baseline -0.001 -19"><span class='ocrx_word' id='word_1_384' title='bbox 99 4286 184 4349; x_wconf 58' lang='lat' dir='ltr'><strong>greatg</strong></span> <span class='ocrx_word' id='word_1_385' title='bbox 195 4277 243 4329; x_wconf 83' lang='lat' dir='ltr'><strong>eud</strong></span> <span class='ocrx_word' id='word_1_386' title='bbox 257 4278 311 4329; x_wconf 80' lang='lat' dir='ltr'><strong>thot</strong></span> <span class='ocrx_word' id='word_1_387' title='bbox 320 4278 343 4328; x_wconf 91' lang='lat' dir='ltr'><strong>is</strong></span> <span class='ocrx_word' id='word_1_388' title='bbox 352 4279 394 4328; x_wconf 85' lang='lat' dir='ltr'><strong>the</strong></span> <span class='ocrx_word' id='word_1_389' title='bbox 409 4278 536 4329; x_wconf 77' lang='lat' dir='ltr'><strong>devotione</strong></span> <span class='ocrx_word' id='word_1_390' title='bbox 554 4279 615 4329; x_wconf 85' lang='lat' dir='ltr'><strong>used</strong></span> <span class='ocrx_word' id='word_1_391' title='bbox 632 4278 660 4330; x_wconf 88' lang='lat' dir='ltr'><strong>iu</strong></span> <span class='ocrx_word' id='word_1_392' title='bbox 670 4278 712 4329; x_wconf 87' lang='lat' dir='ltr'><strong>the</strong></span> <span class='ocrx_word' id='word_1_393' title='bbox 728 4277 859 4340; x_wconf 77' lang='lat' dir='ltr'><strong>Liturgies,</strong></span> <span class='ocrx_word' id='word_1_394' title='bbox 870 4277 918 4328; x_wconf 83' lang='lat' dir='ltr'><strong>and</strong></span> <span class='ocrx_word' id='word_1_395' title='bbox 936 4292 964 4329; x_wconf 81' lang='lat' dir='ltr'><strong>eo</strong></span> <span class='ocrx_word' id='word_1_396' title='bbox 974 4277 1042 4328; x_wconf 73' lang='lat' dir='ltr'><strong>elien</strong></span> <span class='ocrx_word' id='word_1_397' title='bbox 1059 4278 1152 4342; x_wconf 77' lang='lat' dir='ltr'><strong>spoken</strong></span> <span class='ocrx_word' id='word_1_398' title='bbox 1168 4280 1198 4328; x_wconf 85' lang='lat' dir='ltr'><strong>ol</strong></span> <span class='ocrx_word' id='word_1_399' title='bbox 1209 4281 1242 4344; x_wconf 82' lang='lat' dir='ltr'><strong>hy</strong></span> <span class='ocrx_word' id='word_1_400' title='bbox 1259 4279 1303 4329; x_wconf 86' lang='lat' dir='ltr'><strong>the</strong></span> 
     </span>
     <span class='ocr_line' id='line_1_41' title="bbox 100 4363 1301 4430; baseline 0.001 -14"><span class='ocrx_word' id='word_1_401' title='bbox 100 4364 213 4426; x_wconf 85' lang='lat' dir='ltr'><strong>Fethers,</strong></span> <span class='ocrx_word' id='word_1_402' title='bbox 232 4365 259 4415; x_wconf 92' lang='lat' dir='ltr'><strong>in</strong></span> <span class='ocrx_word' id='word_1_403' title='bbox 277 4365 361 4414; x_wconf 85' lang='lat' dir='ltr'><strong>behell</strong></span> <span class='ocrx_word' id='word_1_404' title='bbox 374 4365 403 4414; x_wconf 81' lang='lat' dir='ltr'><strong>ol</strong></span> <span class='ocrx_word' id='word_1_405' title='bbox 415 4365 531 4417; x_wconf 83' lang='lat' dir='ltr'><strong>deceased</strong></span> <span class='ocrx_word' id='word_1_406' title='bbox 543 4365 619 4416; x_wconf 78' lang='lat' dir='ltr'><strong>scula.</strong></span> <span class='ocrx_word' id='word_1_407' title='bbox 652 4365 735 4415; x_wconf 82' lang='lat' dir='ltr'><strong>There</strong></span> <span class='ocrx_word' id='word_1_408' title='bbox 751 4365 780 4425; x_wconf 88' lang='lat' dir='ltr'><strong>is,</strong></span> <span class='ocrx_word' id='word_1_409' title='bbox 790 4365 804 4415; x_wconf 87' lang='grc'><strong>1</strong></span> <span class='ocrx_word' id='word_1_410' title='bbox 815 4379 930 4429; x_wconf 76' lang='lat' dir='ltr'><strong>suppose,</strong></span> <span class='ocrx_word' id='word_1_411' title='bbox 940 4380 976 4416; x_wconf 86' lang='lat' dir='ltr'><strong>nc</strong></span> <span class='ocrx_word' id='word_1_412' title='bbox 992 4363 1099 4430; x_wconf 79' lang='lat' dir='ltr'><strong>Litrugy</strong></span> <span class='ocrx_word' id='word_1_413' title='bbox 1110 4364 1216 4416; x_wconf 83' lang='lat' dir='ltr'><strong>without</strong></span> <span class='ocrx_word' id='word_1_414' title='bbox 1233 4365 1301 4417; x_wconf 89' lang='lat' dir='ltr'><strong>them</strong></span> 
     </span>
     <span class='ocr_line' id='line_1_42' title="bbox 101 4449 1303 4519; baseline 0 -17"><span class='ocrx_word' id='word_1_415' title='bbox 101 4451 154 4502; x_wconf 81' lang='lat' dir='ltr'><strong>and</strong></span> <span class='ocrx_word' id='word_1_416' title='bbox 163 4450 207 4502; x_wconf 90' lang='lat' dir='ltr'><strong>the</strong></span> <span class='ocrx_word' id='word_1_417' title='bbox 217 4450 321 4501; x_wconf 76' lang='lat' dir='ltr'><strong>Fethers</strong></span> <span class='ocrx_word' id='word_1_418' title='bbox 331 4451 468 4516; x_wconf 82' lang='lat' dir='ltr'><strong>frequently</strong></span> <span class='ocrx_word' id='word_1_419' title='bbox 479 4453 557 4519; x_wconf 81' lang='lat' dir='ltr'><strong>epenk</strong></span> <span class='ocrx_word' id='word_1_420' title='bbox 567 4451 598 4501; x_wconf 74' lang='lat' dir='ltr'><strong>cl</strong></span> <span class='ocrx_word' id='word_1_421' title='bbox 603 4449 693 4501; x_wconf 80' lang='lat' dir='ltr'><strong>thenn’&#39;</strong></span> <span class='ocrx_word' id='word_1_422' title='bbox 709 4450 832 4508; x_wconf 78' lang='lat' dir='ltr'><strong>Johnson,</strong></span> <span class='ocrx_word' id='word_1_423' title='bbox 841 4449 907 4516; x_wconf 73' lang='lat' dir='ltr'><strong>apud</strong></span> <span class='ocrx_word' id='word_1_424' title='bbox 915 4451 1079 4512; x_wconf 75' lang='lat' dir='ltr'><strong>Oxouimees,</strong></span> <span class='ocrx_word' id='word_1_425' title='bbox 1086 4457 1150 4502; x_wconf 82' lang='lat' dir='ltr'><strong>tract</strong></span> <span class='ocrx_word' id='word_1_426' title='bbox 1158 4454 1200 4502; x_wconf 90' lang='grc'><strong>81.</strong></span> <span class='ocrx_word' id='word_1_427' title='bbox 1208 4467 1233 4518; x_wconf 86' lang='lat' dir='ltr'><strong>p.</strong></span> <span class='ocrx_word' id='word_1_428' title='bbox 1242 4453 1303 4502; x_wconf 79' lang='lat'><strong>84⁰.</strong></span> 
     </span>
    </p>

    <p class='ocr_par' dir='ltr' id='par_1_15' title="bbox 139 4534 397 4605">
     <span class='ocr_line' id='line_1_43' title="bbox 139 4534 397 4605; baseline 0 -19"><span class='ocrx_word' id='word_1_429' title='bbox 139 4534 184 4605; x_wconf 78' lang='grc'><strong>(3)</strong></span> <span class='ocrx_word' id='word_1_430' title='bbox 204 4536 234 4587; x_wconf 91' lang='lat' dir='ltr'><strong>L.</strong></span> <span class='ocrx_word' id='word_1_431' title='bbox 246 4537 276 4586; x_wconf 92' lang='lat' dir='ltr'><strong>de</strong></span> <span class='ocrx_word' id='word_1_432' title='bbox 287 4554 337 4588; x_wconf 87' lang='lat' dir='ltr'><strong>cor.</strong></span> <span class='ocrx_word' id='word_1_433' title='bbox 345 4537 397 4587; x_wconf 88' lang='lat' dir='ltr'><strong>mil.</strong></span> 
     </span>
    </p>

    <p class='ocr_par' dir='ltr' id='par_1_16' title="bbox 140 4622 738 4750">
     <span class='ocr_line' id='line_1_44' title="bbox 140 4622 738 4750; baseline 0.003 -77"><span class='ocrx_word' id='word_1_434' title='bbox 140 4625 185 4691; x_wconf 87' lang='grc'><strong>(4)</strong></span> <span class='ocrx_word' id='word_1_435' title='bbox 204 4623 234 4676; x_wconf 91' lang='lat' dir='ltr'><strong>L.</strong></span> <span class='ocrx_word' id='word_1_436' title='bbox 244 4623 306 4691; x_wconf 83' lang='lat' dir='ltr'><strong>iep.</strong></span> <span class='ocrx_word' id='word_1_437' title='bbox 317 4622 353 4673; x_wconf 88' lang='lat' dir='ltr'><strong>ix.</strong></span> <span class='ocrx_word' id='word_1_438' title='bbox 364 4622 425 4673; x_wconf 79' lang='lat' dir='ltr'><strong>alius</strong></span> <span class='ocrx_word' id='word_1_439' title='bbox 435 4622 543 4689; x_wconf 70' lang='lat' dir='ltr'><strong>sptxvt</strong></span> <span class='ocrx_word' id='word_1_440' title='bbox 679 4694 738 4750; x_wconf 65' lang='lat' dir='ltr'><em>w</em></span> 
     </span>
    </p>
   </div>
   <div class='ocr_carea' id='block_1_8' title="bbox 0 0 1410 5062">
    <p class='ocr_par' dir='ltr' id='par_1_17' title="bbox 0 0 1410 5062">
     <span class='ocr_line' id='line_1_45' title="bbox 0 0 1410 5062; baseline 0 0"><span class='ocrx_word' id='word_1_441' title='bbox 0 0 1410 5062; x_wconf 95' lang='lat' dir='ltr'><strong> </strong></span> 
     </span>
    </p>
   </div>
  </div>
 </body>
</html>
