2774 5056
260 324 325 390 ΒΕ
348 329 454 400 AQUA
475 331 527 390 AD
549 327 795 390 BAP'l'ISMUM
817 329 1089 390 uscssstssrh
1221 333 1274 397 ,37

87 490 208 550 mandato
223 491 394 550 adhibenda
415 501 467 558 est,
489 490 534 548 cui
554 490 618 548 ritui
640 489 701 566 ipse
726 488 860 547 adnexuit
880 489 1011 550 muntem
1032 489 1109 549 illam
1130 487 1274 548 caelestem

90 591 237 650 mundandi
255 592 393 649 animam.
434 590 548 649 Nullius
563 588 635 647 soret
646 589 792 653 momenti,
804 588 859 645 nisi
874 606 939 645 eurn
954 587 1017 664 ipse
1027 589 1164 664 jussisset
1174 587 1277 646 sacien-

91 689 164 748 dum:
185 689 244 747 sed
255 691 321 766 jarn
331 689 434 747 summi
445 699 489 745 est
503 686 648 754 momenti,
659 705 745 758 quum
761 685 875 743 nonnisi
889 684 1087 762 amplectendo
1097 705 1161 759 quae
1172 686 1279 762 praebet

93 787 164 844 uobis
177 785 285 843 salutis
302 785 435 852 subsidia,
448 784 591 860 possimus
606 783 722 860 gratiam
738 782 862 856 assequi.
904 783 973 840 Non
987 780 1095 858 indiget
1109 783 1163 840 ritu
1183 781 1278 854 aliquo

93 881 207 958 Spiritus
223 882 363 947 Sanctus,
377 900 434 954 quo
457 879 531 938 dona
550 899 602 936 sua
628 879 823 955 impertiatur:
850 877 902 936 sed
922 878 1135 954 sapientissimo
1158 878 1279 936 consilio

96 978 181 1036 ritibus
196 979 374 1052 quibusdam
386 980 442 1036 vim
458 976 568 1042 indidit,
589 988 619 1034 ut
639 977 770 1034 homines
791 975 977 1033 instrumenta
1002 984 1032 1032 et
1052 975 1170 1052 pignora
1184 977 1280 1052 gratis.

98 1073 232 1134 heberent.

131 1177 174 1231 56.
199 1170 333 1251 (lujat.
356 1171 471 1231 “Unus
496 1171 649 1244 Dominus,
678 1188 736 1228 una
763 1168 844 1237 fides,
868 1187 958 1228 unum
984 1166 1172 1246 baptisma,”²
1199 1168 1282 1244 juxta

100 1270 270 1347 Apostolum.
314 1270 373 1328 Sed
388 1270 443 1328 duo
457 1281 540 1328 erunt
552 1269 730 1346 baptismata,
743 1269 768 1326 si
779 1268 883 1326 ablutio
895 1286 968 1342 aqua
979 1267 1037 1336 fiat,
1053 1267 1162 1345 Spiritu
1174 1269 1280 1326 Sancto

100 1363 206 1424 interius
221 1368 347 1425 animam
362 1366 503 1424 abluente.

62 1476 65 1487 '
133 1462 216 1542 Resp.
238 1465 386 1522 Mensem
399 1465 529 1540 Apostoli
544 1461 723 1520 Christianos
744 1480 844 1521 ornnes
859 1462 980 1521 eundem
996 1463 1089 1521 colere
1110 1463 1280 1530 Dominum,

102 1559 210 1618 candem
235 1562 362 1637 profiteri
387 1561 485 1627 fidem,
506 1572 534 1618 et
555 1559 655 1618 eodem
670 1559 744 1616 ablui
766 1558 885 1617 lavacro.
928 1559 1054 1618 Unicum
1069 1569 1112 1618 est
1132 1561 1282 1638 baptisma,

105 1657 196 1716 ablutio
207 1658 319 1716 scilicet
327 1677 406 1731 aqua
419 1658 501 1725 sacta,
516 1658 652 1715 invocatis
667 1657 761 1724 Patre,
777 1657 861 1725 Filio,
877 1666 905 1714 et
919 1657 1026 1734 Spiritu
1042 1658 1157 1716 Sancto.
1199 1657 1284 1726 Quod

104 1753 302 1813 interiussimul
314 1757 442 1813 abluatur
453 1757 545 1814 anima
557 1754 680 1831 Spiritus
693 1753 790 1811 Sancti
803 1754 901 1830 gratia,
914 1764 957 1811 est
966 1754 1141 1830 baptismatis
1154 1754 1284 1821 effectus,

106 1870 181 1924 quem
195 1853 327 1910 Christus
343 1853 486 1911 Dominus
501 1863 618 1910 externo
633 1850 674 1909 illi
695 1851 761 1910 ritui
776 1850 909 1927 alligavit.
951 1851 1096 1928 Baptizari
1112 1864 1204 1910 autern
1220 1854 1284 1926 quis

106 1948 202 2025 Spiritu
222 1951 328 2008 Sancto
345 1949 448 2007 dicitur
468 1968 553 2006 sensu
576 1950 717 2017 translato,
738 1966 791 2005 nec
812 1948 890 2006 enirn
909 1948 998 2006 abluit
1018 1949 1140 2025 Spiritus
1163 1951 1284 2008 Sanctus

107 2044 226 2113 animam,
242 2056 326 2123 prout
340 2057 443 2104 sonant
458 2045 554 2113 verba,
570 2045 620 2102 sed
642 2045 713 2104 tollit
738 2056 895 2122 peccatum,
910 2054 939 2103 et
954 2047 1076 2104 animam
1098 2045 1193 2114 efficit,
1209 2047 1285 2106 dono

108 2142 200 2218 gratias,
212 2141 276 2200 Deo
290 2151 446 2218 acceptam.

140 2242 180 2298 di.
205 2237 270 2318 ij.
286 2243 337 2296 25.
360 2239 524 2314 Baptismus
539 2257 612 2311 aqua
626 2238 742 2295 collatus
758 2237 898 2295 aloanne
913 2239 1003 2314 figura
1017 2237 1069 2296 fuit
1083 2236 1193 2297 Christi
1214 2241 1282 2317 bap·

110 2333 223 2407 domatio,
237 2337 283 2394 cui
298 2335 417 2413 proinde
430 2335 532 2394 cedere
547 2335 638 2392 debet.
681 2335 760 2411 Ergo
776 2333 891 2393 Christo
907 2335 1068 2411 baptizante
1088 2337 1150 2412 jam
1173 2337 1282 2413 Spiritu

112 2431 210 2499 Sancto,
225 2433 309 2490 desiit
323 2433 487 2508 Baptismus
504 2450 586 2504 aqua.

140 2526 219 2606 Resp.
241 2529 335 2595 Quam
361 2529 478 2585 faciebat
499 2528 625 2586 Joannes
647 2529 724 2600 aqud
750 2525 864 2591 ablutio,
885 2543 921 2582 eo
944 2524 1064 2582 consilio
1087 2536 1130 2584 est
1152 2526 1234 2597 lacta,
1253 2540 1286 2588 ut

113 2622 224 2684 homines
236 2625 402 2704 poenitendo
417 2626 518 2684 animae
534 2624 699 2683 munditiem
713 2633 879 2697 quererent,
894 2635 923 2680 et
943 2623 981 2681 ita
994 2635 1157 2700 pararentur
1172 2624 1281 2684 Christi

114 2718 238 2780 adventui.
281 2723 376 2780 Desiit
391 2722 437 2779 ille
452 2723 532 2790 ritus,
549 2720 847 2798 postquamChristus
863 2721 940 2777 misit
959 2720 1112 2797 Apostolos
1127 2722 1156 2779 in
1170 2725 1282 2780 univer·
1376 2793 1378 2799 Ι

114 2832 164 2875 sum
176 2818 322 2886 mundllm,
337 2802 473 2877 mahdans
496 2828 527 2875 nt
546 2819 730 2895 baptizarent,
752 2817 845 2875 Patris
859 2829 888 2873 et
907 2816 975 2874 Filii
990 2829 1018 2874 et
1038 2817 1161 2893 Spiritus
1184 2820 1282 2877 Sancti

114 2913 155 2970 sub
166 2915 349 2973 invocatione.
391 2915 505 2972 Ablutio
520 2913 635 2987 quidem
650 2919 725 2986 aquit
736 2913 796 2970 heri
813 2931 870 2969 non
885 2912 977 2980 desiit,
991 2911 1040 2969 sed
1056 2930 1093 2969 ex
1106 2914 1284 2974 invocatione

113 3011 207 3082 patebat
220 3011 390 3078 discrimem
415 3022 444 3067 et
465 3010 584 3068 effectus
603 3011 690 3087 longe
712 3009 887 3085 praestantior
907 3007 972 3066 inde
996 3010 1174 3082 sequebatur.
1204 3011 1285 3093 ‘Ideo

115 3116 191 3167 autem
204 3129 285 3167 suum
307 3110 482 3185 baptismum
505 3109 650 3182 aqnafieri
672 3107 743 3165 dixit
762 3106 898 3174 Joannes‚
915 3106 1063 3166 Christum
1085 3107 1151 3166 verd
1176 3109 1284 3186 Spiritu

115 3201 201 3264 Sancto
215 3207 434 3283 baptizaturum.
453 3206 578 3263 utillum
593 3206 686 3262 omnis
701 3204 796 3280 gratiae
811 3215 975 3280 agnosceret
989 3214 1142 3274 auctorem,
1158 3207 1283 3265 animos·

115 3316 157 3372 que
169 3304 297 3362 eveheret
311 3302 345 3360 ad
361 3302 579 3360 desiderandum
595 3303 766 3379 baptismum
781 3313 839 3359 tam
855 3301 939 3377 longe
954 3321 1007 3359 suo
1023 3303 1243 3379 praecellentem.

146 3404 185 3458 58.
210 3400 276 3480 Obj.
291 3403 341 3458 26.
363 3400 525 3475 Baptismus
540 3419 613 3472 aqna
635 3409 694 3457 erat
715 3399 789 3476 apud
810 3398 927 3457 Judaeos
950 3398 1019 3456 ritus
1040 3399 1167 3456 initiandi
1189 3420 1284 3476 prose·

116 3492 183 3570 lyra,
198 3516 282 3572 quern
304 3498 339 3554 ab
360 3497 549 3556 Ethnicorurn
570 3498 657 3554 sacris
672 3496 792 3558 mutuati
805 3495 945 3553 ridentur.
987 3495 1099 3552 Morem
1122 3495 1201 3554 illurn
1222 3499 1283 3575 jam

116 3589 238 3667 uorum
251 3593 286 3652 ad
302 3605 414 3670 tempus
429 3603 576 3653 servarunt
588 3593 729 3670 Apostoli,
741 3603 773 3650 ut
793 3591 845 3648 hos
860 3589 894 3648 ad
910 3589 1019 3647 Christi
1042 3590 1149 3650 cultum
1171 3593 1282 3655 facilius

116 3688 283 3749 traducerent.

146 3783 224 3866 Hesp.
246 3787 332 3847 Docti
347 3787 477 3845 homines
492 3787 528 3845 de
543 3806 620 3845 more
635 3787 684 3844 illo
705 3784 873 3861 disceptant,
888 3794 981 3842 utrum
1001 3793 1065 3842 ante
1081 3783 1190 3845 Christi
1211 3799 1282 3868 tepr-

116 3898 172 3957 pora
182 3886 310 3952 extiterit,
326 3884 371 3942 vel
385 3884 621 3943 seriusinductus
635 3884 681 3941 sit.
723 3883 805 3949 Quod
820 3884 845 3940 si
860 3884 1004 3958 Spencero
1018 3869 1147 3942 asseriiiri
1161 3887 1282 3948 velimus

62 4012 70 4041 ;-
116 3978 245 4042 affirmanti
271 4002 338 4041 eum
368 3984 446 4060 prius
472 3983 626 4050 extitisse,⁸
651 3999 831 4053 nequaquam
856 3978 1067 4061 concedendurn
1095 3991 1140 4039 est
1165 3983 1281 4046 Judaeos

116 4072 296 4148 Ethnicorum,
311 4099 462 4154 equorum
478 4080 663 4138 abhorrebant
677 4078 812 4145 moribus,
827 4079 910 4136 ritum
925 4086 1065 4136 mutuatos
1080 4096 1153 4136 esse.
1185 4083 1282 4148 Quum

116 4169 218 4236 lotiones
230 4179 359 4256 plurimae
372 4177 435 4254 lege
451 4178 707 4258 praescriberentur,
723 4174 789 4232 inde
803 4175 872 4232 ritus
895 4173 1055 4251 baptizandi
1071 4177 1240 4253 proselytae,
1255 4183 1281 4238 si

119 4271 215 4341 quidem
227 4275 358 4343 extiterit,
372 4274 541 4352 repetendus
556 4283 610 4342 est,
624 4282 655 4330 ut
665 4272 775 4329 scilicet
788 4269 956 4329 munditiem
971 4270 1026 4328 illis
1041 4272 1279 4333 commendarent.

263 4469 306 4620 gl
324 4467 461 4618 Sdrllidelbld
468 4550 499 4601 dc
509 4549 602 4613 legibus
613 4547 770 4598 Hebreorum
780 4544 913 4606 ritualibus,
922 4545 938 4595 l.
949 4545 980 4594 iv.
993 4560 1014 4592 c.
1025 4544 1077 4593 xiii.

221 4637 292 4700 Vor..
312 4639 428 4699 lli-4
