2774 5056
128 117 189 177 ddi
446 113 503 175 Du
517 113 745 179 saulumcu
766 114 994 177 vumera.

128 286 183 343 est,
197 283 293 335 muron
308 273 338 333 in
351 272 442 333 torma
452 272 529 333 sarri
541 274 713 335 sacrificinm
727 274 828 334 maluit
841 293 906 334 essa
922 293 1008 348 quam
1020 293 1149 347 sumere,
1162 296 1201 338 rre
1216 280 1330 341 valliae

128 372 280 433 occasione
295 371 447 446 qnisquam
460 371 637 433 existimaret
648 372 767 431 cuilibet
775 371 993 433 medicandum
1003 391 1068 432 esse
1081 385 1231 435 creaturis.
1273 378 1332 437 Per

129 471 186 530 hoc
199 483 228 529 et
242 470 382 530 Sacerdos
396 478 450 538 cst,
476 462 696 548 ipss'offcrena,
709 471 773 548 ipse
794 481 824 530 ct
835 471 950 530 oblatio.
992 471 1087 550 Cujus
1103 474 1146 531 rei
1161 475 1332 535 Sacramen-

129 579 187 628 tum
204 587 413 634 onomorarrmr
425 587 618 628 essarrorum
639 568 799 629 uocem
821 569 1037 628 Sacarrrcrmr:
1060 589 1124 644 qum
1148 591 1216 631 cum
1238 574 1332 650 ipsius

128 670 229 747 capitia
244 687 349 746 corpus
359 670 407 737 sit,
419 687 451 728 se
466 670 559 745 ipsam
574 669 731 746 peripsum
753 667 839 726 discit
851 667 964 727 offerre.
1006 668 1104 747 Hujus
1116 671 1177 729 veri
1192 672 1330 732 sacrificii

128 767 298 844 multiplicia
311 767 444 840 variaque
458 767 540 844 signa
553 776 633 825 erant
642 764 781 825 sacrificia
793 766 888 842 prisca
901 775 1074 834 sauctorum,
1085 785 1153 826 com
1164 767 1222 827 hoc
1236 787 1328 830 unum

128 866 278 945 permulta
292 866 467 943 figuraretur,
483 876 627 938 tamquam
648 864 740 923 verbis
764 865 861 922 multis
889 883 934 922 res
956 884 1012 923 una
1037 865 1189 935 diceretur,
1212 876 1245 926 ut
1267 869 1338 928 sino

127 968 241 1027 fmtidio
255 968 376 1027 multum
391 965 647 1026 commendaretur.
691 964 769 1024 Huic
789 982 903 1024 summo
919 983 1043 1039 veroque
1061 964 1208 1025 sacrificio
1222 979 1328 1026 cuncta

127 1066 266 1126 sacrificia
280 1065 351 1123 salsa
362 1063 557 1125 cesserunt.”¹

167 1171 216 1226 87.
239 1165 270 1224 S.
286 1165 440 1225 Curianus
455 1166 712 1224 murmuramus:
729 1161 939 1221 “incruentam
951 1161 1128 1220 celebramus
1143 1162 1174 1221 in
1186 1162 1344 1225 Ecclesiit

127 1263 259 1322 sacrificii
275 1261 487 1321 servitutem.'’s

166 1364 215 1419 38.
237 1360 269 1417 S.
284 1359 459 1418 Gauooarus
475 1344 605 1416 Maanna
619 1355 655 1414 de
666 1342 772 1415 Cassio
785 1355 925 1434 episcopo
937 1355 1094 1415 Narniensi
1114 1355 1206 1416 dicit:
1230 1366 1251 1396 ⁸⁶
1263 1376 1350 1432 quo·

127 1457 265 1517 tidianum
297 1456 399 1516 offerre
430 1465 616 1515 consueverat
643 1455 708 1514 Deo
728 1454 910 1524 sacrificinm,
931 1473 1021 1529 seque
1043 1455 1073 1514 in
1087 1455 1226 1533 lacrymis
1251 1458 1328 1517 intor

128 1555 193 1632 ipsa
203 1553 411 1619 sacrificiorum
418 1571 520 1611 arcana
532 1552 718 1611 mactabat.’'⁸

167 1655 215 1717 ³9.
239 1652 353 1711 Fatetur
377 1651 531 1710 Forbesius
560 1651 659 1710 Patres
680 1650 840 1728 saepissime
867 1647 962 1708 dicere
986 1650 1082 1729 ipsum
1097 1669 1205 1729 corpus
1220 1651 1343 1712 obruti

126 1749 224 1810 offerri
240 1760 269 1808 st
282 1749 424 1809 immolari
438 1750 468 1808 in
482 1749 662 1817 eucharistia,
675 1747 866 1822 quod-trustra
878 1757 996 1807 conatur
1008 1747 1044 1806 ad
1057 1748 1191 1808 latiorem
1205 1766 1326 1810 sensum

128 1847 288 1907 reducere.⁴

166 1944 319 2004 Probatur
339 1941 389 2002 VI.
402 1959 439 2001 aa
452 1941 616 2021 Litai-giis.

165 2042 302 2120 Liturgiae
316 2040 451 2118 preclara
469 2051 537 2099 suut
550 2051 736 2101 monumenta
749 2048 868 2099 vetustas
890 2047 919 2098 et
932 2039 1103 2098 universalis
1124 2039 1195 2099 fidei
1208 2041 1247 2101 de
1262 2060 1339 2102 voro

127 2139 272 2198 sacrificio
285 2136 485 2196 eucharistico.
1206 2174 1208 2179 -
1244 2178 1248 2183 -

165 2241 216 2296 40.
243 2237 275 2294 S.
303 2234 404 2294 Jacobi
428 2233 567 2312 Liturgia,
583 2234 669 2311 juxta
687 2233 817 2293 codicem
838 2252 924 2308 quem
946 2252 1005 2310 pne
1020 2234 1153 2293 manibus
1167 2235 1346 2296 habueruut

126 2332 248 2393 editores
262 2333 440 2392 bibliotheca
455 2342 581 2390 veterum
596 2332 726 2400 Patrum,
736 2332 765 2390 in
776 2332 903 2390 oratione
917 2331 1003 2391 habet
1015 2331 1079 2391 baec
1092 2332 1181 2391 verba
1193 2352 1203 2392 r
1216 2343 1238 2372 ⁴⁶
1252 2334 1349 2394 Deus

128 2472 262 2491 .....
284 2450 320 2489 ne
335 2432 472 2490 aversaris
486 2449 539 2489 uos
554 2441 729 2508 peccatores,
745 2429 899 2489 verendum
912 2430 1011 2489 hocet
1026 2431 1210 2492 incruentum
1224 2435 1350 2493 sacrifi·

126 2527 202 2583 cium
215 2536 393 2584 attrectantes
407 2525 437 2594 ;’'
460 2525 536 2598 quod
552 2526 625 2602 apud
642 2527 801 2584 Eusebium
823 2526 1037 2585 Renaudotium
1052 2525 1180 2586 redditur
1196 2549 1204 2586 :
1228 2538 1250 2567 ‘⁶
1265 2529 1348 2590 dum

127 2623 298 2681 sacrificium
326 2623 381 2681 hoc
402 2623 547 2700 spirituale
568 2634 597 2681 et
617 2624 796 2682 incruentum
810 2624 1020 2682 celebramus.”
1064 2624 1225 2693 Diaconus,
1244 2629 1346 2705 juxta

126 2722 250 2796 priorem
266 2719 404 2787 codicem,
421 2721 559 2797 populum
572 2721 605 2779 ad
620 2723 803 2779 attentionem
825 2724 949 2780 excitat:
974 2723 1102 2781 “attenti
1117 2724 1211 2781 simus
1226 2724 1347 2784 divine

127 2816 262 2875 oblationi
273 2816 304 2885 ;’'
320 2819 349 2874 iu
360 2818 446 2875 altero
460 2818 574 2876 codice:
599 2829 618 2854 “
631 2836 697 2875 ecce
712 2819 816 2877 oblatio
830 2819 949 2879 insertur
963 2829 992 2878 st
1018 2821 1152 2898 majestas
1166 2818 1349 2882 exoritur.''

128 2916 200 2976 Post
220 2919 365 2976 recitatam
379 2917 565 2975 institutionis
579 2917 665 2994 hujus
691 2919 823 2976 sacrificii
843 2918 1002 2987 historiam,
1020 2919 1129 2996 populo
1144 2920 1344 2988 acclamante,

125 3012 225 3072 umen
239 3014 372 3073 sacerdos
394 3024 542 3093 precatur:
566 3024 585 3051 ‘⁶
599 3014 756 3073 Offerimus
771 3016 821 3073 tibi
836 3015 961 3074 Domine
976 3015 1032 3074 hoc
1053 3017 1230 3077 sacrificium
1246 3037 1340 3078 reue·

125 3111 244 3172 randum
260 3125 288 3172 et
301 3114 480 3172 incruentum
492 3109 521 3181 ;'’
543 3113 573 3171 iu
594 3114 682 3173 altero
696 3113 794 3172 codice
811 3135 818 3172 :
842 3123 862 3150 “
877 3114 1001 3172 terribile
1015 3124 1044 3172 et
1057 3115 1242 3177 incruentum
1255 3120 1285 3187 ς’
1304 3125 1341 3174 et

126 3213 219 3288 pergit
231 3231 310 3270 orare
322 3230 374 3288 pro
388 3211 460 3268 vivis
472 3220 501 3268 et
514 3210 664 3269 defunctis.

165 3310 216 3365 41.
231 3307 264 3365 in
278 3308 308 3365 S.
325 3307 417 3365 Marci
432 3306 560 3385 Liturgia
570 3305 637 3364 dum
654 3305 793 3364 Sacerdos
809 3305 966 3383 ingreditur
980 3305 1014 3364 ad
1026 3306 1123 3375 altare,
1138 3319 1219 3368 orat:
1237 3319 1257 3347 ‘⁴
1271 3309 1329 3368 Do·

126 3402 214 3469 mine,
229 3404 292 3477 ipse
307 3421 360 3460 nos
373 3403 529 3471 sanctifica,
541 3421 651 3476 nosque
666 3402 782 3479 dignare
796 3402 944 3460 tremendo
958 3411 1009 3460 tuo
1023 3402 1197 3474 sacerdotio,
1219 3419 1324 3480 nosque

127 3496 196 3555 siste
209 3498 370 3557 venerando
384 3500 462 3558 altari
477 3499 559 3558 tuo.”
601 3500 635 3558 In
650 3500 814 3576 praesatione
829 3499 949 3558 dicitur:
972 3499 1156 3559 “offerimus
1178 3499 1323 3562 rationaii

75 3604 96 3653 'J
125 3594 184 3653 lem
212 3603 240 3652 et
267 3597 441 3655 incruentam
468 3599 581 3667 adspersa
605 3616 656 3655 seu
682 3598 855 3656 oblationem
880 3597 964 3666 hauc,
990 3617 1076 3672 quam
1116 3598 1243 3659 offerunt
1267 3595 1310 3657 tib'

127 3692 264 3760 Domine,
280 3713 380 3752 omnes
396 3707 495 3772 gentes
507 3695 541 3751 ab
556 3705 617 3752 ortu
633 3695 703 3753 solis
715 3715 806 3770 usque
821 3696 856 3755 ad
871 3715 1024 3766 occasum;
1054 3716 1070 3753 a
1085 3698 1278 3774 septentrione
1288 3690 1315 3752 ad

126 3788 275 3850 meridiem
288 3810 296 3847 r
312 3793 377 3863 quia
388 3811 521 3870 magnum
533 3811 637 3850 nomen
653 3806 731 3853 tuum
746 3797 774 3852 iu
788 3796 921 3853 omnibus
934 3795 1076 3872 gentibus,
1087 3804 1116 3852 et
1128 3795 1158 3854 in
1170 3796 1248 3853 omni
1261 3794 1312 3851 loco
1384 3843 1387 3852 .

126 3889 275 3947 incensum
291 3887 407 3946 offertur
432 3888 542 3947 nomini
564 3903 661 3948 sancto
683 3903 742 3960 tuo,
758 3904 786 3949 et
799 3892 983 3960 sacrificium,
998 3903 1028 3949 et
1042 3891 1183 3949 oblatio.”
1225 3891 1310 3948 Sacer·

159 4047 204 4113 (l)
223 4044 254 4094 L.
266 4060 291 4095 x.
302 4045 333 4094 dc
344 4045 390 4095 cir.
399 4045 447 4096 Dei
457 4064 478 4098 c.
488 4065 533 4099 xx.

161 4134 204 4201 (2)
224 4133 273 4198 Ep.
285 4133 316 4183 ad
328 4133 479 4185 Nestorium.

162 4220 204 4284 (3l
224 4219 321 4282 Dialog.
333 4219 349 4268 l.
361 4219 394 4268 iv.
405 4235 426 4268 c.
436 4219 476 4269 lvi.

161 4304 204 4372 (4)
223 4312 238 4336 ‘⁴
246 4306 302 4355 The
311 4305 369 4369 hoiy
381 4304 485 4355 Fathers
506 4324 561 4372 rer>⁷
574 4308 641 4358 often
658 4323 701 4371 say
714 4305 767 4356 that
783 4307 824 4356 tho
844 4323 903 4373 very
915 4307 987 4374 Body
999 4308 1028 4358 oi
1047 4307 1133 4360 Christ
1143 4308 1165 4359 is
1176 4307 1258 4359 offered
1272 4297 1308 4352 wi

125 4392 248 4442 sacrificcd
260 4392 287 4442 in
297 4393 339 4442 the
350 4391 490 4453 Eucharist,
501 4410 529 4442 as
540 4395 561 4444 is
572 4396 638 4444 clear
649 4397 710 4444 from
722 4395 809 4443 almost
817 4395 985 4445 innumerabis
992 4395 1131 4461 passage&
1158 4397 1246 4448 Forbss
1256 4389 1306 4450 0⁰1¹·

123 4477 282 4528 siderationes
293 4479 411 4529 Modestis
423 4480 439 4530 l.
448 4479 483 4530 iii.
494 4497 515 4531 o.
528 4480 543 4531 i.
555 4497 579 4546 p.
590 4483 649 4531 451.
660 4480 723 4545 apud
736 4481 891 4532 Oxonienses
899 4490 961 4534 tract
972 4485 1004 4532 30
1013 4499 1037 4549 p.
1050 4485 1106 4534 109.
