2774 5056
379 324 437 386 DE
458 324 735 387 sennensium
756 326 958 390 RATIONE.
1212 337 1272 394 287

67 493 101 545 et
112 483 303 558 sinumsqua
314 484 484 545 mixtum.”²
523 484 729 545 Roseumiiller
741 503 779 545 ex
792 485 998 545 consuetudine
1010 486 1178 549 iudeorum
1191 490 1272 550 idern

67 579 180 639 infert:
203 589 223 617 “
232 580 322 640 fnisse
334 591 428 642 eutem
441 582 471 641 in
485 599 522 641 eo
535 581 624 641 calice
637 582 735 641 sinum
745 600 819 656 aqna
832 592 1027 660 temperatum,
1042 584 1127 645 docet
1139 605 1192 647 nos
1200 588 1273 647 liber

68 674 261 737 Mircbnciot
272 675 307 735 dc
320 677 518 738 benedictione
538 676 642 737 VII.”⁹
681 678 855 739 Bloomfield
875 679 944 738 dicit
956 679 1032 757 apud
1045 699 1145 741 omnes
1159 684 1188 743 in
1203 702 1270 744 con-

71 771 157 832 fesso
169 786 247 842 esse.
262 774 362 833 riuum
377 793 452 848 aqna
471 784 657 853 temperatum
684 794 760 844 esse,
781 795 947 850 moremque
967 776 1042 853 apud
1056 797 1109 836 nos
1130 792 1273 842 servatum

69 871 227 948 agnoscit.⁸
267 872 405 932 Rationes
419 873 457 933 ob
483 891 554 947 quas
576 891 650 947 aqua
670 873 853 933 admiscenda
863 884 908 933 cst
920 873 1026 933 indicat
1038 876 1191 936 concilium
1206 878 1272 938 Tri-

69 966 244 1029 dentiuum:
267 977 287 1006 ‘⁴
296 979 357 1029 tum
373 969 450 1043 quod
462 968 610 1030 Christum
621 969 779 1030 Dominum
792 971 832 1028 ita
844 970 948 1030 fecisse
959 971 1098 1040 credatur,
1110 984 1170 1032 tum
1184 973 1270 1033 etiam

67 1064 140 1138 quia
151 1064 263 1124 alatere
277 1066 342 1143 ejus
356 1084 431 1140 aqua
443 1066 530 1126 simul
543 1085 609 1126 cum
620 1069 758 1144 sanguine
770 1067 892 1137 exierit3
914 1068 1206 1141 quodsacramentum
1215 1070 1270 1128 lrac

66 1160 211 1220 mixtione
221 1161 364 1231 recolitur,
379 1170 409 1220 et
422 1180 488 1222 cum
499 1180 579 1236 aque
594 1162 624 1221 in
637 1162 816 1240 Apocalypsi
830 1162 911 1221 Beati
924 1163 944 1222 J
945 1166 1046 1223 oannis
1060 1163 1160 1242 populi
1173 1163 1268 1225 dican·

40 1310 46 1321 ,
63 1265 124 1326 tur,
135 1256 228 1334 ipsius
241 1258 342 1335 populi
354 1256 449 1317 fidelis
460 1277 526 1317 cum
540 1258 633 1334 capite
648 1257 767 1317 Christo
781 1258 851 1316 unio
864 1258 1129 1336 representatur.”⁴

109 1355 183 1413 292.
202 1352 317 1413 Ibrmc
340 1355 520 1414 eucharistie
543 1362 654 1414 constat
674 1355 769 1413 verbis
792 1354 954 1415 Dominicis
978 1356 1081 1430 quibus
1102 1356 1260 1416 conficitur.

63 1450 250 1511 Manicmos
278 1451 429 1511 Christum
456 1451 573 1511 ubilibet
598 1451 676 1511 sumi
703 1432 862 1511 adserentes
898 1452 1040 1530 redarguit
1066 1453 1268 1530 Augustinus:

64 1550 211 1609 “Noster
223 1551 305 1628 panis
319 1562 349 1610 et
361 1551 447 1620 calix,
462 1568 520 1610 uon
541 1550 661 1625 quilibet
675 1551 771 1628 (quasi
792 1560 908 1629 propter
922 1552 1071 1610 Christum
1085 1553 1116 1611 in
1136 1552 1224 1630 spicis
1239 1561 1270 1610 et

63 1650 97 1709 iu
110 1650 266 1708 sarmentis
280 1648 409 1728 ligatum,
419 1649 495 1708 sicut
507 1648 550 1708 illi
563 1647 734 1728 desipiunt.)
746 1649 797 1708 sed
808 1660 887 1709 certa
899 1650 1113 1709 consecratione
1127 1650 1269 1727 mysticus

65 1747 213 1814 fitnobis‚
226 1766 286 1807 non
309 1748 446 1807 nascitur.
488 1746 613 1807 Proinde
637 1748 713 1823 quod
738 1768 796 1808 non
817 1749 856 1807 ita
868 1749 911 1816 fit,
926 1749 1056 1822 quamvis
1078 1749 1116 1807 sit
1139 1749 1222 1826 panis
1242 1760 1273 1809 et

63 1838 156 1914 calix.
174 1845 343 1904 alimentum
355 1854 402 1903 est
413 1845 588 1914 resectionis,
603 1865 661 1905 non
676 1847 891 1905 Sacramentum
906 1845 1061 1924 religionis.
1085 1887 1093 1904 .
1116 1889 1124 1905 .
1148 1888 1155 1904 .
1178 1847 1270 1906 Vobis

64 1954 165 2003 autem
179 1961 231 2020 per
244 1942 370 2001 fabulam
386 1957 508 2002 vestram
531 1944 562 2001 iu
577 1943 653 2002 escis
676 1944 810 2001 omnibus
826 1943 961 2002 Christus
982 1942 1084 2020 ligatus
1105 1945 1269 2021 apponitur.

63 2037 165 2099 adbuc
177 2039 309 2116 ligandus
324 2040 427 2098 vestris
442 2039 612 2108 visceribus.
626 2039 839 2114 solvendusque
856 2039 1020 2098 ructatibus.
1063 2039 1139 2098 Nam
1155 2050 1184 2098 et
1203 2059 1270 2100 cum

64 2134 248 2197 mmducatis
263 2135 321 2195 Dei
336 2137 422 2195 vestri
436 2135 597 2195 defectione
611 2155 663 2195 vos
678 2137 804 2205 reficitis,
818 2146 927 2195 etcum
940 2134 1078 2213 digeritis,
1093 2136 1170 2195 illins
1181 2136 1270 2196 resec·

61 2234 146 2295 tione
159 2233 318 2294 deficitis.”
352 2233 492 2294 Calvinus
507 2234 576 2294 dicit
590 2236 829 2312 “promissiones
845 2235 908 2293 illas
922 2235 1026 2308 quibus
1040 2236 1190 2293 conficitur
1202 2254 1270 2294 con·

63 2334 205 2406 amatio,
216 2350 277 2392 non
292 2331 328 2390 ad
340 2332 484 2392 elementa
498 2334 574 2410 ipsa,
589 2332 642 2392 sed
657 2332 692 2390 ad
706 2351 757 2391 sos
772 2334 822 2406 qui
841 2332 991 2409 recipiunt,
1006 2331 1174 2391 destinari.”
1197 2372 1205 2389 .
1228 2371 1236 2389 .
1260 2373 1269 2390 .

61 2436 87 2467 ‘⁶
96 2428 170 2489 Non
183 2429 232 2488 bio
245 2428 388 2505 magicam
403 2428 527 2503 aliquam
540 2428 734 2488 incautiorem
748 2427 899 2504 imaginari
913 2446 966 2486 nos
987 2422 1079 2495 decet,
1094 2438 1126 2485 ut
1138 2427 1207 2484 satis
1228 2427 1268 2485 sit

62 2528 154 2587 verba
164 2526 406 2597 demurmurans,
420 2528 502 2600 qnasi
518 2527 552 2585 ab
566 2526 715 2585 elementis
731 2524 928 2594 exaudiantur,
941 2523 994 2582 sed
1010 2525 1094 2583 rerba
1108 2525 1157 2582 illa
1170 2524 1266 2585 vivam

65 2622 298 2700 predicationem
311 2621 377 2683 esse
390 2623 592 2701 intelligamus,
607 2641 671 2697 quae
693 2621 835 2681 auditores
855 2619 1023 2680 edificet.”⁵
1064 2621 1160 2680 Greci
1174 2619 1266 2680 schis-

67 2721 164 2781 matici
178 2723 350 2782 recentiores
372 2739 490 2780 consere
504 2721 635 2781 dicuntur
655 2720 897 2780 consecrationem
913 2739 971 2779 non
986 2720 1096 2798 perfici,
1111 2719 1168 2778 nisi
1187 2720 1268 2779 invo-

71 2819 178 2879 catione
193 2819 318 2897 Spiritus
340 2819 439 2877 Sancti
461 2819 555 2877 verbis
579 2818 742 2877 Dominicis
763 2817 891 2895 adjecta;
914 2835 999 2891 quern
1015 2826 1108 2875 tamen
1128 2817 1215 2876 ritum
1235 2816 1268 2876 in

10 2968 13 2975 .
75 2915 190 2976 concilio
204 2917 371 2977 Florentino
383 2917 422 2974 ita
435 2916 645 2993 explicuerunt,·
658 2926 690 2973 nt
698 2916 910 2974 consecratione
921 2915 983 2992 jam
997 2916 1091 2974 verbis
1102 2914 1265 2974 Dominicis

79 3012 201 3085 perlecta,
217 3014 360 3073 invocatio
384 3013 509 3091 Spiritus
535 3014 634 3072 Sancti
656 3013 737 3071 fieret
750 3021 781 3070 ut
802 3011 909 3070 fructus
932 3011 1015 3070 nobis
1036 3030 1072 3071 ex
1094 3030 1214 3089 corpore
1234 3023 1264 3070 et

13 3172 23 3187 ι
84 3098 205 3185 sangnine
233 3110 343 3171 Christi
364 3109 551 3189 proveniret.⁰
591 3109 748 3168 Gatharino
769 3109 877 3186 placuit
903 3109 1044 3167 sententia
1065 3127 1151 3182 quam
1176 3109 1263 3168 Inno-

88 3206 181 3264 centius
202 3208 258 3267 ΙΙΙ.
283 3218 347 3267 ante
370 3208 565 3286 pontificatum
587 3207 690 3274 sovir3⁷
720 3206 869 3264 Christum
899 3202 1043 3263 voluntate
1073 3205 1259 3264 consecrasse

10 3322 12 3329 ·
93 3314 176 3372 mem
187 3315 216 3364 et
229 3307 339 3375 vinnm,
354 3307 448 3366 verbis
462 3304 597 3382 deinceps
612 3304 745 3362 certiores
767 3302 870 3361 iecisse
884 3301 1039 3380 Apostolos
1053 3320 1085 3359 se
1106 3320 1212 3379 corpus
1233 3314 1263 3361 et

93 3401 237 3475 *nminem
258 3387 344 3463 suurn
359 3404 396 3462 iis
420 3421 486 3463 vere
511 3402 595 3461 dare:
623 3401 675 3459 sed
698 3400 843 3477 Theologi
863 3398 1052 3457 communiter
1071 3407 1169 3456 tenent
1187 3399 1260 3476 ipsis

96 3489 176 3559 umas
186 3517 263 3559 nunc
275 3500 418 3578 peragitur
431 3498 608 3558 consecratio
623 3497 727 3559 verbis.
742 3516 759 3555 a
773 3495 889 3554 Christo
910 3504 1063 3573 peractam,
1081 3495 1169 3572 jussit
1182 3494 1261 3554 enim

68 3674 71 3680 Ι
97 3564 216 3681 lsi-olis
228 3595 322 3654 facere
337 3595 412 3670 quod
426 3613 491 3654 eum
507 3594 635 3653 viderant
644 3593 806 3652 facientem.

121 3686 180 3751 Μ.
197 3693 231 3753 In
256 3680 370 3753 decreto
390 3712 443 3770 pro
462 3694 597 3752 Armenis
611 3692 730 3750 dicitur:
753 3691 874 3749 “forme
893 3689 980 3767 hujus
1001 3689 1176 3750 sacramenti
1197 3700 1265 3750 sunt

95 3778 334 3860 curbaramus,
348 3791 452 3865 quibus
467 3791 523 3849 hoc
536 3790 653 3849 conficit
666 3787 880 3847 Sacramentum
892 3806 900 3856 ;
921 3787 1054 3847 sacerdos
1068 3790 1147 3849 enim
1160 3790 1190 3849 in
1201 3808 1264 3867 per·
1373 3804 1378 3810 ·

12 3894 30 3956 s
94 3883 147 3935 Μ
158 3874 260 3947 (inrisu
272 3888 396 3962 loquens
409 3886 467 3947 hoc
481 3887 598 3948 conficit
611 3887 836 3946 Sacramentum.
878 3885 955 3945 Nam
968 3886 1097 3964 ipsorum
1112 3889 1262 3948 verbomm

23 4108 26 4123 ¹
116 4106 154 4176 (1)
169 4119 225 4174 Cau.
235 4124 304 4175 niv.

113 4194 150 4260 (²)
166 4201 194 4255 111
202 4208 271 4261 Mati.
282 4209 352 4261 xxvi.
363 4213 403 4263 27.

113 4272 152 4344 (³)
169 4280 305 4346 “Turrino
315 4295 382 4346 wine
392 4294 535 4346 wmmimd
545 4295 606 4346 with
612 4303 695 4357 water,
707 4295 739 4346 all
750 4311 790 4346 ars
803 4291 914 4358 agreed.”
946 4292 977 4345 In
987 4293 1058 4363 Matr.
1069 4294 1136 4346 xxvi.
1147 4293 1187 4344 97.

110 4357 151 4429 (4)
168 4369 198 4424 1..
207 4395 249 4432 xx.
260 4389 346 4433 contra
353 4382 475 4433 Faustum
486 4382 595 4434 Manicb.
606 4399 627 4434 c.
638 4382 691 4433 xiii.

28 4512 31 4519 .
109 4440 151 4513 (⁵)
168 4453 225 4516 Inar,
236 4467 252 4516 l.
263 4467 297 4518 iv.
308 4467 437 4518 c.1vii.n.
452 4468 493 4516 39.

108 4528 152 4596 (⁸)
169 4542 234 4601 Acts
243 4568 311 4604 conc.
323 4552 383 4602 Flos
393 4552 459 4602 Sess.
472 4568 530 4603 xxv.

102 4609 152 4718 (7)Ι
163 4621 195 4677 1.
204 4634 230 4687 is
240 4638 270 4690 de
280 4641 405 4706 mysmriis
416 4637 507 4689 Missa.
