2774 5056
463 318 519 378 DE
541 318 845 380 CONFESSIONE,
1193 323 1251 380 339

52 475 232 538 contendunt
245 476 281 535 ad
296 478 407 537 reniam
422 477 662 552 consequendam,
672 477 851 538 sacerdotum
862 487 957 538 autem
965 478 1155 538 ministerium
1169 478 1252 539 nihili

53 577 187 636 faciunt.²

60 734 63 739 ,
94 678 143 734 78.
167 673 332 734 Concilium
361 674 563 733 Tridentinum
583 673 638 733 lios
659 671 747 732 edidit
767 691 908 732 canones:
931 682 951 711 ‘⁸
963 673 996 732 Si
1017 674 1081 748 quis
1096 673 1253 751 negaverit,

53 770 269 830 consessionem
294 770 526 830 sacramentalem
547 769 593 830 vel
620 769 789 838 institutam,
803 770 850 828 rel
872 768 1041 828 adsalutem
1058 769 1250 828 necessariam

54 884 121 925 esse
132 867 198 944 jure
210 865 318 934 divino,
334 877 382 924 aut
395 866 498 924 dixerit
512 864 628 925 modum
641 875 751 925 secrete
764 865 920 925 confitendi
934 866 989 925 soli
1003 865 1153 932 sacerdoti,
1167 883 1254 938 quem

55 961 193 1023 Ecclesia
208 963 243 1018 ab
251 961 333 1020 initio
342 961 808 1038 sempsrobserraritetobservat,
819 961 945 1021 alienum
957 980 1021 1021 esse
1031 962 1065 1019 ab
1077 960 1255 1018 institutione

56 1070 87 1118 et
107 1057 241 1118 mandato
265 1059 385 1124 Christi,
406 1069 435 1116 et
455 1058 602 1117 inventum
623 1077 688 1117 csse
708 1058 886 1127 humanum
909 1059 1057 1118 anathema
1078 1056 1210 1123 sit.’'-“
1223 1057 1257 1116 Si

56 1156 124 1230 quis
139 1154 243 1214 dixerit
257 1156 287 1214 in
301 1157 485 1214 Sacramenta
501 1154 672 1231 penitentiae
685 1154 721 1213 arl
741 1155 939 1215 remissionem
962 1165 1143 1233 peccatorum
1158 1171 1257 1213 neces-

57 1250 168 1309 sarium
182 1268 239 1308 non
256 1268 320 1308 esse
337 1251 402 1327 jure
421 1249 519 1308 divino
534 1250 663 1310 confiteri
684 1250 781 1310 omnia
798 1260 827 1309 et
846 1250 958 1327 singula
983 1259 1098 1327 peccata
1120 1247 1258 1316 mortalia,

61 1366 187 1422 quorum
208 1347 347 1405 memoria
367 1365 433 1406 cum
454 1346 549 1406 debita
562 1357 591 1406 et
603 1345 735 1425 diligenti
748 1346 989 1424 praemeditatione
1010 1346 1157 1413 habeatur,
1172 1345 1260 1411 etiam

58 1444 183 1513 occulta,
209 1453 238 1502 et
260 1462 323 1517 quae
344 1454 411 1503 sunt
435 1454 533 1503 contra
552 1443 609 1503 dno
630 1443 732 1502 ultima
757 1442 895 1522 Decalogi
915 1454 1067 1520 precepta,
1089 1456 1118 1501 et
1142 1443 1261 1501 circum-

58 1543 179 1606 stantias
194 1560 258 1616 qua
273 1543 381 1619 peccati
395 1543 523 1620 speciem
544 1552 672 1612 mutant;
693 1541 823 1603 sedeam
838 1541 1050 1601 consessionem
1073 1553 1180 1600 tanturn
1195 1557 1261 1598 esse

56 1641 160 1701 utilem
177 1641 222 1700 -sd
244 1640 442 1710 erudiendum,
457 1651 486 1700 et
500 1640 707 1701 consolandum
732 1642 928 1720 poenitentem,
943 1652 971 1699 et
991 1640 1061 1699 olim
1082 1643 1262 1700 observatam

59 1739 153 1799 fuisse
167 1747 274 1798 tanturn
296 1738 331 1798 ad
351 1739 572 1800 satisfactionem
597 1739 764 1799 canonicam
785 1738 999 1816 imponendam,
1015 1750 1063 1797 aut
1083 1738 1196 1805 dixerit,
1211 1755 1263 1796 eos

59 1839 113 1913 qui
123 1838 221 1898 omnia
236 1848 351 1916 peccata
364 1839 492 1898 confiteri
506 1838 630 1907 student,
641 1838 715 1897 nihil
728 1837 887 1911 relinquere
900 1838 972 1895 velle
986 1837 1089 1896 divinae
1102 1836 1263 1895 misericor-

63 1936 122 1996 dia
136 1936 344 2015 ignoscendum
356 1957 363 2006 ;
385 1947 434 1995 aut
447 1936 562 1995 demum
576 1955 635 1995 non
648 1936 735 1995 licere
755 1935 885 1994 confiteri
907 1946 1022 2012 peccata
1036 1935 1158 1992 venialia
1170 1953 1178 2002 ;
1200 1952 1265 1991 ana-

66 2032 169 2096 thema
182 2032 251 2091 sit.’²
295 2044 314 2072 ‘⁶
327 2035 359 2092 Si
371 2035 435 2108 quis
447 2033 561 2101 dixerit,
576 2031 787 2093 confessionem
800 2031 930 2090 omnium
944 2042 1136 2108 peccatorum,
1151 2029 1266 2103 qualem

62 2128 199 2189 Ecclesia
212 2138 316 2198 servat,
330 2148 395 2188 esse
409 2128 618 2207 impossibilem
632 2139 661 2187 at
671 2127 851 2187 traditionem
872 2127 1054 2186 humanama
1068 2126 1123 2203 piis
1150 2125 1264 2183 abolen-

62 2225 142 2293 dam,
156 2235 205 2284 ant
218 2225 252 2283 ad
267 2243 330 2284 eam
345 2244 403 2285 non
424 2226 514 2284 teneri
534 2243 636 2284 omnes
649 2234 679 2284 et
692 2225 822 2302 singulos
843 2225 991 2297 utriusque
1013 2241 1101 2281 sexus
1123 2221 1267 2279 Christifi-

62 2321 155 2390 deles,
165 2324 249 2401 juxta
263 2327 359 2400 magni
373 2322 488 2383 concilii
501 2322 703 2381 Latersnensis
727 2320 973 2391 constitutionem,
988 2320 1079 2378 semel
1093 2320 1123 2377 in
1138 2337 1222 2386 anno,
1239 2328 1268 2377 ct

62 2421 103 2481 ob
116 2420 146 2479 id
169 2421 349 2481 suadendum
363 2440 427 2480 esse
443 2420 696 2491 Christifidelibns,
710 2430 743 2481 ut
755 2408 814 2480 non
828 2419 1016 2479 confiteantur
1027 2427 1155 2496 tompore
1170 2416 1266 2484 Quad-

63 2518 226 2596 ragssimae,
238 2518 388 2579 anatliema
401 2516 484 2576 sit.”⁸
544 2584 547 2588 ,

575 2713 761 2756 Pxorosmo.

113 2855 266 2941 Confessio
281 2853 417 2914 omnium
423 2861 613 2932 peccatorum
625 2851 799 2913 mortalium
812 2871 877 2932 qnae
887 2850 954 2932 quis
964 2860 1035 2931 post
1046 2852 1228 2932 baptismum
1239 2867 1269 2909 sc
1310 2860 1311 2863 ’

61 2961 201 3036 patrasse
216 2951 395 3018 recordatur,
402 2950 476 3029 jure
485 2949 587 3010 divino
599 2956 642 3009 eet
654 2949 833 3010 necessario.

107 3052 262 3113 Probatur
277 3048 302 3108 I.
325 3068 361 3108 erc
374 3047 550 3127 Scriptcris.

46 3182 50 3186 ¹
106 3155 158 3214 79.
187 3150 321 3208 Christus
350 3158 519 3226 potestatem
544 3147 707 3207 remittendi
736 3158 853 3225 peccata
880 3146 1026 3224 Apostolis
1055 3146 1270 3205 communicans

67 3246 162 3309 dixitr
184 3255 204 3283 “
215 3264 336 3321 quorum
358 3236 524 3303 remiseritis
539 3254 664 3320 peccata,
680 3244 861 3302 remittuntur
872 3243 935 3311 eis;
958 3254 986 3301 ct
1000 3261 1122 3315 quorum
1147 3243 1271 3300 retinue-

68 3344 142 3413 ritis,
154 3353 263 3402 retenta
278 3340 390 3400 sunt.’'³
430 3340 548 3399 ludices
563 3358 631 3418 ergo
654 3338 801 3409 constituti
815 3347 891 3406 sunt,
906 3350 937 3397 ut
951 3337 1139 3415 dijudicarent
1152 3339 1269 3410 quinam

69 3440 156 3501 venia
168 3439 261 3499 forent
272 3437 361 3517 digni,
374 3439 544 3513 quibusnam
555 3456 589 3495 ea
610 3435 777 3514 deneganda
790 3447 876 3494 esset.
919 3434 1023 3492 Causae
1035 3446 1128 3492 autem
1144 3434 1270 3510 cognitio

69 3539 106 3600 ad
116 3538 259 3619 judicium
275 3536 439 3614 hujusmodi
455 3537 579 3594 maxime
589 3533 812 3602 estnecessaria‚
824 3553 889 3592 narn
902 3546 1006 3607 quanta
1019 3533 1104 3591 suerit
1115 3533 1271 3609 peccatoris

71 3638 197 3719 pravitas
213 3657 221 3707 ;
243 3655 373 3710 quaenam
389 3655 426 3695 ex
440 3634 572 3693 admissis
582 3633 692 3694 delictis
704 3645 858 3708 sequantur
868 3652 964 3702 onera,
974 3633 1077 3706 quibus
1092 3631 1175 3689 debet
1188 3632 1271 3690 satis-

69 3739 187 3805 facere3
209 3745 238 3794 et
257 3753 320 3809 quae
334 3735 372 3792 sit
385 3751 511 3811 praesens
533 3732 621 3791 animi
635 3731 776 3802 voluntas,
786 3730 965 3791 innotescant
977 3738 1098 3807 oportet,
1114 3739 1145 3787 ut
1158 3747 1273 3803 equum

70 3832 232 3915 proferatur
248 3831 400 3908 judicium,
416 3831 512 3889 divina
536 3829 682 3888 sanctione
710 3827 912 3889 roborandum.
964 3827 1038 3887 Ilaec
1060 3836 1155 3886 autem
1176 3829 1274 3887 omnia

71 3949 111 3993 ex
126 3928 290 4009 poenitentis
312 3920 493 3987 consessione
514 3924 650 3985 discenda
662 3936 739 3995 sunt,
754 3926 889 4003 piamque
909 3924 986 3983 enim
1003 3922 1108 3983 delicta
1128 3932 1272 4002 patrantur

72 4023 194 4091 remotis
209 4024 339 4092 arbitris;
362 4034 390 4082 et
404 4023 490 4081 ctiam
506 4023 579 4082 intra
592 4022 718 4082 animum
728 4021 851 4100 plurima
860 4023 1050 4089 continentur,
1060 4018 1123 4078 solo
1134 4019 1276 4078 desiderio

69 4112 223 4200 consents.
265 4121 434 4196 Poenitentis
456 4121 568 4179 anirn'us
591 4119 626 4180 ad
640 4119 829 4199 reparandum
839 4116 995 4188 damnum,
1011 4125 1040 4177 et
1052 4116 1088 4176 ad
1104 4117 1272 4176 occasiones

108 4294 154 4362 (l)
172 4291 228 4345 “ln
235 4294 304 4345 order
314 4300 340 4344 to
348 4291 432 4343 obtain
443 4309 459 4343 a
469 4293 529 4343 final
537 4291 696 4355 forgiveness,
706 4308 740 4343 an
749 4291 839 4343 honest
849 4290 898 4343 aad
909 4290 956 4343 ioli
967 4289 1104 4342 wnlsssion
1116 4289 1145 4338 os
1152 4304 1223 4354 every
1231 4288 1279 4346 sin,

67 4384 98 4436 in
110 4380 157 4433 tlte
164 4378 233 4431 order
240 4363 270 4431 ol
274 4379 338 4440 God,
347 4379 399 4430 will
407 4382 444 4430 tor
455 4395 511 4430 ever
520 4378 744 4444 bc-indispensably
754 4392 892 4443 nccemry,
902 4377 976 4429 vrlrils
988 4392 1036 4427 ons
1046 4376 1086 4426 sin
1102 4375 1210 4427 remeius
1221 4388 1279 4426 oon-

68 4466 159 4522 oettlod
167 4466 194 4517 in
205 4466 248 4516 thc
258 4465 351 4516 earth.”
369 4466 425 4516 The
433 4465 563 4530 testimony
575 4464 604 4514 of
618 4463 723 4516 Christ'a
733 4463 823 4515 second
834 4459 973 4531 apricaring,
984 4478 1010 4530 p.
1020 4462 1072 4513 viii
1082 4461 1122 4513 ch.
1130 4461 1163 4513 iv.

40 4610 44 4615 ¹
108 4552 156 4619 (2)
176 4550 535 4602 Sesexir.can.ri.strii.de
547 4549 635 4600 Pranit.
767 4597 769 4601 .
805 4593 809 4599 .
856 4552 864 4560 '
922 4612 929 4620 θ
1279 4558 1284 4563 “

111 4639 158 4706 (3)
178 4637 300 4689 loamxx.
313 4640 354 4686 23.
783 4658 788 4665 ·
1274 4664 1277 4669 -
