2774 5056
140 322 179 377 rt
456 315 512 375 DE
532 313 774 377 INFAN'PIUM
795 315 1018 379 BAPTISMO.

140 490 201 537 cete
216 495 315 537 ornnes
330 485 438 554 gentes,
452 474 629 552 baptizantes
650 471 750 533 eos.”²
788 474 891 535 Fidem
909 477 1053 554 baptismo
1073 477 1173 554 preire
1194 484 1336 554 oportere

141 577 250 635 innuit:
274 574 361 642 “Qui
375 572 524 631 crediderit
538 582 566 631 et
579 571 739 650 baptizatus
752 572 846 641 fuerit,
861 573 957 633 salvus
972 573 1074 633 erit.’'⁸
1232 652 1234 657 Ι

179 654 268 750 Idcap.
283 670 424 748 Episcopi
433 689 499 729 cum
509 669 658 747 Cypriane
667 686 726 729 non
735 688 841 729 novum
849 669 1114 730 induxeruntusum
1125 670 1234 730 seculo
1242 671 1338 739 tertio,

141 768 330 827 seductorem
350 766 528 825 traditionem
551 778 649 825 contra
668 764 817 844 cujusdam
838 786 914 826 nova
933 767 1053 826 consilia
1073 777 1338 846 propugnareruot.

140 866 274 923 Fatemur
295 865 472 943 Scripturam
486 872 528 922 tot
540 863 633 922 verbis
654 862 731 922 haud
754 863 954 924 commendare
969 865 1150 943 parvulorum
1174 866 1336 943 baptisma3

139 962 189 1020 sed
204 963 417 1021 Sacramentum
433 963 565 1020 omnibus
580 961 773 1021 necessarium
787 980 852 1021 esse
873 962 965 1031 tradit,
981 982 1068 1039 quum
1090 964 1200 1037 absque
1220 983 1257 1023 eo
1277 983 1337 1024 non

138 1068 234 1135 pateat
254 1058 346 1117 aditus
370 1057 404 1116 ad
430 1059 568 1118 coelorum
592 1077 731 1136 regnum3
752 1069 781 1117 et
803 1059 912 1119 Christi
934 1061 1086 1138 benignam
1107 1078 1175 1138 erga
1200 1061 1337 1138 parrulos

138 1154 311 1215 voluntatem
334 1165 469 1214 testatur:
492 1174 555 1230 quae
581 1175 646 1215 curn
668 1155 732 1213 aliis
746 1174 805 1215 non
825 1156 900 1215 levia
918 1168 986 1215 sunt
1007 1169 1173 1235 argumenta
1201 1177 1251 1219 eos
1272 1176 1338 1221 esse

137 1252 289 1328 baptismo,
305 1262 334 1309 et
347 1251 413 1310 ideo
426 1252 519 1321 saluti,
535 1251 665 1311 idoneos.
708 1253 852 1312 Preterea
865 1272 929 1327 quae
944 1254 1034 1331 riguit
1047 1254 1227 1314 consuetudo
1249 1257 1336 1316 tertio

136 1350 252 1434 ineunte
272 1350 388 1418 saeculo,
404 1363 481 1410 tanto
502 1369 644 1410 consensu
667 1352 795 1428 probata,
816 1351 851 1409 ab
873 1352 1077 1429 Apostolorum
1103 1363 1185 1412 aetate
1207 1352 1334 1414 derivata

136 1445 318 1522 agnoscenda
332 1457 392 1505 eet:
409 1447 434 1504 si
449 1446 526 1505 enim
541 1458 639 1524 postea
649 1447 764 1506 inducta
778 1446 889 1516 luisset,
902 1448 1021 1525 vestigia
1033 1448 1128 1521 aliqua¹
1140 1450 1261 1527 originis
1273 1453 1336 1530 ejus

135 1543 334 1620 reperirentur.
376 1544 421 1603 Ad
444 1544 607 1604 mandatum
628 1545 703 1618 quotl
728 1546 853 1622 pertinet
873 1544 1045 1623 praedicandi
1069 1557 1099 1605 et
1123 1545 1258 1616 docendi,
1283 1568 1335 1609 eos

135 1640 262 1716 respicit,
275 1642 324 1714 qui
339 1660 390 1718 per
400 1651 510 1701 aetatem
524 1642 715 1720 Evangelium
727 1641 835 1711 audire,
847 1642 976 1701 ettidem
991 1644 1124 1720 excipere
1140 1657 1273 1721 possunt,
1286 1649 1334 1721 qui

135 1736 251 1794 nonnisi
263 1735 409 1797 credentes
420 1749 450 1796 et
462 1739 657 1816 poenitentiam
670 1750 785 1816 agentes
797 1738 892 1798 idonei
902 1750 969 1798 sunt
982 1741 1125 1817 baptismo
1136 1744 1335 1821 suscipiendo.

137 1831 282 1895 Caeterum
296 1836 461 1914 baptizandi
475 1836 603 1906 facultas,
618 1837 749 1910 quamvis
770 1846 837 1916 post
850 1837 971 1897 docendi
987 1856 1091 1898 munus
1105 1839 1257 1910 declarata,
1275 1861 1336 1903 non

135 1933 296 1994 necessarii
311 1935 346 1993 ad
360 1935 476 1995 edoctos
490 1945 519 1994 et
532 1935 680 1995 credentes
695 1945 826 2006 arctatur,
843 1955 933 2011 quum
946 1937 975 1995 vi
989 1956 1042 1996 sua
1061 1956 1164 1997 omnes
1185 1942 1333 2020 complec-

134 2040 208 2089 tatur
222 2033 272 2104 qui
287 2033 429 2091 ablutione
443 2032 581 2110 indigent.

178 2133 243 2188 166.
270 2129 337 2209 Obj.
352 2135 382 2188 2.
404 2130 539 2189 Christus
563 2130 706 2190 Dominus
731 2131 847 2190 nonnisi
862 2130 973 2190 adultus
998 2133 1136 2210 baptizari
1157 2135 1258 2204 voluit,
1279 2155 1335 2196 nec

133 2228 223 2287 ullum
238 2228 340 2307 legitur
353 2229 529 2306 exemplum,
544 2230 618 2288 inter
630 2230 833 2307 Apostolorum
848 2248 894 2288 res
915 2240 1020 2308 gestas,
1034 2226 1151 2292 infantis
1175 2235 1333 2312 baptizati:

133 2325 210 2400 quod
225 2327 303 2385 enim
317 2325 352 2384 de
367 2325 483 2384 familiis
497 2326 615 2405 integris
629 2327 779 2403 baptizatis
800 2325 912 2394 dicitur,
927 2326 1094 2404 intelligitur
1106 2327 1142 2387 de
1160 2330 1196 2388 iis
1211 2332 1263 2404 qui
1284 2351 1335 2409 per

134 2433 245 2481 aetatem
260 2423 406 2499 suscipere
420 2412 594 2498 baptismum
608 2431 736 2499 possent.
779 2420 876 2480 Gratis
891 2432 1026 2500 praeterea
1046 2424 1183 2484 asseritur
1196 2426 1287 2484 luisse
1302 2429 1333 2487 iu

132 2520 190 2579 illis
205 2520 320 2579 familiis
341 2521 485 2597 parvulos.
527 2521 576 2579 Sic
597 2519 632 2577 dc
653 2520 818 2578 centurione
843 2520 971 2588 refertur,
993 2521 1071 2594 quod
1091 2522 1247 2583 crediderit
1267 2544 1334 2583 cum

133 2617 220 2675 domo
234 2618 297 2694 ejus
313 2628 386 2684 tota3
409 2635 463 2673 nec
477 2627 573 2674 tamen
587 2616 653 2674 inde
670 2615 773 2685 inferre
794 2616 861 2674 licet
881 2617 1014 2694 parvulos
1028 2619 1092 2697 ejus
1105 2619 1235 2699 filiosgei
1256 2640 1333 2696 quos

132 2714 271 2780 babuerit,
286 2711 451 2770 credidisse.
1162 2732 1183 2755 ²-

172 2808 263 2888 Rcsp.
286 2810 394 2870 Christi
406 2809 524 2868 Domini
539 2810 715 2886 exemplum,
727 2810 753 2868 si
766 2810 859 2890 legem
871 2830 928 2870 uon
943 2813 1079 2882 statuerit,
1093 2832 1146 2872 uos
1158 2832 1217 2875 non
1227 2814 1338 2897 obliget

133 2907 167 2966 ad
183 2926 217 2966 ea
230 2906 358 2966 facienda
372 2907 402 2965 in
416 2906 518 2965 iisdem
539 2925 634 2966 rerum
655 2907 806 2986 adjunctis,
822 2926 888 2982 quae
908 2909 996 2967 libera
1016 2910 1141 2983 reliquit.
1183 2912 1336 2987 Equidem

133 3006 292 3084 baptismus
306 3005 480 3081 poenitentiae
495 3022 580 3078 quem
596 3004 808 3064 administrabat
820 3006 949 3066 Joannes
963 3006 1065 3066 adultis
1082 3009 1293 3081 consercbemr.
1303 3021 1358 3075 ut..

132 3106 187 3164 ritu
202 3105 267 3182 ipso
278 3103 379 3162 moniti
394 3102 428 3160 ad
438 3101 576 3170 dolorem,
587 3121 644 3177 quo
654 3103 856 3163 mundarentur
866 3104 961 3175 corda,
974 3106 1174 3169 excitarentur.
1197 3106 1336 3171 cunam·
1353 3106 1365 3211 ἑ

132 3204 272 3262 innocens
286 3209 458 3273 sanctusque
473 3217 539 3258 eum
553 3201 690 3278 suscepit,
705 3210 737 3259 ut
750 3200 813 3259 aliis
829 3210 906 3260 esset
918 3204 1063 3280 exemplo,
1077 3203 1187 3264 Joauni
1205 3206 1349 3267 testimo·-
1371 3198 1375 3205 ’

131 3302 212 3360 trium
227 3298 398 3376 perhiberet,
413 3306 442 3354 et
455 3316 553 3371 aquas,
569 3298 616 3355 sui
629 3298 756 3375 corporis
771 3307 912 3368 contactu,
925 3300 1041 3359 sublimi
1050 3302 1163 3361 muneri
1176 3300 1338 3365 mundandi
1355 3270 1381 3355 ‘d

89 3436 91 3439 -
132 3400 241 3458 animas
255 3406 374 3476 pararet.
417 3395 547 3453 AEtatem
560 3404 652 3454 autem
668 3414 725 3468 qua
745 3396 945 3474 suscipiendus
966 3407 1043 3456 esset
1063 3399 1223 3477 baptismus
1245 3418 1334 3476 quern

131 3501 194 3576 ipse
208 3497 338 3564 instituit,
354 3494 454 3553 nullibi
468 3493 614 3552 definiisse
628 3494 748 3571 legitur:
772 3494 894 3569 ideoque
905 3497 970 3574 jure
983 3498 1094 3575 optimo
1108 3499 1228 3559 insertur
1245 3499 1334 3560 licere

131 3597 264 3656 omnibus
294 3597 401 3668 absque
426 3595 515 3652 aetatis
541 3593 706 3652 discrimine
731 3613 797 3654 eum
822 3595 961 3655 conferre.
1002 3596 1088 3665 Quod
1114 3598 1250 3675 Apostoli
1275 3617 1336 3659 non

134 3694 262 3770 legantur
276 3692 398 3749 infantes
412 3691 584 3766 baptizasse,
601 3710 658 3749 non
673 3692 774 3760 obstat,
789 3712 856 3751 narn
877 3712 923 3751 res
939 3713 1038 3754 corum
1053 3706 1147 3772 gestas
1163 3715 1271 3772 pariens
1292 3715 1337 3755 rc-

134 3796 306 3846 censuerunt
327 3786 400 3843 sacri
427 3786 591 3862 scriptores.
634 3787 778 3846 Cretemm
800 3787 874 3846 haud
896 3799 1003 3849 temere
1025 3792 1176 3868 conjicitur
1198 3793 1334 3868 parrulos

133 3885 244 3958 aliquos
260 3883 377 3940 vocibus
391 3880 447 3938 illis
462 3881 677 3959 comprehendi,
692 3902 755 3957 quae
770 3884 893 3962 integras
908 3888 1065 3963 respiciunt
1086 3887 1219 3946 familias.
1265 3889 1334 3947 Non

126 3977 289 4061 parallelus
299 3986 344 4035 est
356 3978 435 4036 locus
451 3979 501 4051 qui
514 3979 656 4056 objicitur,
671 3980 805 4039 credendi
818 3981 895 4039 enim
911 4001 968 4041 vox
989 3983 1150 4043 necessarii)
1166 3985 1334 4062 intelligitur

131 4080 167 4138 de
181 4079 218 4136 iis
232 4077 282 4151 qui
295 4095 346 4153 per
360 4087 470 4134 aetatem
485 4076 571 4136 fidem
586 4078 737 4155 concipere
754 4079 865 4147 valent,
881 4080 1044 4157 baptizandi
1058 4101 1074 4140 e
1089 4091 1189 4143 eontra
1209 4085 1334 4142 vocabu·

131 4180 191 4239 lum
207 4177 328 4236 alienam
340 4176 480 4234 actionem
495 4175 635 4255 designat,
650 4178 817 4251 nullumque
828 4178 951 4238 limitem
972 4180 1071 4258 exigit.
1114 4181 1267 4254 Quotquot
1287 4182 1334 4240 ab·

129 4275 245 4336 lutionie
260 4282 327 4330 sunt
339 4289 508 4347 capaceseo
524 4273 813 4351 comprehenduntur.

172 4377 238 4432 16⁷.
264 4367 330 4448 obj.
346 4372 375 4426 3.
398 4366 493 4434 Quum
509 4369 625 4443 quidam
639 4371 841 4448 superstitione
853 4369 974 4446 quadam
991 4369 1069 4432 ducti
1091 4373 1228 4451 parvulos
1243 4375 1332 4453 bapti·

529 4564 571 4631 (l)
591 4565 651 4616 Mat
662 4566 748 4617 xxviii.
763 4570 803 4618 19.

530 4648 571 4714 (2)
591 4650 666 4700 Marc·
678 4652 728 4701 xvi.
742 4653 781 4701 16.
