2774 5056
98 311 137 366 76
416 311 471 370 ΒΕ
492 306 734 369 INFANTIUM
755 306 978 366 BAP'l'lSMO.

100 468 231 539 tificetur,
247 471 281 528 ab
304 469 376 546 ipsis
398 465 559 546 unguiculis
583 467 703 543 Spiritui
723 465 933 525 consecretur.'’
957 507 965 523 .
988 507 996 523 .
1020 507 1027 523 .
1052 506 1059 521 .
1082 462 1194 532 “Quid
1210 462 1246 521 de
1268 463 1307 520 iis

99 563 189 633 dices,
205 567 254 638 qui
268 566 360 624 adhuc
376 575 471 623 tenera
485 573 566 622 aetate
581 575 647 620 sunt
661 581 714 621 uec
736 575 783 620 aut
798 562 933 620 damnum
949 577 996 621 aut
1016 563 1135 638 gratiam
1152 560 1306 619 sentiunt?

98 663 145 721 An
170 683 219 722 eos
245 683 359 738 quoque
385 663 615 740 baptizabimusl
643 663 686 720 Ita
706 681 833 738 prorsus,
855 663 880 718 si
903 662 980 735 quod
1005 662 1165 739 periculum
1188 669 1303 736 urgeat.

101 762 222 819 Praestat
246 763 322 819 enim
348 762 454 834 absque
479 779 566 817 sensu
590 759 769 827 sanctificari,
787 777 872 831 quam
898 759 960 817 sine
981 759 1076 836 sigillo
1092 770 1121 815 et
1141 757 1301 816 initiatione

99 859 260 918 abscedere.
303 860 397 931 Atque
412 859 497 934 hujus
512 858 553 915 rei
568 858 637 915 ratio
652 857 734 914 nobis
750 867 793 915 est
814 857 995 914 circumcisio
1018 857 1064 914 die
1079 868 1182 914 octavo
1199 836 1303 932 peragi

98 956 190 1023 solita,
206 974 269 1027 quae
285 955 417 1031 baptismi
431 955 550 1031 figuram
573 952 784 1025 quodammodo
808 953 932 1029 gerebat,
948 965 1031 1025 atque
1053 953 1088 1010 iis
1105 952 1156 1024 qui
1171 951 1296 1010 rationio

98 1051 191 1109 adhuc
213 1063 346 1128 expertes
369 1062 457 1117 erant,
484 1049 685 1109 offerebatur.”
710 1091 841 1108 .....
865 1059 884 1087 “
898 1048 943 1109 lte
973 1050 1089 1122 reliquis
1119 1049 1159 1105 ita
1180 1067 1297 1116 censeo,

98 1160 128 1208 ut
142 1150 264 1215 triennio
288 1158 448 1225 expectato,
471 1159 518 1206 aut
534 1149 678 1221 aliquanto
700 1148 823 1205 breviori
843 1148 888 1205 vel
903 1147 1026 1224 longiori
1041 1146 1179 1223 temporis
1194 1147 1298 1223 spatio,

99 1245 176 1323 (nam
205 1260 264 1303 tum
292 1257 320 1303 et
353 1245 470 1322 mystici
498 1243 633 1318 quiddam
662 1243 758 1306 audire
784 1254 813 1301 et
840 1242 1015 1319 respondere
1047 1250 1180 1319 possunt,
1208 1226 1247 1299 ae
1272 1241 1298 1298 si

99 1330 193 1399 minus
219 1342 303 1417 plene
318 1353 346 1399 et
359 1353 458 1400 exacte
479 1341 650 1417 intelligunt,
672 1340 838 1397 imbuuntur
858 1353 953 1398 tamen
975 1348 1004 1396 et
1025 1335 1240 1416 informantur.)
1260 1338 1299 1395 ita

99 1438 214 1496 demum
230 1457 281 1514 per
293 1439 388 1515 magni
404 1439 536 1515 baptismi
548 1439 763 1496 Sacramentum
776 1446 804 1494 et
815 1437 925 1495 animos
941 1446 968 1493 et
979 1454 1099 1511 corpora
1110 1436 1298 1493 sanctificent.

100 1578 107 1593 .
131 1577 138 1592 .
164 1577 171 1593 .
195 1577 202 1592 .
226 1537 264 1593 At
279 1546 393 1613 propter
408 1535 569 1612 inopinatos
586 1546 615 1592 et
634 1535 797 1611 repentinos
820 1533 1011 1610 periculorum
1033 1533 1169 1608 impetus,
1194 1532 1299 1605 quique

98 1631 175 1689 nulla
189 1651 244 1708 ope
260 1643 343 1704 atque
359 1632 465 1689 anxilio
482 1631 640 1708 propulsari
655 1641 768 1704 queant,
784 1631 895 1688 lavacro
909 1629 1082 1688 communiri
1098 1628 1220 1686 omnino
1235 1647 1298 1686 con·
1326 1677 1333 1695 ,

98 1728 250 1787 ducibilius
262 1729 340 1789 est.'’
376 1729 449 1786 Hoec
463 1731 524 1786 visa
537 1737 604 1786 sunt
618 1728 724 1804 insigni
739 1728 780 1784 illi
795 1727 924 1803 praesuli,
938 1727 1019 1803 cujus
1034 1733 1131 1782 tamen
1145 1725 1298 1783 consilium

98 1827 134 1885 de
151 1828 265 1885 triennii
287 1828 421 1886 dilatione
445 1826 751 1893 03133133033331311,
774 1823 1007 1896 consuetudoque
1032 1822 1149 1894 antiqua
1174 1822 1299 1881 constitit

97 1928 254 1984 immutata.
297 1927 391 1992 Quam
405 1935 499 1982 autem
524 1923 608 2001 longe
623 1923 727 1981 distent
741 1924 804 2000 ejus
827 1922 961 2000 placitaa
987 1920 1182 1996 Baptistarum
1206 1936 1297 1978 errore

98 2043 184 2084 nemo
198 2042 256 2082 non
271 2024 356 2082 videt.

141 2125 207 2180 169.
234 2119 301 2200 obj.
319 2127 347 2179 5.
369 2120 543 2198 Baptizandi
556 2120 679 2179 infantes
694 2120 871 2178 consuetudo
886 2137 922 2176 ex
937 2117 1007 2176 13133
1021 2117 1162 2175 sententia
1176 2116 1213 2174 de
1233 2117 1297 2192 bap·

98 2219 176 2276 tismi
191 2219 359 2276 necessitate
371 2228 400 2275 et
413 2218 538 2276 efficacia
552 2227 612 2276 0313
622 2229 683 2275 3313
699 2215 843 2294 duplicem
856 2214 962 2273 idcirco
974 2233 1098 2272 errorem
1111 2214 1296 2291 conjunctum

98 2317 192 2384 habet,
208 2315 284 2390 quod
298 2316 408 2375 scilicet
421 2315 497 2375 hand
517 2316 653 2394 baptizati
667 2314 788 2373 infantes
803 2314 834 2371 in
854 2323 991 2371 eternum
1012 2321 1139 2389 pereant,
1161 2312 1297 2389 baptizati

98 2413 165 2471 verd
180 2415 285 2472 caelesti
300 2414 397 2491 gloriae
411 2415 469 2473 sint
483 2413 589 2482 idonei,
605 2413 746 2471 ablutione
758 2412 806 2471 illa
817 2411 912 2488 potius
927 2429 1012 2483 quam
1026 2409 1136 2467 Christi
1146 2411 1297 2486 sanguine.

137 2511 226 2589 Rcep.
251 2511 438 2570 Consuetudo
453 2513 500 2569 illa
514 2512 548 2569 ab
569 2511 717 2586 Apostolis
739 2510 865 2567 derivata
879 2519 932 2575 est,
947 2509 988 2565 uti
1010 2519 1120 2566 veteres
1142 2509 1298 2584 scriptores

98 2619 244 2674 testantur,
267 2621 295 2665 et
316 2611 352 2665 iis
378 2609 491 2666 fulcitur
517 2609 665 2685 principiis
691 2625 756 2680 quae
781 2607 837 2682 ipsi
863 2605 1061 2680 praedicarunt.
1104 2606 1296 2664 Necessarius

99 2704 214 2777 quidem
229 2716 273 2760 est
290 2705 458 2779 baptismus,
473 2704 514 2761 uti
529 2703 647 2760 Christo
661 2703 780 2760 docente
793 2702 955 2771 didicimus,
968 2712 995 2760 et
1007 2702 1109 2760 efficax
1123 2703 1220 2770 etiam,
1230 2704 1298 2776 quia

98 2820 134 2858 30
149 2801 270 2873 quisque
285 2801 442 2857 renascitur
454 2819 543 2872 quum
557 2799 698 2857 lavacrum
714 2800 751 2856 sit
762 2799 993 2875 regenerationis.
1035 2799 1175 2857 Parvulos
1189 2801 1298 2873 absque

97 2899 241 2974 baptismo
257 2897 426 2954 decedentes
441 2896 609 2955 adsalutem
624 2896 700 2953 haud
716 2897 863 2972 pervenire
875 2915 941 2955 cum
956 2907 1013 2954 tota
1027 2896 1192 2969 antiquitate
1207 2896 1297 2954 cbris-

98 2995 174 3051 tiana
188 2995 268 3051 fateri
283 2995 421 3069 cogimur,
437 2995 506 3065 quin
529 2994 630 3051 cosin
653 3002 787 3051 aeternum
810 2992 976 3050 cruciandos
999 2991 1113 3050 credere
1132 2993 1296 3069 jubeamur.

98 3093 146 3151 Ex
161 3091 298 3168 sanguine
315 3090 424 3147 Christi
439 3090 559 3148 derivari
587 3092 752 3168 profitemur
772 3091 906 3167 baptismi
928 3092 1070 3159 virtutem,
1086 3109 1171 3163 quam
1192 3091 1297 3149 instru-

97 3199 226 3246 mentum
248 3196 366 3254 tantum,
381 3205 569 3246 concausam
591 3188 745 3246 sanctitatis
760 3206 921 3256 munerum,
936 3187 1039 3260 quibus
1054 3196 1193 3264 augentur
1206 3188 1298 3265 bapti·

97 3289 163 3354 zati,
179 3286 372 3363 agnoscimus.
530 3282 533 3286 ’

548 3462 838 3505 3333303333303333.
895 3511 897 3514 y

139 3608 204 3662 170.
227 3605 309 3662 Licet
324 3604 462 3662 Calvinus
477 3604 595 3661 fateatur
609 3603 741 3680 parvulos
757 3623 821 3661 esse
835 3601 1031 3681 baptizandos,
1044 3620 1102 3660 non
1114 3603 1212 3660 nititur
1224 3622 1296 3680 prte-

95 3699 180 3773 cipue
195 3717 306 3757 summa
320 3699 454 3775 baptismi
468 3700 646 3768 necessitate,
662 3699 712 3758 sed
729 3701 793 3776 jure
809 3701 903 3776 potius
919 3699 1041 3756 filiorum
1063 3698 1202 3766 fidelium,
1220 3719 1294 3772 quos

93 3804 240 3871 parentum
255 3813 322 3870 ergo
337 3794 371 3850 ad
386 3792 478 3850 soedns
494 3794 621 3851 divinum
637 3795 778 3872 pertinere
793 3804 899 3854 censet.
943 3793 1168 3859 “Quamobrem
1189 3806 1219 3851 et
1239 3794 1258 3853 J
1261 3815 1292 3854 u·

93 3891 218 3949 daeorum
233 3891 324 3958 liberi,
341 3889 418 3962 quod
432 3889 495 3965 ejus
510 3891 622 3949 soederis
638 3892 764 3950 haeredes
780 3893 846 3950 sacti
861 3892 894 3949 ab
908 3892 1063 3968 impiorum
1075 3890 1172 3948 liberis
1185 3890 1294 3951 discer-

93 3997 235 4053 nerentur,
260 4002 360 4043 semen
388 3996 516 4042 sanctum
545 3989 725 4056 vocabantur,
751 3989 850 4045 eadem
881 3988 1038 4045 etiamnum
1065 3988 1173 4045 ratione
1198 3990 1294 4047 sancti

93 4095 244 4142 censentur
253 4070 486 4141 ‘Christianorum
501 4084 591 4153 liberi,
609 4086 652 4143 331
667 4086 753 4142 311330
768 4085 903 4144 duntaxat
913 4085 992 4144 fideli
1005 4080 1120 4164 parente
1134 4079 1241 4162 genitis
1263 4099 1294 4146 et

91 4173 223 4259 Apostoli
237 4181 400 4239 testimonio
415 4180 549 4240 differunt
563 4184 597 4240 ab
610 4181 759 4240 immundo
780 4182 962 4241 idolatrarum
977 4182 1138 4243 3033133.”1
1179 4185 1290 4245 Totum

90 4281 176 4358 hujus
196 4279 236 4338 rei
257 4278 379 4336 fructum
404 4278 527 4354 explicat
543 4281 627 4357 juxta
651 4299 703 4337 sua
725 4282 827 4357 placita
842 4281 998 4339 Calvinus:
1028 4281 1214 4354 “Siquidem
1230 4283 1289 4342 Dei

89 4378 203 4455 signum
238 4392 327 4453 puero
362 4377 612 4444 communicatum,
643 4376 720 4434 velut
753 4378 895 4454 impresso
929 4376 1035 4453 sigillo,
1064 4379 1291 4455 promissionem

91 4476 139 4549 pio
152 4475 261 4553 parenti
276 4471 370 4530 datam
385 4470 542 4559 confirmat,
559 4493 591 4531 ae
605 4483 696 4534 ratum
711 4492 774 4532 esse
790 4475 912 4533 declarat
926 4473 1003 4548 quod
1017 4473 1162 4534 Dominus
1175 4495 1234 4536 non
1247 4477 1290 4535 illi

455 4643 497 4708 (l)
517 4644 578 4695 Inst.
590 4647 605 4695 1.
617 4646 649 4695 13.
661 4662 681 4695 0.
693 4647 742 4696 xri.
753 4663 778 4697 n.
792 4651 814 4696 6.
