2774 5056
90 321 146 378 104
504 318 561 378 DE
590 318 889 380 SACRAMENTO.

80 466 86 474 ’
128 482 178 537 24.
203 477 269 557 obj.
285 482 313 537 8.
335 478 434 537 Patres
459 477 617 556 Apostolici
638 479 731 552 etqui
750 497 801 537 eos
822 478 913 537 secuti
926 489 994 537 sunt
1013 477 1049 538 de
1070 478 1294 539 confirmatione

89 577 237 635 siluerunt.

127 673 215 751 Resp.
238 673 286 731 Ex
300 673 399 749 paucis
412 691 475 745 quas
487 680 641 749 supersunt
654 682 736 731 tante
752 673 899 731 vetustatis
913 672 1092 732 documentis
1106 673 1215 733 mimm
1229 690 1292 733 non

91 780 136 828 est
149 770 299 847 perspicua
312 788 370 828 non
392 769 490 828 haberi
511 770 672 828 testimonia
697 788 760 843 quae
785 769 841 828 hoc
865 770 1079 829 Sacramentum
1107 771 1293 848 respiciunt:

93 885 160 926 nam
175 886 233 926 non
246 887 360 944 semper
373 887 404 926 se
420 867 499 926 affert
510 869 639 944 scriptori
660 869 774 927 occasio
787 877 819 926 ut
839 868 951 945 singula
971 878 1096 945 exponat
1116 878 1146 927 et
1164 869 1292 928 evolvat.

91 964 235 1024 Ceterum
246 966 388 1024 unctionis
399 965 464 1024 oleo
476 965 542 1034 Dei,
552 984 637 1039 quam
647 977 816 1044 acceperunt
828 967 984 1033 christiani,
996 967 1129 1025 meminit
1138 967 1293 1045 Theophi-

89 1061 135 1120 lus
149 1063 356 1120 Antiocheuus.
397 1061 443 1120 De
457 1063 641 1139 impositione
653 1081 789 1121 manuum
804 1065 838 1120 ab
852 1062 999 1139 Apostolis
1013 1062 1139 1136 loquitur
1150 1063 1291 1133 henaeus,

89 1178 213 1235 eamque
236 1179 391 1234 numquam
406 1147 532 1218 caruisse
547 1160 650 1219 effectu
672 1161 774 1218 tradit:
797 1162 1053 1234 “quibuscumque
1066 1162 1145 1220 enim
1158 1162 1291 1240 impone-

87 1257 154 1316 bant
167 1258 300 1334 Apostoli
313 1276 439 1326 manum,
454 1257 630 1334 accipiebant
643 1259 781 1335 Spiritum
797 1258 944 1325 Sanctum,
956 1259 1006 1332 qui
1020 1267 1065 1316 est
1086 1277 1155 1317 esca
1174 1256 1289 1318 vitre.''²

88 1354 233 1413 Intellexit
246 1374 313 1432 ergo
327 1353 505 1413 venerandus
519 1354 567 1412 hic
592 1363 671 1431 pater
690 1355 808 1431 gratiam
832 1354 887 1412 hoc
908 1355 962 1412 ritu
978 1354 1067 1412 fuisse
1083 1354 1118 1413 ab
1138 1354 1289 1432 Apostolis

87 1452 338 1519 communicatam,
353 1470 406 1509 nec
421 1451 496 1508 enim
511 1452 584 1508 mira
598 1451 647 1508 illa
660 1449 734 1508 dona
749 1469 813 1509 csso
827 1451 896 1509 uite
911 1450 966 1508 dici
981 1459 1111 1527 possunt.
1153 1450 1292 1509 Tertulli·

93 1565 164 1605 anus
184 1548 326 1606 unctionis
351 1556 417 1624 post
434 1547 608 1622 baptismum
623 1547 772 1604 meminit:
795 1545 958 1615 “dehinc‚”
974 1547 1133 1624 subjungit,
1150 1555 1170 1582 ‘⁴
1183 1563 1288 1605 manus

91 1646 250 1722 imponitur
277 1664 328 1723 per
346 1644 585 1712 benedictionem,
600 1644 741 1703 advocans
762 1656 790 1703 et
810 1646 933 1704 invitans
947 1647 1085 1724 Spiritum
1107 1645 1292 1705 Sanctum.’‘⁸

94 1742 173 1801 Alias
201 1742 286 1800 dicit:
309 1751 328 1779 ‘⁴
341 1761 406 1800 caro
422 1760 523 1800 manus
537 1742 722 1818 impositione
744 1743 933 1811 adumbratur,
957 1755 988 1802 ut
1012 1753 1041 1801 et
1061 1743 1157 1802 anima
1179 1743 1291 1821 Spiritu

88 1838 309 1898 illuminetur.”⁸
340 1839 399 1898 Hic
413 1850 509 1898 auctor
523 1849 567 1897 sat
580 1841 712 1912 antiquus
728 1841 854 1917 proiecto
868 1852 921 1899 est.

128 1942 177 1996 25.
203 1936 270 2015 obj.
285 1941 314 1996 9.
336 1937 498 1997 Alexander
522 1937 558 1995 de
589 1937 658 1995 Ales
683 1939 795 1996 censuit
821 1938 1045 1997 confirmationis
1074 1938 1291 1998 Sacramentum

88 2036 179 2095 fuisse
194 2039 223 2097 in
238 2038 360 2096 concilio
374 2037 518 2096 Meldensi
533 2037 703 2095 institutum.

129 2133 219 2214 Resp.
240 2136 367 2213 Agnovit
379 2136 442 2212 ipse
457 2133 611 2210 Apostolos
626 2134 821 2202 confirmasse,
836 2134 905 2191 dicit
918 2136 1015 2193 enirn:
1038 2134 1290 2193 “Sacramentum

89 2249 157 2291 vero
169 2233 391 2292 confirmationis
406 2242 434 2289 et
448 2239 581 2289 extrema
594 2231 736 2288 unctionis
749 2230 826 2288 dedit
841 2230 1009 2311 (Christus)
1020 2250 1072 2308 per
1085 2229 1292 2308 Apostolos.’'⁴

86 2328 166 2391 Dicit
187 2328 302 2403 quidem
327 2329 408 2387 alibi:
432 2328 516 2404 “ipsi
543 2328 747 2386 confirmabant
771 2328 833 2386 sine
859 2328 1083 2396 sacramento,”⁵
1097 2329 1154 2387 hoc
1168 2329 1287 2387 nomine

93 2427 255 2504 intelligens
265 2445 300 2484 eo
310 2427 368 2486 loci
382 2427 577 2486 inunctionem
593 2424 745 2483 chrismate
760 2445 826 2484 cum
841 2427 990 2485 verborum
1005 2426 1117 2484 forma:
1139 2425 1191 2508 scd
1207 2424 1293 2484 vehe-

90 2538 201 2584 menter
215 2545 280 2584 eum
302 2526 401 2585 fefellit
414 2525 555 2583 sententia
566 2524 600 2582 de
616 2524 663 2581 illu
677 2525 707 2583 in
727 2526 848 2584 concilio
863 2547 880 2582 a
893 2524 1037 2585 Meldensi
1051 2534 1121 2593 orta,
1147 2527 1189 2583 uti
1201 2526 1292 2599 liquet

90 2641 128 2680 ex
142 2623 231 2680 allatis
246 2624 428 2680 testimoniis.

131 2722 180 2775 26.
207 2716 272 2794 ooj.
290 2721 336 2774 10.
359 2716 436 2774 Cum
450 2717 553 2792 injuria
566 2717 700 2792 baptismi
720 2737 826 2777 novum
851 2720 995 2778 inducitur
1014 2721 1233 2779 Sacramentum
1254 2738 1289 2779 eo

95 2815 288 2890 praestantius,
304 2832 361 2885 quo
375 2814 535 2889 perficiatur
549 2813 625 2886 quod
646 2823 771 2891 coeptum
785 2826 839 2884 cst,
862 2817 974 2876 Divinae
995 2829 1089 2876 autem
1103 2817 1292 2877 institutionis

92 2928 128 2968 ne
142 2911 241 2968 umbra
255 2909 370 2983 quidem
384 2919 437 2967 est.

132 3004 221 3083 Resp.
248 3006 332 3064 Nihil
352 3006 493 3083 baptismo
505 3005 669 3076 detrahitur,
685 3022 770 3081 quern
796 3010 918 3068 fatemur
938 3030 1038 3070 omnes
1054 3012 1168 3071 abluere
1189 3011 1290 3084 sordes

92 3105 212 3181 peccati,
234 3116 261 3162 et
281 3124 384 3164 novam
404 3104 518 3162 efficere
538 3106 722 3176 nativitatem,
744 3108 815 3166 adeo
836 3119 867 3166 ut
887 3109 959 3167 nihil
980 3129 1098 3186 prorsus
1112 3112 1291 3187 baptizatum

90 3202 237 3262 homiuem
252 3204 285 3262 ab
300 3205 429 3281 ingressu
443 3203 508 3261 coeli
518 3215 682 3273 remoretur,
696 3205 831 3278 quamdiu
843 3209 959 3284 gratiam
974 3209 1028 3266 sibi
1038 3210 1067 3267 in
1079 3209 1193 3268 lavacro
1205 3210 1292 3269 dona·-

93 3314 149 3360 tam
178 3303 316 3379 integram
343 3300 506 3358 servaverit.
570 3302 654 3368 Quod
676 3305 813 3379 ampliora
837 3306 931 3381 gratias
961 3327 1079 3365 munera
1105 3308 1293 3384 impositione

74 3388 226 3460 'manuum
253 3400 418 3465 tribuantur,
433 3398 544 3456 divitias
566 3409 594 3457 et
615 3401 837 3459 munificentiam
863 3402 1063 3480 Redemptoris
1086 3404 1291 3469 commendat:

91 3518 145 3557 nec
159 3508 286 3556 nostrum
300 3507 344 3555 est
355 3497 479 3555 alterutri
494 3497 676 3555 Sacramento
698 3498 842 3575 derogare.
884 3501 1023 3559 Voluntas
1045 3502 1154 3560 Christi
1170 3502 1292 3562 Domini

92 3614 191 3653 norma
204 3597 287 3652 nobis
302 3595 392 3662 datur,
404 3596 486 3670 juxta
501 3614 585 3668 quam
600 3594 635 3652 de
648 3596 767 3672 siugulis
779 3595 975 3672 judicandum.
1017 3600 1224 3675 Apostolorum
1245 3610 1291 3658 re's

91 3702 177 3768 gestae
192 3694 344 3768 perspicuo
358 3711 425 3750 sane
440 3705 506 3750 sunt
520 3706 685 3770 argumento
700 3713 764 3751 eum
777 3697 909 3753 statuisse
919 3697 1042 3774 Spiritus
1058 3699 1155 3756 Sancti
1171 3701 1291 3776 gratiam

92 3807 225 3846 manuum
242 3790 433 3865 impositionis
447 3791 501 3849 ritu
520 3794 651 3850 tribuere.

130 3891 179 3943 27.
203 3883 269 3962 obj.
287 3890 333 3943 11.
356 3885 474 3944 Haerent
488 3887 634 3965 Theologi
649 3908 770 3961 quanam
785 3891 814 3947 iu
831 3908 859 3946 re
875 3891 1050 3950 Sacramenti
1064 3893 1150 3969 hujus
1166 3895 1293 3952 essentia

91 3982 129 4039 sit
143 3981 356 4039 constituenda:
379 3993 445 4041 sunt
458 3984 535 4041 enim
557 3985 683 4057 quicum
705 3987 732 4043 in
755 3987 889 4043 unctione
904 3987 1065 4047 chrismatis
1080 4002 1234 4066 reponunt,
1257 3989 1291 4048 de

68 4097 148 4152 equa
175 4077 240 4135 silet
264 4079 426 4156 Scriptura3
450 4082 512 4139 aliis
532 4100 593 4140 eam
620 4083 650 4139 in
672 4102 807 4141 manuum
833 4086 1011 4154 extensione,
1027 4106 1112 4160 quam
1140 4107 1293 4165 perperam

92 4183 196 4233 vocant
226 4174 448 4250 impositionem,
476 4180 683 4246 statuentibus3
719 4180 782 4237 aliis
811 4181 840 4238 in
868 4180 948 4258 digiti
983 4195 1124 4253 contactu,
1154 4185 1224 4245 dum
1260 4187 1292 4247 fit

390 4336 430 4401 (1)
447 4335 477 4386 L.
488 4335 520 4386 iv.
532 4353 553 4387 c.
564 4338 632 4387 lxxv.

388 4422 430 4490 (2)
450 4422 479 4476 L.
491 4424 521 4473 de
534 4423 607 4490 Bapt.
620 4440 641 4474 c.
652 4423 684 4473 vi.

391 4509 433 4575 (3)
452 4508 482 4558 L.
493 4509 523 4558 de
533 4527 608 4560 resur.
619 4526 684 4560 curu·
696 4526 715 4560 c.
727 4508 778 4561 vii‘n

386 4595 426 4662 (4)
446 4595 543 4648 Summ.
554 4596 641 4648 Theol.
653 4613 678 4664 p.
689 4598 721 4657 iv,
733 4615 776 4662 qu.
788 4615 811 4652 v.
822 4598 931 4649 membro
940 4597 966 4649 ii.
976 4608 1021 4673 ert.
1036 4604 1058 4652 l.

391 4682 433 4748 (ὁ)
453 4683 513 4734 Ibid.
522 4699 565 4748 qu.
576 4683 611 4734 ix.
622 4686 730 4735 membru
741 4685 757 4736 i.
