2774 5056
91 315 150 374 luo
452 318 627 379 PATRUM
648 316 925 379 TESTIMONIA.

564 820 716 918 ¹cucur
736 857 790 916 vr.

427 1034 614 1086 PATRUM
639 1032 945 1086 TESTIMONIA.

132 1202 199 1259 101.
221 1199 326 1278 idjam
340 1200 396 1260 alte
409 1202 564 1280 praedicant
582 1200 769 1259 oxonienses
781 1200 812 1258 in
824 1199 994 1278 gravissima
1008 1216 1121 1274 quaque
1137 1195 1208 1256 fidei
1222 1216 1291 1260 con·

89 1298 235 1366 troversia,
260 1308 288 1356 et
315 1317 348 1356 ea
374 1299 517 1377 imprimis
549 1317 615 1372 quae
638 1297 713 1356 circa
745 1291 944 1355 eucharistiam
976 1304 1112 1363 versatur,
1142 1297 1291 1371 antiquam

90 1390 230 1452 Ecclesiae
258 1394 345 1453 fidem
366 1396 491 1473 regulam
516 1414 581 1453 esse
609 1394 790 1462 tutissimam,
808 1394 893 1471 juxta
919 1412 1004 1467 quam
1030 1390 1065 1451 de
1086 1392 1294 1470 scripturarum

90 1506 176 1546 seusu
189 1489 315 1567 judicare
329 1491 421 1550 liceat.
455 1491 503 1550 Ex
514 1491 549 1548 iis
565 1509 628 1565 quse
640 1489 818 1549 laudavimus
829 1490 998 1549 testimoniis
1010 1508 1056 1547 res
1070 1489 1139 1546 satis
1155 1501 1292 1557 constat3

91 1594 185 1662 patres
199 1588 306 1664 quippe
321 1588 358 1645 ita
372 1587 544 1664 interpretati
558 1596 624 1646 suut
638 1588 803 1664 scripturas,
819 1596 850 1645 ut
866 1605 971 1654 veram,
988 1585 1103 1653 realem,
1118 1593 1147 1642 et
1161 1586 1296 1643 substau-

90 1680 187 1738 tialem
202 1681 310 1740 Christi
333 1684 514 1760 praesentiam
536 1684 566 1743 in
589 1682 759 1741 eucharistia
772 1683 808 1740 iis
833 1682 905 1741 tradi
920 1690 1116 1760 agnoscerent,
1132 1700 1197 1754 quae
1213 1680 1288 1740 fides

91 1778 177 1837 totius
206 1780 348 1839 Ecclesiae
375 1781 439 1850 fuit,
461 1783 502 1840 uti
524 1800 562 1840 ex
579 1780 717 1855 loquendi
739 1781 858 1849 ratione,
873 1799 959 1853 quam
984 1788 1107 1848 servant,
1136 1779 1295 1858 colligitur.

93 1877 237 1938 Caeterum
250 1880 279 1937 iu
294 1899 324 1938 re
338 1881 406 1938 tanti
421 1881 559 1940 momenti
583 1899 641 1938 non
657 1880 736 1958 piget
749 1880 904 1949 Immorari,
919 1889 948 1937 et
961 1879 1075 1937 testium
1090 1878 1197 1936 nubem
1213 1877 1297 1963 esbi-

92 1975 169 2044 bere,
185 1975 260 2052 apud
274 1995 374 2036 omues
389 1977 466 2036 enim
476 1995 558 2035 veros
571 1996 664 2036 rerum
678 1977 862 2036 aestimatores
872 1975 985 2054 pondus
997 1975 1098 2034 habeat
1111 1992 1235 2034 necesse
1250 1984 1297 2033 est

92 2072 222 2131 omniurn
237 2072 406 2132 saeculorum
420 2095 437 2132 a
450 2073 570 2132 Christo
584 2073 668 2131 fides.

136 2172 204 2227 102.
225 2170 250 2228 1.
266 2170 403 2230 Smcuno.
432 2171 577 2230 quarms
598 2171 712 2248 Martyr
732 2170 781 2244 qui
806 2170 882 2228 circa
906 2188 1011 2229 anuum
1032 2169 1256 2247 nonagesimum
1277 2188 1295 2228 s

97 2264 216 2326 Christo
229 2277 295 2328 nato
310 2269 416 2338 floruit,
430 2280 459 2328 et
472 2269 681 2328 Antiochenam
697 2273 771 2327 rexit
783 2268 957 2336 Ecclesiam,
970 2267 1005 2326 de
1023 2267 1241 2327 Menandriauis
1263 2278 1294 2327 et

95 2365 282 2436 simonianis,
298 2348 347 2441 qui
362 2386 457 2427 veram
471 2384 585 2426 caruem
601 2366 748 2425 aChristo
762 2377 937 2444 assumptam
952 2384 1016 2424 esse
1030 2366 1179 2444 negabant,
1194 2384 1298 2444 agens,

94 2471 174 2520 notet
187 2481 237 2521 eos
252 2463 358 2522 idcirco
372 2465 407 2522 ab
419 2465 589 2523 eucharistia
600 2482 665 2522 sese
677 2464 819 2522 abstinere
832 2483 840 2521 ε
857 2473 876 2500 “
888 2464 933 2522 Ab
944 2461 1114 2520 eucharistie
1124 2471 1153 2521 et
1166 2462 1298 2521 oratIone
1319 2474 1332 2503 ¹·

94 2557 245 2625 abstinent,
269 2578 304 2617 eo
319 2561 396 2633 quod
420 2579 478 2618 non
493 2561 689 2628 confiteantur,
705 2560 903 2617 eucharistiam
925 2577 1039 2616 samem
1063 2576 1127 2616 esse
1142 2560 1299 2616 servatoris

95 2656 184 2712 nostri
198 2656 217 2713 J
219 2674 268 2713 esu
285 2657 404 2725 Christi,
416 2676 480 2730 quae
494 2676 546 2733 pro
561 2658 800 2733 peccatisnostris
812 2677 897 2733 passa
910 2667 1037 2729 est—op
1054 2655 1191 2726 ευχαριςίαν
1219 2655 1300 2726 σάρκα

93 2750 154 2804 εἶναι
165 2767 208 2805 rou
226 2752 329 2822 σῶτῆρος
347 2753 412 2823 ἤμων
427 2756 497 2822 Ιησόυ
514 2757 617 2823 Χριςόυ,
628 2757 674 2823 τὴν
686 2759 745 2824 υπὲρ
762 2752 884 2824 ἁμαρτιῶν
902 2755 967 2825 ἡμων
983 2745 1207 2815 zoboenus-Qui
1228 2764 1301 2823 ergo
1329 2825 1334 2833 Ι

95 2838 290 2897 contradicunt
313 2840 379 2897 huic
394 2840 469 2898 dono
495 2840 561 2909 Dei,
588 2840 752 2899 altercantes
775 2841 980 2900 moriuntur.’'1
1019 2841 1099 2918 Ergo
1123 2841 1300 2898 eucharistia

96 2936 301 3012 agnoscebatur
326 2957 343 2995 a
366 2937 498 2996 fidelibus
527 2955 593 2996 caro
614 2937 685 2996 Jesu
709 2938 830 3006 Christi,
854 2937 953 2997 eadem
976 2957 1038 3013 quae
1062 2957 1113 3015 pro
1137 2939 1223 2996 nobis
1250 2952 1298 3002 est

98 3051 193 3110 passa.

140 3134 206 3189 103.
229 3131 267 3189 II.
284 3132 422 3191 Smcuno.
443 3132 587 3194 Jusrtuus
604 3133 659 3200 M..
670 3132 796 3191 secundo
808 3132 913 3191 saeculo
927 3132 1023 3192 medio
1035 3133 1139 3192 floruit.
1175 3131 1301 3210 Insigne
1330 3196 1335 3207 ¹

96 3231 159 3308 ejus
181 3231 375 3290 testimonium
403 3232 456 3288 hac
484 3231 519 3288 de
543 3250 573 3289 re
593 3232 653 3308 jam
678 3231 930 3308 retulimus,juvat
944 3243 1036 3290 tamen
1052 3233 1197 3309 precipua
1212 3233 1302 3290 verba

95 3327 197 3386 iterum
212 3329 338 3386 recitare.
380 3328 495 3386 “Illam
511 3329 540 3387 iu
556 3347 612 3401 qua
626 3346 676 3405 per
690 3346 805 3405 precem
829 3329 920 3404 ipsius
936 3327 1078 3407 (Christi)
1101 3329 1187 3385 verba
1208 3330 1302 3387 conti·

98 3435 213 3486 nentem
227 3427 323 3505 gratiae
338 3439 406 3484 actae
422 3434 497 3494 sunt,
521 3426 684 3483 alimoniam
699 3444 736 3482 ex
751 3444 806 3497 qua
820 3425 935 3501 sanguis
961 3436 989 3497 et
1013 3445 1112 3484 carnes
1127 3438 1232 3483 nostrae
1249 3446 1304 3502 per

98 3523 283 3583 mutationem
307 3524 427 3591 aluntur,
454 3522 588 3582 incarnati
613 3523 688 3580 illius
712 3520 783 3579 Josu
808 3533 837 3579 et
858 3541 971 3580 carnem
993 3531 1021 3580 et
1041 3523 1210 3599 sanguinem
1234 3543 1303 3581 esse

99 3618 192 3678 edocti
206 3621 354 3681 sumus.’'⁸
394 3622 482 3681 Panis
497 3622 583 3700 igitur
597 3632 779 3680 consecratus
794 3641 859 3680 caro
873 3634 902 3680 et
922 3623 1038 3700 sanguis
1057 3620 1167 3680 Christi
1181 3642 1220 3681 ex
1235 3623 1306 3682 doe·

100 3715 173 3773 trina
186 3716 253 3774 fidei
268 3719 431 3787 habebatur,

141 3814 207 3868 104.
230 3811 261 3869 S.
278 3813 428 3882 insumus,
452 3813 677 3881 Valentinianos,
694 3814 743 3886 qui
769 3812 917 3872 Christum
941 3831 1006 3872 esse
1029 3815 1164 3873 creatoris
1189 3815 1303 3879 Filium

101 3912 250 3987 negabant,
273 3922 474 3988 etcorporum
499 3911 744 3976 resurrectionem,
770 3910 813 3968 sic
839 3911 972 3969 refellite
991 3910 1176 3979 “Quomodo
1204 3925 1331 3985 autem,

101 4009 240 4067 constabit
255 4009 388 4076 eis,‘eum
411 4027 524 4085 panem,
543 4009 645 4081 inquo
666 4008 761 4084 gratiae
776 4017 844 4066 actae
866 4018 942 4076 suut,
957 4024 1068 4067 cunnus
1088 4027 1159 4068 usse
1182 3992 1341 4077 Domiti

100 4125 158 4176 sur,
174 4126 214 4165 ur
228 4125 357 4165 canrcsn
371 4125 529 4165 sauuunus
543 4125 622 4174 nius,
638 4106 736 4164 sinon
756 4106 854 4182 ipsum
877 4107 1051 4167 fabricatoris
1068 4106 1168 4167 muudi
1189 4092 1341 4185 Filissfflsi

101 4203 205 4271 dicant,
220 4202 250 4261 id
264 4213 317 4270 est,
333 4202 459 4261 Verbum
474 4203 548 4280 ejus,
566 4221 617 4279 per
631 4201 709 4275 quod
719 4201 828 4277 lignum
841 4201 1000 4283 fructificat,
1012 4213 1042 4261 et
1052 4201 1184 4264 defluunt
1196 4206 1328 4283 fontes„

1330 4194 1341 4245 1·

101 4313 130 4358 et
144 4299 243 4378 (terra)
258 4298 305 4356 dat
319 4299 441 4374 primum
457 4300 574 4372 quidem
588 4301 707 4365 suenum,
723 4306 789 4373 post
802 4296 905 4356 deinde
919 4299 1040 4375 spicam,
1056 4298 1161 4359 deinde
1183 4303 1310 4380 pleuuut'
1332 4304 1341 4345 ἵ

101 4399 227 4456 triticum
242 4395 388 4472 inspicat
420 4394 572 4461 Quomodo
588 4405 681 4453 autem
697 4411 794 4451 rursus
810 4393 906 4453 dicunt
917 4413 1029 4454 carnem
1043 4394 1073 4452 iu
1087 4399 1309 4477 corruptionem

464 4624 468 4635 .
498 4573 540 4638 (l)
560 4572 600 4622 Ad
612 4572 786 4634 Smyrnenses.

501 4655 540 4723 42)
561 4657 635 4721 Apol.
646 4657 661 4706 i.
674 4672 698 4706 u.
711 4658 752 4704 66.
