<?xml version="1.0" encoding="UTF-8"?>
<!DOCTYPE html PUBLIC "-//W3C//DTD XHTML 1.0 Transitional//EN"
    "http://www.w3.org/TR/xhtml1/DTD/xhtml1-transitional.dtd">
<html xmlns="http://www.w3.org/1999/xhtml" xml:lang="en" lang="en">
 <head>
  <title>
</title>
<meta http-equiv="Content-Type" content="text/html;charset=utf-8" />
  <meta name='ocr-system' content='tesseract 3.04.00' />
  <meta name='ocr-capabilities' content='ocr_page ocr_carea ocr_par ocr_line ocrx_word'/>
</head>
<body>
  <div class='ocr_page' id='page_1' title='image "./theologidogmati03kenrgoog_0321.png"; bbox 0 0 2774 5056; ppageno 0'>
   <div class='ocr_carea' id='block_1_1' title="bbox 108 288 1138 357">
    <p class='ocr_par' dir='ltr' id='par_1_1' title="bbox 108 288 1138 357">
     <span class='ocr_line' id='line_1_1' title="bbox 108 288 1138 357; baseline -0.001 -5"><span class='ocrx_word' id='word_1_1' title='bbox 108 295 169 353; x_wconf 75' lang='lat'><strong>⁸18</strong></span> <span class='ocrx_word' id='word_1_2' title='bbox 280 292 338 357; x_wconf 83' lang='lat' dir='ltr'><strong>DE</strong></span> <span class='ocrx_word' id='word_1_3' title='bbox 359 291 612 355; x_wconf 78' lang='lat' dir='ltr'><strong>POTESTATE</strong></span> <span class='ocrx_word' id='word_1_4' title='bbox 632 290 907 353; x_wconf 71' lang='lat' dir='ltr'><strong>nummum</strong></span> <span class='ocrx_word' id='word_1_5' title='bbox 926 288 1138 353; x_wconf 77' lang='lat' dir='ltr'><strong>PEGOATA.</strong></span> 
     </span>
    </p>
   </div>
   <div class='ocr_carea' id='block_1_2' title="bbox 111 445 1324 4226">
    <p class='ocr_par' dir='ltr' id='par_1_2' title="bbox 111 445 1320 1309">
     <span class='ocr_line' id='line_1_2' title="bbox 111 445 1319 530; baseline -0.008 -15"><span class='ocrx_word' id='word_1_6' title='bbox 111 453 297 515; x_wconf 87' lang='lat' dir='ltr'><strong>remitterent.</strong></span> <span class='ocrx_word' id='word_1_7' title='bbox 338 451 412 512; x_wconf 78' lang='lat' dir='ltr'><strong>ileo</strong></span> <span class='ocrx_word' id='word_1_8' title='bbox 433 450 470 511; x_wconf 82' lang='lat' dir='ltr'><strong>sd</strong></span> <span class='ocrx_word' id='word_1_9' title='bbox 490 459 594 510; x_wconf 63' lang='lat' dir='ltr'><strong>sumta</strong></span> <span class='ocrx_word' id='word_1_10' title='bbox 616 449 653 510; x_wconf 90' lang='lat' dir='ltr'><strong>de</strong></span> <span class='ocrx_word' id='word_1_11' title='bbox 666 469 698 511; x_wconf 88' lang='lat' dir='ltr'><strong>re</strong></span> <span class='ocrx_word' id='word_1_12' title='bbox 719 450 882 530; x_wconf 69' lang='lat' dir='ltr'><strong>Religionis</strong></span> <span class='ocrx_word' id='word_1_13' title='bbox 894 449 1010 519; x_wconf 77' lang='lat' dir='ltr'><strong>referre,</strong></span> <span class='ocrx_word' id='word_1_14' title='bbox 1030 447 1134 509; x_wconf 84' lang='lat' dir='ltr'><strong>velud</strong></span> <span class='ocrx_word' id='word_1_15' title='bbox 1154 445 1319 525; x_wconf 71' lang='lat' dir='ltr'><strong>spirituum</strong></span> 
     </span>
     <span class='ocr_line' id='line_1_3' title="bbox 113 542 1320 624; baseline -0.006 -15"><span class='ocrx_word' id='word_1_16' title='bbox 113 549 328 618; x_wconf 77' lang='lat' dir='ltr'><strong>diremtimem,</strong></span> <span class='ocrx_word' id='word_1_17' title='bbox 343 549 390 609; x_wconf 82' lang='lat' dir='ltr'><strong>vel</strong></span> <span class='ocrx_word' id='word_1_18' title='bbox 402 548 438 609; x_wconf 88' lang='lat' dir='ltr'><strong>ad</strong></span> <span class='ocrx_word' id='word_1_19' title='bbox 448 549 535 608; x_wconf 78' lang='lat' dir='ltr'><strong>aliam</strong></span> <span class='ocrx_word' id='word_1_20' title='bbox 545 566 756 624; x_wconf 82' lang='lat' dir='ltr'><strong>quemeumque</strong></span> <span class='ocrx_word' id='word_1_21' title='bbox 775 548 983 615; x_wconf 74' lang='lat' dir='ltr'><strong>auctoritatem,</strong></span> <span class='ocrx_word' id='word_1_22' title='bbox 998 545 1044 605; x_wconf 87' lang='lat' dir='ltr'><strong>vel</strong></span> <span class='ocrx_word' id='word_1_23' title='bbox 1055 544 1181 614; x_wconf 70' lang='lat' dir='ltr'><strong>donum</strong></span> <span class='ocrx_word' id='word_1_24' title='bbox 1194 542 1320 605; x_wconf 76' lang='lat' dir='ltr'><strong>exoluta</strong></span> 
     </span>
     <span class='ocr_line' id='line_1_4' title="bbox 111 641 1318 724; baseline -0.007 -16"><span class='ocrx_word' id='word_1_25' title='bbox 111 644 275 709; x_wconf 85' lang='lat' dir='ltr'><strong>remittendi</strong></span> <span class='ocrx_word' id='word_1_26' title='bbox 287 656 404 724; x_wconf 79' lang='lat' dir='ltr'><strong>peecata</strong></span> <span class='ocrx_word' id='word_1_27' title='bbox 417 656 566 723; x_wconf 87' lang='lat' dir='ltr'><strong>potestate,</strong></span> <span class='ocrx_word' id='word_1_28' title='bbox 581 664 639 705; x_wconf 90' lang='lat' dir='ltr'><strong>non</strong></span> <span class='ocrx_word' id='word_1_29' title='bbox 649 657 695 705; x_wconf 79' lang='lat' dir='ltr'><strong>est</strong></span> <span class='ocrx_word' id='word_1_30' title='bbox 703 645 880 723; x_wconf 73' lang='lat' dir='ltr'><strong>Scriptum</strong></span> <span class='ocrx_word' id='word_1_31' title='bbox 892 643 1082 721; x_wconf 79' lang='lat' dir='ltr'><strong>interpretari,</strong></span> <span class='ocrx_word' id='word_1_32' title='bbox 1096 641 1150 701; x_wconf 88' lang='lat' dir='ltr'><strong>sed</strong></span> <span class='ocrx_word' id='word_1_33' title='bbox 1163 648 1318 720; x_wconf 74' lang='lat' dir='ltr'><strong>prosoetta</strong></span> 
     </span>
     <span class='ocr_line' id='line_1_5' title="bbox 114 739 1318 823; baseline -0.006 -19"><span class='ocrx_word' id='word_1_34' title='bbox 114 744 301 823; x_wconf 81' lang='lat' dir='ltr'><strong>prejudiciis,</strong></span> <span class='ocrx_word' id='word_1_35' title='bbox 322 743 369 803; x_wconf 83' lang='lat' dir='ltr'><strong>rel</strong></span> <span class='ocrx_word' id='word_1_36' title='bbox 393 743 461 803; x_wconf 90' lang='lat' dir='ltr'><strong>odio</strong></span> <span class='ocrx_word' id='word_1_37' title='bbox 483 744 609 803; x_wconf 80' lang='lat' dir='ltr'><strong>reritrtis</strong></span> <span class='ocrx_word' id='word_1_38' title='bbox 637 743 806 812; x_wconf 78' lang='lat' dir='ltr'><strong>Catholicae,</strong></span> <span class='ocrx_word' id='word_1_39' title='bbox 830 743 1009 817; x_wconf 73' lang='lat' dir='ltr'>detorquere.</span> <span class='ocrx_word' id='word_1_40' title='bbox 1051 741 1146 809; x_wconf 86' lang='lat' dir='ltr'><strong>Quam</strong></span> <span class='ocrx_word' id='word_1_41' title='bbox 1173 739 1318 799; x_wconf 79' lang='lat' dir='ltr'><strong>rationem</strong></span> 
     </span>
     <span class='ocr_line' id='line_1_6' title="bbox 113 837 1317 918; baseline -0.007 -18"><span class='ocrx_word' id='word_1_42' title='bbox 113 840 229 901; x_wconf 75' lang='lat' dir='ltr'>adducit</span> <span class='ocrx_word' id='word_1_43' title='bbox 251 840 455 900; x_wconf 83' lang='lat' dir='ltr'><strong>Rosenmuller</strong></span> <span class='ocrx_word' id='word_1_44' title='bbox 474 841 656 918; x_wconf 87' lang='lat' dir='ltr'><strong>ineptissima</strong></span> <span class='ocrx_word' id='word_1_45' title='bbox 676 851 738 906; x_wconf 83' lang='lat' dir='ltr'><strong>est;</strong></span> <span class='ocrx_word' id='word_1_46' title='bbox 760 840 892 913; x_wconf 83' lang='lat' dir='ltr'><strong>quemvis</strong></span> <span class='ocrx_word' id='word_1_47' title='bbox 913 839 991 898; x_wconf 87' lang='lat' dir='ltr'><strong>enim</strong></span> <span class='ocrx_word' id='word_1_48' title='bbox 1016 837 1164 897; x_wconf 75' lang='lat' dir='ltr'><strong>remittere</strong></span> <span class='ocrx_word' id='word_1_49' title='bbox 1183 843 1317 912; x_wconf 64' lang='lat' dir='ltr'><strong>peream</strong></span> 
     </span>
     <span class='ocr_line' id='line_1_7' title="bbox 115 932 1319 1016; baseline -0.005 -19"><span class='ocrx_word' id='word_1_50' title='bbox 115 956 170 997; x_wconf 89' lang='lat' dir='ltr'><strong>suo</strong></span> <span class='ocrx_word' id='word_1_51' title='bbox 185 939 263 1016; x_wconf 83' lang='lat' dir='ltr'><strong>juro,</strong></span> <span class='ocrx_word' id='word_1_52' title='bbox 277 937 343 998; x_wconf 88' lang='lat' dir='ltr'><strong>Deo</strong></span> <span class='ocrx_word' id='word_1_53' title='bbox 355 938 395 997; x_wconf 84' lang='lat' dir='ltr'><strong>sit</strong></span> <span class='ocrx_word' id='word_1_54' title='bbox 408 937 567 1016; x_wconf 85' lang='lat' dir='ltr'><strong>proprium,</strong></span> <span class='ocrx_word' id='word_1_55' title='bbox 582 937 631 997; x_wconf 86' lang='lat' dir='ltr'><strong>illa</strong></span> <span class='ocrx_word' id='word_1_56' title='bbox 651 947 747 997; x_wconf 91' lang='lat' dir='ltr'><strong>tamen</strong></span> <span class='ocrx_word' id='word_1_57' title='bbox 761 937 818 997; x_wconf 91' lang='lat' dir='ltr'><strong>Dei</strong></span> <span class='ocrx_word' id='word_1_58' title='bbox 831 937 949 996; x_wconf 89' lang='lat' dir='ltr'><strong>nomine</strong></span> <span class='ocrx_word' id='word_1_59' title='bbox 961 955 995 994; x_wconf 80' lang='lat' dir='ltr'><strong>se</strong></span> <span class='ocrx_word' id='word_1_60' title='bbox 1008 933 1145 995; x_wconf 87' lang='lat' dir='ltr'><strong>mandato</strong></span> <span class='ocrx_word' id='word_1_61' title='bbox 1159 932 1319 1000; x_wconf 72' lang='lat' dir='ltr'><strong>remittere,</strong></span> 
     </span>
     <span class='ocr_line' id='line_1_8' title="bbox 114 1024 1319 1112; baseline -0.006 -17"><span class='ocrx_word' id='word_1_62' title='bbox 114 1035 281 1095; x_wconf 87' lang='lat' dir='ltr'><strong>bominibus</strong></span> <span class='ocrx_word' id='word_1_63' title='bbox 303 1036 339 1094; x_wconf 86' lang='lat' dir='ltr'><strong>ab</strong></span> <span class='ocrx_word' id='word_1_64' title='bbox 360 1024 470 1112; x_wconf 81' lang='lat' dir='ltr'><strong>ipsoiu</strong></span> <span class='ocrx_word' id='word_1_65' title='bbox 492 1033 522 1093; x_wconf 92' lang='lat' dir='ltr'><strong>id</strong></span> <span class='ocrx_word' id='word_1_66' title='bbox 536 1035 663 1095; x_wconf 88' lang='lat' dir='ltr'><strong>muneris</strong></span> <span class='ocrx_word' id='word_1_67' title='bbox 683 1034 822 1112; x_wconf 79' lang='lat' dir='ltr'><strong>delegatis</strong></span> <span class='ocrx_word' id='word_1_68' title='bbox 842 1033 988 1102; x_wconf 75' lang='lat' dir='ltr'><strong>convenit,</strong></span> <span class='ocrx_word' id='word_1_69' title='bbox 998 1031 1123 1106; x_wconf 89' lang='lat' dir='ltr'><strong>ideoque</strong></span> <span class='ocrx_word' id='word_1_70' title='bbox 1143 1048 1205 1091; x_wconf 87' lang='lat' dir='ltr'><strong>non</strong></span> <span class='ocrx_word' id='word_1_71' title='bbox 1226 1046 1319 1089; x_wconf 86' lang='lat' dir='ltr'><strong>sensu</strong></span> 
     </span>
     <span class='ocr_line' id='line_1_9' title="bbox 115 1126 1320 1210; baseline -0.004 -19"><span class='ocrx_word' id='word_1_72' title='bbox 115 1132 269 1200; x_wconf 75' lang='lat' dir='ltr'><strong>lstimimo,</strong></span> <span class='ocrx_word' id='word_1_73' title='bbox 283 1131 335 1191; x_wconf 88' lang='lat' dir='ltr'><strong>sed</strong></span> <span class='ocrx_word' id='word_1_74' title='bbox 349 1151 418 1191; x_wconf 83' lang='lat' dir='ltr'><strong>vero</strong></span> <span class='ocrx_word' id='word_1_75' title='bbox 428 1143 459 1190; x_wconf 90' lang='lat' dir='ltr'><strong>et</strong></span> <span class='ocrx_word' id='word_1_76' title='bbox 471 1132 589 1209; x_wconf 88' lang='lat' dir='ltr'><strong>proprio</strong></span> <span class='ocrx_word' id='word_1_77' title='bbox 602 1132 688 1191; x_wconf 89' lang='lat' dir='ltr'><strong>tribui</strong></span> <span class='ocrx_word' id='word_1_78' title='bbox 704 1142 801 1209; x_wconf 83' lang='lat' dir='ltr'><strong>potest</strong></span> <span class='ocrx_word' id='word_1_79' title='bbox 813 1134 836 1191; x_wconf 88' lang='lat' dir='ltr'><strong>A</strong></span> <span class='ocrx_word' id='word_1_80' title='bbox 839 1131 972 1210; x_wconf 83' lang='lat' dir='ltr'><strong>postolis,</strong></span> <span class='ocrx_word' id='word_1_81' title='bbox 986 1130 1087 1189; x_wconf 82' lang='lat' dir='ltr'><strong>aliisve</strong></span> <span class='ocrx_word' id='word_1_82' title='bbox 1099 1129 1248 1207; x_wconf 76' lang='lat' dir='ltr'><strong>legatione</strong></span> <span class='ocrx_word' id='word_1_83' title='bbox 1261 1126 1320 1187; x_wconf 87' lang='lat' dir='ltr'><strong>Dei</strong></span> 
     </span>
     <span class='ocr_line' id='line_1_10' title="bbox 114 1229 884 1309; baseline -0.008 -20"><span class='ocrx_word' id='word_1_84' title='bbox 114 1229 509 1309; x_wconf 75' lang='lat' dir='ltr'><strong>adhomiuesiungentibus.</strong></span> <span class='ocrx_word' id='word_1_85' title='bbox 882 1279 884 1283; x_wconf 81' lang='grc'>,</span> 
     </span>
    </p>

    <p class='ocr_par' dir='ltr' id='par_1_3' title="bbox 113 1323 1323 1966">
     <span class='ocr_line' id='line_1_11' title="bbox 154 1323 1317 1407; baseline -0.005 -20"><span class='ocrx_word' id='word_1_86' title='bbox 154 1332 205 1387; x_wconf 77' lang='lat'><strong>27.</strong></span> <span class='ocrx_word' id='word_1_87' title='bbox 229 1325 296 1407; x_wconf 83' lang='lat' dir='ltr'><strong>Odj.</strong></span> <span class='ocrx_word' id='word_1_88' title='bbox 312 1333 340 1387; x_wconf 81' lang='grc'><strong>5.</strong></span> <span class='ocrx_word' id='word_1_89' title='bbox 372 1327 513 1406; x_wconf 80' lang='lat' dir='ltr'><strong>Ligabant</strong></span> <span class='ocrx_word' id='word_1_90' title='bbox 532 1337 697 1405; x_wconf 82' lang='lat' dir='ltr'><strong>poenatores</strong></span> <span class='ocrx_word' id='word_1_91' title='bbox 721 1326 867 1405; x_wconf 75' lang='lat' dir='ltr'><strong>Apostoli,</strong></span> <span class='ocrx_word' id='word_1_92' title='bbox 888 1345 989 1405; x_wconf 86' lang='lat' dir='ltr'><strong>penas</strong></span> <span class='ocrx_word' id='word_1_93' title='bbox 1016 1323 1257 1399; x_wconf 79' lang='lat' dir='ltr'><strong>delinquentibus</strong></span> <span class='ocrx_word' id='word_1_94' title='bbox 1277 1340 1317 1381; x_wconf 87' lang='lat' dir='ltr'><strong>ex</strong></span> 
     </span>
     <span class='ocr_line' id='line_1_12' title="bbox 113 1421 1320 1503; baseline -0.005 -18"><span class='ocrx_word' id='word_1_95' title='bbox 113 1423 214 1485; x_wconf 81' lang='lat' dir='ltr'><strong>divino</strong></span> <span class='ocrx_word' id='word_1_96' title='bbox 227 1425 362 1484; x_wconf 88' lang='lat' dir='ltr'><strong>instinotu</strong></span> <span class='ocrx_word' id='word_1_97' title='bbox 383 1425 551 1503; x_wconf 83' lang='lat' dir='ltr'><strong>irrogantes,</strong></span> <span class='ocrx_word' id='word_1_98' title='bbox 564 1425 640 1483; x_wconf 87' lang='lat' dir='ltr'><strong>sieut</strong></span> <span class='ocrx_word' id='word_1_99' title='bbox 652 1424 756 1484; x_wconf 87' lang='lat' dir='ltr'><strong>Petrus</strong></span> <span class='ocrx_word' id='word_1_100' title='bbox 769 1425 889 1502; x_wconf 81' lang='lat' dir='ltr'><strong>punivit</strong></span> <span class='ocrx_word' id='word_1_101' title='bbox 901 1424 1043 1484; x_wconf 65' lang='lat' dir='ltr'><strong>ueniam</strong></span> <span class='ocrx_word' id='word_1_102' title='bbox 1066 1433 1097 1481; x_wconf 92' lang='lat' dir='ltr'><strong>et</strong></span> <span class='ocrx_word' id='word_1_103' title='bbox 1121 1421 1320 1499; x_wconf 69' lang='lat' dir='ltr'><strong>Sapplriramt</strong></span> 
     </span>
     <span class='ocr_line' id='line_1_13' title="bbox 116 1514 1323 1598; baseline -0.005 -18"><span class='ocrx_word' id='word_1_104' title='bbox 116 1521 274 1590; x_wconf 82' lang='lat' dir='ltr'><strong>solvebant,</strong></span> <span class='ocrx_word' id='word_1_105' title='bbox 288 1522 404 1581; x_wconf 88' lang='lat' dir='ltr'><strong>morbos</strong></span> <span class='ocrx_word' id='word_1_106' title='bbox 417 1520 546 1580; x_wconf 88' lang='lat' dir='ltr'><strong>sanando</strong></span> <span class='ocrx_word' id='word_1_107' title='bbox 560 1522 597 1580; x_wconf 94' lang='lat' dir='ltr'><strong>ob</strong></span> <span class='ocrx_word' id='word_1_108' title='bbox 611 1531 760 1598; x_wconf 78' lang='lat' dir='ltr'><strong>peceatrm</strong></span> <span class='ocrx_word' id='word_1_109' title='bbox 775 1522 933 1581; x_wconf 77' lang='lat' dir='ltr'><strong>immissos.</strong></span> <span class='ocrx_word' id='word_1_110' title='bbox 974 1519 1157 1580; x_wconf 85' lang='lat' dir='ltr'><strong>“Pertinere</strong></span> <span class='ocrx_word' id='word_1_111' title='bbox 1170 1518 1231 1577; x_wconf 89' lang='lat' dir='ltr'><strong>buo</strong></span> <span class='ocrx_word' id='word_1_112' title='bbox 1243 1514 1323 1575; x_wconf 86' lang='lat' dir='ltr'><strong>ride-</strong></span> 
     </span>
     <span class='ocr_line' id='line_1_14' title="bbox 115 1616 1322 1696; baseline -0.005 -17"><span class='ocrx_word' id='word_1_113' title='bbox 115 1630 163 1679; x_wconf 88' lang='lat' dir='ltr'><strong>tur</strong></span> <span class='ocrx_word' id='word_1_114' title='bbox 174 1619 286 1678; x_wconf 75' lang='lat' dir='ltr'><strong>visibile</strong></span> <span class='ocrx_word' id='word_1_115' title='bbox 299 1621 414 1696; x_wconf 77' lang='lat' dir='ltr'><strong>signum</strong></span> <span class='ocrx_word' id='word_1_116' title='bbox 429 1618 609 1677; x_wconf 88' lang='lat' dir='ltr'><strong>remissionis</strong></span> <span class='ocrx_word' id='word_1_117' title='bbox 619 1629 800 1694; x_wconf 83' lang='lat' dir='ltr'><strong>peecatmum</strong></span> <span class='ocrx_word' id='word_1_118' title='bbox 812 1619 921 1679; x_wconf 87' lang='lat' dir='ltr'><strong>sanatio</strong></span> <span class='ocrx_word' id='word_1_119' title='bbox 932 1618 1109 1685; x_wconf 89' lang='lat' dir='ltr'><strong>morborum,</strong></span> <span class='ocrx_word' id='word_1_120' title='bbox 1119 1616 1160 1675; x_wconf 92' lang='lat' dir='ltr'><strong>ob</strong></span> <span class='ocrx_word' id='word_1_121' title='bbox 1168 1623 1322 1693; x_wconf 68' lang='lat' dir='ltr'><strong>peoomn</strong></span> 
     </span>
     <span class='ocr_line' id='line_1_15' title="bbox 116 1712 1322 1783; baseline -0.002 -11"><span class='ocrx_word' id='word_1_122' title='bbox 116 1713 301 1781; x_wconf 84' lang='lat' dir='ltr'><strong>inflictorum,</strong></span> <span class='ocrx_word' id='word_1_123' title='bbox 316 1713 335 1772; x_wconf 90' lang='lat' dir='ltr'>J</span> <span class='ocrx_word' id='word_1_124' title='bbox 337 1734 379 1772; x_wconf 88' lang='lat' dir='ltr'><strong>ae.</strong></span> <span class='ocrx_word' id='word_1_125' title='bbox 396 1732 424 1772; x_wconf 88' lang='lat' dir='ltr'><strong>r.</strong></span> <span class='ocrx_word' id='word_1_126' title='bbox 439 1717 486 1783; x_wconf 80' lang='lat'><strong>14,</strong></span> <span class='ocrx_word' id='word_1_127' title='bbox 500 1724 529 1772; x_wconf 92' lang='lat' dir='ltr'><strong>et</strong></span> <span class='ocrx_word' id='word_1_128' title='bbox 542 1714 684 1773; x_wconf 74' lang='lat' dir='ltr'><strong>immissio</strong></span> <span class='ocrx_word' id='word_1_129' title='bbox 699 1714 862 1774; x_wconf 89' lang='lat' dir='ltr'><strong>morborum</strong></span> <span class='ocrx_word' id='word_1_130' title='bbox 877 1714 923 1773; x_wconf 87' lang='lat' dir='ltr'><strong>vel</strong></span> <span class='ocrx_word' id='word_1_131' title='bbox 937 1715 1060 1773; x_wconf 84' lang='lat' dir='ltr'><strong>aliorum</strong></span> <span class='ocrx_word' id='word_1_132' title='bbox 1080 1712 1237 1780; x_wconf 85' lang='lat' dir='ltr'><strong>malorum,</strong></span> <span class='ocrx_word' id='word_1_133' title='bbox 1251 1721 1322 1771; x_wconf 88' lang='lat' dir='ltr'><strong>tam·</strong></span> 
     </span>
     <span class='ocr_line' id='line_1_16' title="bbox 114 1807 1319 1889; baseline -0.001 -20"><span class='ocrx_word' id='word_1_134' title='bbox 114 1827 204 1883; x_wconf 86' lang='lat' dir='ltr'><strong>quam</strong></span> <span class='ocrx_word' id='word_1_135' title='bbox 234 1810 347 1870; x_wconf 83' lang='lat' dir='ltr'><strong>visibile</strong></span> <span class='ocrx_word' id='word_1_136' title='bbox 370 1812 487 1889; x_wconf 76' lang='lat' dir='ltr'><strong>signum</strong></span> <span class='ocrx_word' id='word_1_137' title='bbox 506 1811 673 1871; x_wconf 82' lang='lat' dir='ltr'><strong>retentionis</strong></span> <span class='ocrx_word' id='word_1_138' title='bbox 694 1821 886 1888; x_wconf 77' lang='lat' dir='ltr'><strong>peoesmrum,</strong></span> <span class='ocrx_word' id='word_1_139' title='bbox 896 1812 953 1871; x_wconf 89' lang='lat' dir='ltr'><strong>Aet</strong></span> <span class='ocrx_word' id='word_1_140' title='bbox 973 1829 1001 1870; x_wconf 84' lang='lat' dir='ltr'><strong>r.</strong></span> <span class='ocrx_word' id='word_1_141' title='bbox 1022 1815 1053 1879; x_wconf 81' lang='lat' dir='ltr'><strong>o,</strong></span> <span class='ocrx_word' id='word_1_142' title='bbox 1063 1809 1165 1869; x_wconf 79' lang='lat' dir='ltr'><strong>xiiii.</strong></span> <span class='ocrx_word' id='word_1_143' title='bbox 1207 1808 1234 1869; x_wconf 89' lang='lat'><strong>1.</strong></span> <span class='ocrx_word' id='word_1_144' title='bbox 1249 1807 1319 1869; x_wconf 79' lang='lat' dir='ltr'><strong>Cor.</strong></span> 
     </span>
     <span class='ocr_line' id='line_1_17' title="bbox 116 1906 228 1966; baseline 0 -34"><span class='ocrx_word' id='word_1_145' title='bbox 116 1927 145 1966; x_wconf 62' lang='lat' dir='ltr'><strong>v·</strong></span> <span class='ocrx_word' id='word_1_146' title='bbox 161 1906 228 1965; x_wconf 46' lang='lat'><strong>⁵:52</strong></span> 
     </span>
    </p>

    <p class='ocr_par' dir='ltr' id='par_1_4' title="bbox 116 2000 1323 2762">
     <span class='ocr_line' id='line_1_18' title="bbox 156 2000 1321 2082; baseline -0.002 -22"><span class='ocrx_word' id='word_1_147' title='bbox 156 2001 249 2082; x_wconf 82' lang='lat' dir='ltr'><strong>Resp.</strong></span> <span class='ocrx_word' id='word_1_148' title='bbox 270 2002 345 2062; x_wconf 82' lang='lat' dir='ltr'><strong>ideo</strong></span> <span class='ocrx_word' id='word_1_149' title='bbox 371 2004 488 2063; x_wconf 89' lang='lat' dir='ltr'><strong>nonnisi</strong></span> <span class='ocrx_word' id='word_1_150' title='bbox 509 2021 561 2080; x_wconf 85' lang='lat' dir='ltr'><strong>per</strong></span> <span class='ocrx_word' id='word_1_151' title='bbox 586 2022 730 2062; x_wconf 87' lang='lat' dir='ltr'><strong>summam</strong></span> <span class='ocrx_word' id='word_1_152' title='bbox 746 2004 803 2063; x_wconf 81' lang='lat' dir='ltr'><strong>rim</strong></span> <span class='ocrx_word' id='word_1_153' title='bbox 823 2022 862 2062; x_wconf 88' lang='lat' dir='ltr'><strong>ex</strong></span> <span class='ocrx_word' id='word_1_154' title='bbox 882 2002 993 2063; x_wconf 81' lang='lat' dir='ltr'><strong>Christi</strong></span> <span class='ocrx_word' id='word_1_155' title='bbox 1019 2001 1115 2061; x_wconf 83' lang='lat' dir='ltr'><strong>serbis</strong></span> <span class='ocrx_word' id='word_1_156' title='bbox 1134 2000 1321 2079; x_wconf 76' lang='lat' dir='ltr'><strong>colliguntur.</strong></span> 
     </span>
     <span class='ocr_line' id='line_1_19' title="bbox 117 2097 1322 2185; baseline -0.001 -27"><span class='ocrx_word' id='word_1_157' title='bbox 117 2098 205 2169; x_wconf 85' lang='lat' dir='ltr'><strong>Quod</strong></span> <span class='ocrx_word' id='word_1_158' title='bbox 230 2101 350 2173; x_wconf 72' lang='lat' dir='ltr'><strong>Ananip</strong></span> <span class='ocrx_word' id='word_1_159' title='bbox 370 2110 400 2159; x_wconf 91' lang='lat' dir='ltr'><strong>et</strong></span> <span class='ocrx_word' id='word_1_160' title='bbox 424 2101 576 2178; x_wconf 77' lang='lat' dir='ltr'><strong>Sapphirae</strong></span> <span class='ocrx_word' id='word_1_161' title='bbox 596 2101 717 2178; x_wconf 80' lang='lat' dir='ltr'><strong>contigit</strong></span> <span class='ocrx_word' id='word_1_162' title='bbox 741 2101 771 2160; x_wconf 89' lang='lat' dir='ltr'><strong>in</strong></span> <span class='ocrx_word' id='word_1_163' title='bbox 790 2099 968 2185; x_wconf 79' lang='lat' dir='ltr'><strong>deceptionis</strong></span> <span class='ocrx_word' id='word_1_164' title='bbox 982 2116 1108 2178; x_wconf 83' lang='lat' dir='ltr'><strong>penam,</strong></span> <span class='ocrx_word' id='word_1_165' title='bbox 1123 2097 1192 2159; x_wconf 88' lang='lat' dir='ltr'><strong>Deo</strong></span> <span class='ocrx_word' id='word_1_166' title='bbox 1206 2107 1322 2157; x_wconf 79' lang='lat' dir='ltr'><strong>mamre</strong></span> 
     </span>
     <span class='ocr_line' id='line_1_20' title="bbox 116 2194 1322 2274; baseline -0.003 -17"><span class='ocrx_word' id='word_1_167' title='bbox 116 2198 223 2257; x_wconf 83' lang='lat' dir='ltr'><strong>fautum</strong></span> <span class='ocrx_word' id='word_1_168' title='bbox 250 2209 297 2256; x_wconf 88' lang='lat' dir='ltr'><strong>est</strong></span> <span class='ocrx_word' id='word_1_169' title='bbox 320 2199 351 2257; x_wconf 92' lang='lat' dir='ltr'><strong>in</strong></span> <span class='ocrx_word' id='word_1_170' title='bbox 374 2197 496 2257; x_wconf 86' lang='lat' dir='ltr'><strong>aliorum</strong></span> <span class='ocrx_word' id='word_1_171' title='bbox 520 2208 668 2266; x_wconf 82' lang='lat' dir='ltr'><strong>terrorem,</strong></span> <span class='ocrx_word' id='word_1_172' title='bbox 689 2196 792 2257; x_wconf 89' lang='lat' dir='ltr'><strong>neoad</strong></span> <span class='ocrx_word' id='word_1_173' title='bbox 813 2197 940 2257; x_wconf 83' lang='lat' dir='ltr'><strong>muneris</strong></span> <span class='ocrx_word' id='word_1_174' title='bbox 965 2195 1127 2274; x_wconf 87' lang='lat' dir='ltr'><strong>Apostolioi</strong></span> <span class='ocrx_word' id='word_1_175' title='bbox 1150 2194 1322 2255; x_wconf 87' lang='lat' dir='ltr'><strong>exoreitinm</strong></span> 
     </span>
     <span class='ocr_line' id='line_1_21' title="bbox 116 2291 1323 2373; baseline -0.002 -19"><span class='ocrx_word' id='word_1_176' title='bbox 116 2295 331 2373; x_wconf 84' lang='lat' dir='ltr'><strong>potestreferri.</strong></span> <span class='ocrx_word' id='word_1_177' title='bbox 372 2296 542 2356; x_wconf 89' lang='lat' dir='ltr'><strong>Morborum</strong></span> <span class='ocrx_word' id='word_1_178' title='bbox 562 2296 671 2355; x_wconf 75' lang='lat' dir='ltr'><strong>euntio</strong></span> <span class='ocrx_word' id='word_1_179' title='bbox 685 2295 889 2373; x_wconf 76' lang='lat' dir='ltr'><strong>Apostolorum</strong></span> <span class='ocrx_word' id='word_1_180' title='bbox 903 2313 992 2372; x_wconf 81' lang='lat' dir='ltr'><strong>opere</strong></span> <span class='ocrx_word' id='word_1_181' title='bbox 1002 2312 1083 2371; x_wconf 78' lang='lat' dir='ltr'><strong>sepe</strong></span> <span class='ocrx_word' id='word_1_182' title='bbox 1101 2293 1237 2372; x_wconf 77' lang='lat' dir='ltr'><strong>contigit,</strong></span> <span class='ocrx_word' id='word_1_183' title='bbox 1253 2291 1323 2352; x_wconf 70' lang='lat' dir='ltr'><strong>mo</strong></span> 
     </span>
     <span class='ocr_line' id='line_1_22' title="bbox 117 2389 1323 2461; baseline 0 -11"><span class='ocrx_word' id='word_1_184' title='bbox 117 2391 173 2451; x_wconf 90' lang='lat' dir='ltr'><strong>hae</strong></span> <span class='ocrx_word' id='word_1_185' title='bbox 186 2394 295 2453; x_wconf 91' lang='lat' dir='ltr'><strong>ratione</strong></span> <span class='ocrx_word' id='word_1_186' title='bbox 309 2411 408 2453; x_wconf 90' lang='lat' dir='ltr'><strong>eorum</strong></span> <span class='ocrx_word' id='word_1_187' title='bbox 430 2392 617 2452; x_wconf 81' lang='lat' dir='ltr'><strong>confirmante</strong></span> <span class='ocrx_word' id='word_1_188' title='bbox 631 2395 846 2461; x_wconf 72' lang='lat' dir='ltr'><strong>austeritatem</strong></span> <span class='ocrx_word' id='word_1_189' title='bbox 867 2390 920 2450; x_wconf 88' lang='lat' dir='ltr'><strong>aed</strong></span> <span class='ocrx_word' id='word_1_190' title='bbox 933 2391 1036 2453; x_wconf 86' lang='lat' dir='ltr'><strong>Jeeobi</strong></span> <span class='ocrx_word' id='word_1_191' title='bbox 1056 2389 1167 2451; x_wconf 90' lang='lat' dir='ltr'><strong>dietum</strong></span> <span class='ocrx_word' id='word_1_192' title='bbox 1180 2389 1218 2449; x_wconf 89' lang='lat' dir='ltr'><strong>ad</strong></span> <span class='ocrx_word' id='word_1_193' title='bbox 1231 2399 1323 2450; x_wconf 81' lang='lat' dir='ltr'><strong>extre·</strong></span> 
     </span>
     <span class='ocr_line' id='line_1_23' title="bbox 117 2487 1322 2567; baseline -0.002 -19"><span class='ocrx_word' id='word_1_194' title='bbox 117 2508 172 2548; x_wconf 86' lang='lat' dir='ltr'><strong>mae</strong></span> <span class='ocrx_word' id='word_1_195' title='bbox 184 2492 327 2550; x_wconf 83' lang='lat' dir='ltr'><strong>unctionis</strong></span> <span class='ocrx_word' id='word_1_196' title='bbox 339 2491 423 2550; x_wconf 91' lang='lat' dir='ltr'><strong>ritum</strong></span> <span class='ocrx_word' id='word_1_197' title='bbox 436 2500 557 2567; x_wconf 83' lang='lat' dir='ltr'><strong>spectat,</strong></span> <span class='ocrx_word' id='word_1_198' title='bbox 571 2491 613 2548; x_wconf 90' lang='lat' dir='ltr'><strong>uti</strong></span> <span class='ocrx_word' id='word_1_199' title='bbox 627 2501 727 2567; x_wconf 88' lang='lat' dir='ltr'><strong>postea</strong></span> <span class='ocrx_word' id='word_1_200' title='bbox 738 2490 929 2566; x_wconf 86' lang='lat' dir='ltr'><strong>probabimus.</strong></span> <span class='ocrx_word' id='word_1_201' title='bbox 971 2487 1056 2547; x_wconf 91' lang='lat' dir='ltr'><strong>Nihil</strong></span> <span class='ocrx_word' id='word_1_202' title='bbox 1068 2487 1156 2547; x_wconf 90' lang='lat' dir='ltr'><strong>estin</strong></span> <span class='ocrx_word' id='word_1_203' title='bbox 1170 2487 1322 2565; x_wconf 84' lang='lat' dir='ltr'><strong>Apostolo·</strong></span> 
     </span>
     <span class='ocr_line' id='line_1_24' title="bbox 117 2585 1322 2666; baseline -0.001 -21"><span class='ocrx_word' id='word_1_204' title='bbox 117 2607 181 2646; x_wconf 89' lang='lat' dir='ltr'><strong>rum</strong></span> <span class='ocrx_word' id='word_1_205' title='bbox 196 2590 280 2646; x_wconf 87' lang='lat' dir='ltr'><strong>rebus</strong></span> <span class='ocrx_word' id='word_1_206' title='bbox 295 2591 382 2666; x_wconf 86' lang='lat' dir='ltr'><strong>gestis</strong></span> <span class='ocrx_word' id='word_1_207' title='bbox 398 2589 476 2662; x_wconf 90' lang='lat' dir='ltr'><strong>quod</strong></span> <span class='ocrx_word' id='word_1_208' title='bbox 487 2590 601 2648; x_wconf 90' lang='lat' dir='ltr'><strong>obviam</strong></span> <span class='ocrx_word' id='word_1_209' title='bbox 618 2589 766 2647; x_wconf 84' lang='lat' dir='ltr'><strong>verborum</strong></span> <span class='ocrx_word' id='word_1_210' title='bbox 781 2587 891 2647; x_wconf 83' lang='lat' dir='ltr'><strong>Christi</strong></span> <span class='ocrx_word' id='word_1_211' title='bbox 903 2588 961 2647; x_wconf 86' lang='lat' dir='ltr'><strong>rim</strong></span> <span class='ocrx_word' id='word_1_212' title='bbox 975 2586 1011 2645; x_wconf 90' lang='lat' dir='ltr'><strong>de</strong></span> <span class='ocrx_word' id='word_1_213' title='bbox 1024 2586 1206 2645; x_wconf 89' lang='lat' dir='ltr'><strong>remittendis</strong></span> <span class='ocrx_word' id='word_1_214' title='bbox 1220 2596 1251 2645; x_wconf 89' lang='lat' dir='ltr'><strong>et</strong></span> <span class='ocrx_word' id='word_1_215' title='bbox 1261 2585 1322 2645; x_wconf 92' lang='lat' dir='ltr'><strong>reti·</strong></span> 
     </span>
     <span class='ocr_line' id='line_1_25' title="bbox 117 2686 510 2762; baseline -0.005 -18"><span class='ocrx_word' id='word_1_216' title='bbox 117 2686 220 2744; x_wconf 90' lang='lat' dir='ltr'><strong>uendis</strong></span> <span class='ocrx_word' id='word_1_217' title='bbox 236 2687 362 2762; x_wconf 83' lang='lat' dir='ltr'><strong>peccatis</strong></span> <span class='ocrx_word' id='word_1_218' title='bbox 376 2686 510 2743; x_wconf 87' lang='lat' dir='ltr'><strong>infirmet.</strong></span> 
     </span>
    </p>

    <p class='ocr_par' dir='ltr' id='par_1_5' title="bbox 118 2780 1321 3051">
     <span class='ocr_line' id='line_1_26' title="bbox 158 2780 1321 2860; baseline -0.002 -20"><span class='ocrx_word' id='word_1_219' title='bbox 158 2788 207 2840; x_wconf 79' lang='lat'><strong>28.</strong></span> <span class='ocrx_word' id='word_1_220' title='bbox 233 2782 300 2860; x_wconf 81' lang='lat' dir='ltr'><strong>obj.</strong></span> <span class='ocrx_word' id='word_1_221' title='bbox 316 2788 345 2842; x_wconf 86' lang='grc'><strong>6.</strong></span> <span class='ocrx_word' id='word_1_222' title='bbox 368 2793 388 2819; x_wconf 89' lang='grc'>“</span> <span class='ocrx_word' id='word_1_223' title='bbox 398 2782 559 2841; x_wconf 75' lang='lat' dir='ltr'><strong>Remittere</strong></span> <span class='ocrx_word' id='word_1_224' title='bbox 567 2791 690 2860; x_wconf 82' lang='lat' dir='ltr'><strong>peccato</strong></span> <span class='ocrx_word' id='word_1_225' title='bbox 705 2794 896 2860; x_wconf 86' lang='lat' dir='ltr'><strong>potestesse:</strong></span> <span class='ocrx_word' id='word_1_226' title='bbox 919 2783 1084 2842; x_wconf 87' lang='lat' dir='ltr'><strong>hominibus</strong></span> <span class='ocrx_word' id='word_1_227' title='bbox 1099 2780 1257 2852; x_wconf 83' lang='lat' dir='ltr'><strong>declarare,</strong></span> <span class='ocrx_word' id='word_1_228' title='bbox 1272 2798 1321 2840; x_wconf 89' lang='lat' dir='ltr'><strong>eos</strong></span> 
     </span>
     <span class='ocr_line' id='line_1_27' title="bbox 118 2881 1319 2959; baseline -0.002 -17"><span class='ocrx_word' id='word_1_229' title='bbox 118 2884 222 2942; x_wconf 90' lang='lat' dir='ltr'><strong>habere</strong></span> <span class='ocrx_word' id='word_1_230' title='bbox 237 2881 332 2940; x_wconf 87' lang='lat' dir='ltr'><strong>Deum</strong></span> <span class='ocrx_word' id='word_1_231' title='bbox 347 2883 512 2958; x_wconf 90' lang='lat' dir='ltr'><strong>propitium,</strong></span> <span class='ocrx_word' id='word_1_232' title='bbox 528 2884 553 2939; x_wconf 88' lang='lat' dir='ltr'><strong>si</strong></span> <span class='ocrx_word' id='word_1_233' title='bbox 575 2901 679 2958; x_wconf 89' lang='lat' dir='ltr'><strong>nempe</strong></span> <span class='ocrx_word' id='word_1_234' title='bbox 693 2883 872 2959; x_wconf 81' lang='lat' dir='ltr'><strong>resipiscant,</strong></span> <span class='ocrx_word' id='word_1_235' title='bbox 888 2893 916 2941; x_wconf 92' lang='lat' dir='ltr'><strong>et</strong></span> <span class='ocrx_word' id='word_1_236' title='bbox 929 2881 1087 2941; x_wconf 82' lang='lat' dir='ltr'><strong>doctrinam</strong></span> <span class='ocrx_word' id='word_1_237' title='bbox 1101 2883 1176 2958; x_wconf 87' lang='lat' dir='ltr'><strong>ipsis</strong></span> <span class='ocrx_word' id='word_1_238' title='bbox 1191 2881 1319 2941; x_wconf 85' lang='lat' dir='ltr'><strong>traditam</strong></span> 
     </span>
     <span class='ocr_line' id='line_1_28' title="bbox 118 2977 582 3051; baseline -0.004 -12"><span class='ocrx_word' id='word_1_239' title='bbox 118 2977 307 3051; x_wconf 83' lang='lat' dir='ltr'><strong>sequantur.”</strong></span> <span class='ocrx_word' id='word_1_240' title='bbox 351 2978 582 3037; x_wconf 78' lang='lat' dir='ltr'><strong>Rosenmiiller.⁹</strong></span> 
     </span>
    </p>

    <p class='ocr_par' dir='ltr' id='par_1_6' title="bbox 120 3073 1322 3634">
     <span class='ocr_line' id='line_1_29' title="bbox 159 3073 1322 3152; baseline -0.001 -20"><span class='ocrx_word' id='word_1_241' title='bbox 159 3074 249 3152; x_wconf 81' lang='lat' dir='ltr'><strong>Reap.</strong></span> <span class='ocrx_word' id='word_1_242' title='bbox 272 3075 388 3132; x_wconf 86' lang='lat' dir='ltr'><strong>Frustra</strong></span> <span class='ocrx_word' id='word_1_243' title='bbox 416 3073 550 3132; x_wconf 88' lang='lat' dir='ltr'><strong>Christus</strong></span> <span class='ocrx_word' id='word_1_244' title='bbox 571 3073 702 3133; x_wconf 86' lang='lat' dir='ltr'><strong>adhibuit</strong></span> <span class='ocrx_word' id='word_1_245' title='bbox 722 3076 807 3133; x_wconf 87' lang='lat' dir='ltr'><strong>verba</strong></span> <span class='ocrx_word' id='word_1_246' title='bbox 827 3074 898 3133; x_wconf 90' lang='lat' dir='ltr'><strong>adeo</strong></span> <span class='ocrx_word' id='word_1_247' title='bbox 919 3075 1015 3152; x_wconf 88' lang='lat' dir='ltr'><strong>ampla</strong></span> <span class='ocrx_word' id='word_1_248' title='bbox 1029 3086 1058 3134; x_wconf 89' lang='lat' dir='ltr'><strong>et</strong></span> <span class='ocrx_word' id='word_1_249' title='bbox 1072 3074 1198 3143; x_wconf 85' lang='lat' dir='ltr'><strong>olara,si</strong></span> <span class='ocrx_word' id='word_1_250' title='bbox 1214 3074 1251 3134; x_wconf 93' lang='lat' dir='ltr'><strong>de</strong></span> <span class='ocrx_word' id='word_1_251' title='bbox 1264 3074 1322 3133; x_wconf 89' lang='lat' dir='ltr'><strong>sola</strong></span> 
     </span>
     <span class='ocr_line' id='line_1_30' title="bbox 120 3172 1319 3250; baseline -0.003 -17"><span class='ocrx_word' id='word_1_252' title='bbox 120 3173 336 3233; x_wconf 84' lang='lat' dir='ltr'><strong>ennuntiatione</strong></span> <span class='ocrx_word' id='word_1_253' title='bbox 362 3172 542 3231; x_wconf 89' lang='lat' dir='ltr'><strong>remissionis</strong></span> <span class='ocrx_word' id='word_1_254' title='bbox 568 3184 706 3250; x_wconf 84' lang='lat' dir='ltr'><strong>ageretur.</strong></span> <span class='ocrx_word' id='word_1_255' title='bbox 760 3172 907 3247; x_wconf 87' lang='lat' dir='ltr'><strong>Equidem</strong></span> <span class='ocrx_word' id='word_1_256' title='bbox 929 3192 1015 3232; x_wconf 85' lang='lat' dir='ltr'><strong>voees</strong></span> <span class='ocrx_word' id='word_1_257' title='bbox 1041 3172 1098 3231; x_wconf 84' lang='lat' dir='ltr'><strong>ille</strong></span> <span class='ocrx_word' id='word_1_258' title='bbox 1126 3174 1216 3232; x_wconf 89' lang='lat' dir='ltr'><strong>obvio</strong></span> <span class='ocrx_word' id='word_1_259' title='bbox 1237 3191 1319 3232; x_wconf 88' lang='lat' dir='ltr'><strong>sensu</strong></span> 
     </span>
     <span class='ocr_line' id='line_1_31' title="bbox 120 3270 1321 3348; baseline -0.004 -18"><span class='ocrx_word' id='word_1_260' title='bbox 120 3272 256 3330; x_wconf 87' lang='lat' dir='ltr'><strong>denotant</strong></span> <span class='ocrx_word' id='word_1_261' title='bbox 283 3287 377 3327; x_wconf 84' lang='lat' dir='ltr'><strong>veram</strong></span> <span class='ocrx_word' id='word_1_262' title='bbox 400 3278 581 3345; x_wconf 76' lang='lat' dir='ltr'><strong>peecatorum</strong></span> <span class='ocrx_word' id='word_1_263' title='bbox 598 3270 720 3339; x_wconf 88' lang='lat' dir='ltr'><strong>veniam,</strong></span> <span class='ocrx_word' id='word_1_264' title='bbox 737 3289 794 3343; x_wconf 92' lang='lat' dir='ltr'><strong>quo</strong></span> <span class='ocrx_word' id='word_1_265' title='bbox 816 3282 900 3347; x_wconf 82' lang='lat' dir='ltr'><strong>paeto</strong></span> <span class='ocrx_word' id='word_1_266' title='bbox 914 3270 983 3328; x_wconf 90' lang='lat' dir='ltr'><strong>alias</strong></span> <span class='ocrx_word' id='word_1_267' title='bbox 999 3271 1107 3347; x_wconf 87' lang='lat' dir='ltr'><strong>passim</strong></span> <span class='ocrx_word' id='word_1_268' title='bbox 1122 3271 1154 3329; x_wconf 89' lang='lat' dir='ltr'><strong>irr</strong></span> <span class='ocrx_word' id='word_1_269' title='bbox 1169 3270 1321 3348; x_wconf 87' lang='lat' dir='ltr'><strong>Scripturis</strong></span> 
     </span>
     <span class='ocr_line' id='line_1_32' title="bbox 121 3367 1322 3446; baseline -0.003 -17"><span class='ocrx_word' id='word_1_270' title='bbox 121 3381 309 3446; x_wconf 85' lang='lat' dir='ltr'><strong>usurpantur:</strong></span> <span class='ocrx_word' id='word_1_271' title='bbox 332 3377 352 3404; x_wconf 79' lang='lat'><strong>⁴⁶</strong></span> <span class='ocrx_word' id='word_1_272' title='bbox 365 3367 559 3426; x_wconf 87' lang='lat' dir='ltr'><strong>Remittuutur</strong></span> <span class='ocrx_word' id='word_1_273' title='bbox 572 3368 623 3426; x_wconf 92' lang='lat' dir='ltr'><strong>tibi</strong></span> <span class='ocrx_word' id='word_1_274' title='bbox 637 3380 754 3444; x_wconf 85' lang='lat' dir='ltr'><strong>peccata</strong></span> <span class='ocrx_word' id='word_1_275' title='bbox 765 3369 856 3428; x_wconf 79' lang='lat' dir='ltr'><strong>tua.”³</strong></span> <span class='ocrx_word' id='word_1_276' title='bbox 897 3369 1004 3427; x_wconf 84' lang='lat' dir='ltr'><strong>Contra</strong></span> <span class='ocrx_word' id='word_1_277' title='bbox 1015 3388 1133 3427; x_wconf 91' lang='lat' dir='ltr'><strong>omnem</strong></span> <span class='ocrx_word' id='word_1_278' title='bbox 1144 3370 1322 3430; x_wconf 91' lang='lat' dir='ltr'><strong>Hermeneu-</strong></span> 
     </span>
     <span class='ocr_line' id='line_1_33' title="bbox 122 3464 1321 3543; baseline -0.003 -18"><span class='ocrx_word' id='word_1_279' title='bbox 122 3468 184 3525; x_wconf 85' lang='lat' dir='ltr'><strong>tioae</strong></span> <span class='ocrx_word' id='word_1_280' title='bbox 197 3466 317 3523; x_wconf 87' lang='lat' dir='ltr'><strong>sanioris</strong></span> <span class='ocrx_word' id='word_1_281' title='bbox 330 3464 423 3541; x_wconf 87' lang='lat' dir='ltr'><strong>legem</strong></span> <span class='ocrx_word' id='word_1_282' title='bbox 438 3466 521 3522; x_wconf 86' lang='lat' dir='ltr'><strong>verba</strong></span> <span class='ocrx_word' id='word_1_283' title='bbox 531 3466 566 3522; x_wconf 87' lang='lat' dir='ltr'><strong>ab</strong></span> <span class='ocrx_word' id='word_1_284' title='bbox 580 3466 665 3523; x_wconf 84' lang='lat' dir='ltr'><strong>obvio</strong></span> <span class='ocrx_word' id='word_1_285' title='bbox 680 3484 778 3533; x_wconf 85' lang='lat' dir='ltr'><strong>sensu,</strong></span> <span class='ocrx_word' id='word_1_286' title='bbox 793 3475 822 3525; x_wconf 88' lang='lat' dir='ltr'><strong>et</strong></span> <span class='ocrx_word' id='word_1_287' title='bbox 846 3467 876 3525; x_wconf 91' lang='lat' dir='ltr'><strong>in</strong></span> <span class='ocrx_word' id='word_1_288' title='bbox 891 3466 1046 3543; x_wconf 79' lang='lat' dir='ltr'><strong>Scripturis</strong></span> <span class='ocrx_word' id='word_1_289' title='bbox 1061 3465 1219 3539; x_wconf 74' lang='lat' dir='ltr'><strong>frequenti,</strong></span> <span class='ocrx_word' id='word_1_290' title='bbox 1235 3465 1321 3525; x_wconf 88' lang='lat' dir='ltr'><strong>detor·</strong></span> 
     </span>
     <span class='ocr_line' id='line_1_34' title="bbox 123 3561 776 3634; baseline -0.002 -14"><span class='ocrx_word' id='word_1_291' title='bbox 123 3575 245 3634; x_wconf 81' lang='lat' dir='ltr'><strong>queritur</strong></span> <span class='ocrx_word' id='word_1_292' title='bbox 259 3583 275 3619; x_wconf 91' lang='lat' dir='ltr'><strong>a</strong></span> <span class='ocrx_word' id='word_1_293' title='bbox 289 3562 515 3620; x_wconf 86' lang='lat' dir='ltr'><strong>Protestantibus</strong></span> <span class='ocrx_word' id='word_1_294' title='bbox 530 3573 558 3619; x_wconf 90' lang='lat' dir='ltr'><strong>et</strong></span> <span class='ocrx_word' id='word_1_295' title='bbox 569 3561 776 3620; x_wconf 86' lang='lat' dir='ltr'><strong>Rationalistis.</strong></span> 
     </span>
    </p>

    <p class='ocr_par' dir='ltr' id='par_1_7' title="bbox 123 3659 1322 4031">
     <span class='ocr_line' id='line_1_35' title="bbox 163 3659 1321 3739; baseline 0.001 -21"><span class='ocrx_word' id='word_1_296' title='bbox 163 3665 213 3718; x_wconf 80' lang='lat'><strong>29.</strong></span> <span class='ocrx_word' id='word_1_297' title='bbox 239 3660 306 3737; x_wconf 83' lang='lat' dir='ltr'><strong>Obj.</strong></span> <span class='ocrx_word' id='word_1_298' title='bbox 320 3667 350 3719; x_wconf 87' lang='grc'><strong>7.</strong></span> <span class='ocrx_word' id='word_1_299' title='bbox 373 3659 510 3718; x_wconf 84' lang='lat' dir='ltr'><strong>Christus</strong></span> <span class='ocrx_word' id='word_1_300' title='bbox 524 3660 668 3718; x_wconf 88' lang='lat' dir='ltr'><strong>redivivus</strong></span> <span class='ocrx_word' id='word_1_301' title='bbox 684 3660 842 3738; x_wconf 86' lang='lat' dir='ltr'><strong>discipulos</strong></span> <span class='ocrx_word' id='word_1_302' title='bbox 868 3680 905 3719; x_wconf 89' lang='lat' dir='ltr'><strong>ex</strong></span> <span class='ocrx_word' id='word_1_303' title='bbox 927 3661 1082 3739; x_wconf 89' lang='lat' dir='ltr'><strong>Scripturis</strong></span> <span class='ocrx_word' id='word_1_304' title='bbox 1097 3663 1247 3721; x_wconf 86' lang='lat' dir='ltr'><strong>veteribus</strong></span> <span class='ocrx_word' id='word_1_305' title='bbox 1260 3663 1321 3722; x_wconf 89' lang='lat' dir='ltr'><strong>edo·</strong></span> 
     </span>
     <span class='ocr_line' id='line_1_36' title="bbox 124 3756 1322 3835; baseline 0.003 -20"><span class='ocrx_word' id='word_1_306' title='bbox 124 3758 193 3824; x_wconf 84' lang='lat' dir='ltr'><strong>cuit,</strong></span> <span class='ocrx_word' id='word_1_307' title='bbox 214 3766 344 3833; x_wconf 88' lang='lat' dir='ltr'><strong>oportere</strong></span> <span class='ocrx_word' id='word_1_308' title='bbox 367 3756 545 3833; x_wconf 79' lang='lat' dir='ltr'><strong>“predicari</strong></span> <span class='ocrx_word' id='word_1_309' title='bbox 566 3758 595 3815; x_wconf 91' lang='lat' dir='ltr'><strong>in</strong></span> <span class='ocrx_word' id='word_1_310' title='bbox 623 3759 739 3817; x_wconf 89' lang='lat' dir='ltr'><strong>nornine</strong></span> <span class='ocrx_word' id='word_1_311' title='bbox 761 3759 824 3835; x_wconf 90' lang='lat' dir='ltr'><strong>ejus</strong></span> <span class='ocrx_word' id='word_1_312' title='bbox 850 3758 1044 3835; x_wconf 72' lang='lat' dir='ltr'><strong>penitentiam</strong></span> <span class='ocrx_word' id='word_1_313' title='bbox 1072 3767 1102 3816; x_wconf 90' lang='lat' dir='ltr'><strong>et</strong></span> <span class='ocrx_word' id='word_1_314' title='bbox 1122 3760 1322 3820; x_wconf 89' lang='lat' dir='ltr'><strong>remissionem</strong></span> 
     </span>
     <span class='ocr_line' id='line_1_37' title="bbox 123 3853 1322 3932; baseline 0.004 -20"><span class='ocrx_word' id='word_1_315' title='bbox 123 3863 302 3932; x_wconf 84' lang='lat' dir='ltr'><strong>peecatorum</strong></span> <span class='ocrx_word' id='word_1_316' title='bbox 325 3854 354 3910; x_wconf 92' lang='lat' dir='ltr'><strong>in</strong></span> <span class='ocrx_word' id='word_1_317' title='bbox 368 3871 469 3912; x_wconf 88' lang='lat' dir='ltr'><strong>omues</strong></span> <span class='ocrx_word' id='word_1_318' title='bbox 494 3853 625 3930; x_wconf 84' lang='lat' dir='ltr'><strong>gentes.”</strong></span> <span class='ocrx_word' id='word_1_319' title='bbox 680 3855 761 3932; x_wconf 81' lang='lat' dir='ltr'><strong>Ergo</strong></span> <span class='ocrx_word' id='word_1_320' title='bbox 781 3855 811 3913; x_wconf 93' lang='lat' dir='ltr'><strong>in</strong></span> <span class='ocrx_word' id='word_1_321' title='bbox 832 3872 867 3914; x_wconf 90' lang='lat' dir='ltr'><strong>eo</strong></span> <span class='ocrx_word' id='word_1_322' title='bbox 888 3854 1047 3912; x_wconf 82' lang='lat' dir='ltr'><strong>exercenda</strong></span> <span class='ocrx_word' id='word_1_323' title='bbox 1077 3867 1138 3913; x_wconf 88' lang='lat' dir='ltr'><strong>erat</strong></span> <span class='ocrx_word' id='word_1_324' title='bbox 1164 3856 1322 3916; x_wconf 90' lang='lat' dir='ltr'><strong>remittendi</strong></span> 
     </span>
     <span class='ocr_line' id='line_1_38' title="bbox 125 3950 1124 4031; baseline 0.001 -20"><span class='ocrx_word' id='word_1_325' title='bbox 125 3963 241 4030; x_wconf 81' lang='lat' dir='ltr'><strong>peecata</strong></span> <span class='ocrx_word' id='word_1_326' title='bbox 251 3960 388 4027; x_wconf 87' lang='lat' dir='ltr'><strong>potestas,</strong></span> <span class='ocrx_word' id='word_1_327' title='bbox 403 3950 482 4026; x_wconf 91' lang='lat' dir='ltr'><strong>quod</strong></span> <span class='ocrx_word' id='word_1_328' title='bbox 492 3953 693 4011; x_wconf 86' lang='lat' dir='ltr'><strong>remissionem</strong></span> <span class='ocrx_word' id='word_1_329' title='bbox 709 3953 895 4031; x_wconf 81' lang='lat' dir='ltr'><strong>predicarent</strong></span> <span class='ocrx_word' id='word_1_330' title='bbox 908 3952 1124 4029; x_wconf 73' lang='lat' dir='ltr'><strong>penitentibus.</strong></span> 
     </span>
    </p>

    <p class='ocr_par' dir='ltr' id='par_1_8' title="bbox 127 4048 1324 4226">
     <span class='ocr_line' id='line_1_39' title="bbox 164 4048 1323 4128; baseline 0.006 -21"><span class='ocrx_word' id='word_1_331' title='bbox 164 4049 253 4126; x_wconf 82' lang='lat' dir='ltr'><strong>Retp.</strong></span> <span class='ocrx_word' id='word_1_332' title='bbox 277 4048 392 4124; x_wconf 90' lang='lat' dir='ltr'><strong>Optime</strong></span> <span class='ocrx_word' id='word_1_333' title='bbox 407 4050 702 4127; x_wconf 82' lang='lat' dir='ltr'><strong>coheretpraedieatio</strong></span> <span class='ocrx_word' id='word_1_334' title='bbox 717 4052 920 4128; x_wconf 85' lang='lat' dir='ltr'><strong>Apostolorum</strong></span> <span class='ocrx_word' id='word_1_335' title='bbox 929 4070 995 4110; x_wconf 87' lang='lat' dir='ltr'><strong>oum</strong></span> <span class='ocrx_word' id='word_1_336' title='bbox 1007 4050 1085 4109; x_wconf 89' lang='lat' dir='ltr'><strong>illius</strong></span> <span class='ocrx_word' id='word_1_337' title='bbox 1096 4057 1250 4128; x_wconf 86' lang='lat' dir='ltr'><strong>potestatis</strong></span> <span class='ocrx_word' id='word_1_338' title='bbox 1258 4055 1323 4114; x_wconf 81' lang='lat' dir='ltr'><strong>diri·</strong></span> 
     </span>
     <span class='ocr_line' id='line_1_40' title="bbox 127 4146 1324 4226; baseline 0.004 -19"><span class='ocrx_word' id='word_1_339' title='bbox 127 4148 201 4208; x_wconf 87' lang='lat' dir='ltr'><strong>nitus</strong></span> <span class='ocrx_word' id='word_1_340' title='bbox 216 4146 287 4205; x_wconf 85' lang='lat' dir='ltr'><strong>datae</strong></span> <span class='ocrx_word' id='word_1_341' title='bbox 297 4147 452 4215; x_wconf 80' lang='lat' dir='ltr'><strong>exereiti03</strong></span> <span class='ocrx_word' id='word_1_342' title='bbox 467 4150 615 4226; x_wconf 90' lang='lat' dir='ltr'><strong>oportebat</strong></span> <span class='ocrx_word' id='word_1_343' title='bbox 625 4150 736 4209; x_wconf 86' lang='lat' dir='ltr'><strong>scilieet</strong></span> <span class='ocrx_word' id='word_1_344' title='bbox 749 4147 950 4208; x_wconf 81' lang='lat' dir='ltr'><strong>commendare</strong></span> <span class='ocrx_word' id='word_1_345' title='bbox 964 4149 1164 4226; x_wconf 72' lang='lat' dir='ltr'><strong>penitentiam</strong></span> <span class='ocrx_word' id='word_1_346' title='bbox 1173 4161 1204 4212; x_wconf 86' lang='lat' dir='ltr'><strong>et</strong></span> <span class='ocrx_word' id='word_1_347' title='bbox 1218 4156 1324 4215; x_wconf 82' lang='lat' dir='ltr'><strong>veniam</strong></span> 
     </span>
    </p>
   </div>
   <div class='ocr_carea' id='block_1_3' title="bbox 161 4343 388 4496">
    <p class='ocr_par' dir='ltr' id='par_1_9' title="bbox 161 4343 388 4496">
     <span class='ocr_line' id='line_1_41' title="bbox 162 4343 388 4410; baseline -0.004 -18"><span class='ocrx_word' id='word_1_348' title='bbox 162 4347 202 4410; x_wconf 90' lang='grc'><strong>(1)</strong></span> <span class='ocrx_word' id='word_1_349' title='bbox 220 4344 251 4395; x_wconf 88' lang='lat' dir='ltr'><strong>ln</strong></span> <span class='ocrx_word' id='word_1_350' title='bbox 261 4343 334 4394; x_wconf 87' lang='lat' dir='ltr'><strong>Joan.</strong></span> <span class='ocrx_word' id='word_1_351' title='bbox 344 4356 388 4392; x_wconf 86' lang='lat' dir='ltr'><strong>xx.</strong></span> 
     </span>
     <span class='ocr_line' id='line_1_42' title="bbox 161 4430 320 4496; baseline -0.006 -16"><span class='ocrx_word' id='word_1_352' title='bbox 161 4434 201 4496; x_wconf 75' lang='lat'><strong>(2)</strong></span> <span class='ocrx_word' id='word_1_353' title='bbox 220 4430 320 4480; x_wconf 89' lang='lat' dir='ltr'><strong>Ibidem.</strong></span> 
     </span>
    </p>
   </div>
   <div class='ocr_carea' id='block_1_4' title="bbox 128 4513 1331 4652">
    <p class='ocr_par' dir='ltr' id='par_1_10' title="bbox 128 4513 1331 4652">
     <span class='ocr_line' id='line_1_43' title="bbox 162 4513 1331 4581; baseline 0.007 -15"><span class='ocrx_word' id='word_1_354' title='bbox 162 4517 204 4581; x_wconf 83' lang='lat'><strong>(3)</strong></span> <span class='ocrx_word' id='word_1_355' title='bbox 224 4516 294 4566; x_wconf 82' lang='lat' dir='ltr'><strong>Matt</strong></span> <span class='ocrx_word' id='word_1_356' title='bbox 305 4515 339 4565; x_wconf 84' lang='lat' dir='ltr'><strong>ix.</strong></span> <span class='ocrx_word' id='word_1_357' title='bbox 351 4514 427 4565; x_wconf 69' lang='lat' dir='ltr'><strong>axii.</strong></span> <span class='ocrx_word' id='word_1_358' title='bbox 438 4516 479 4563; x_wconf 84' lang='lat'><strong>³1.</strong></span> <span class='ocrx_word' id='word_1_359' title='bbox 508 4513 758 4568; x_wconf 55' lang='lat' dir='ltr'><strong>bremensium.</strong></span> <span class='ocrx_word' id='word_1_360' title='bbox 785 4518 952 4572; x_wconf 69' lang='lat' dir='ltr'><strong>Aevflttt</strong></span> <span class='ocrx_word' id='word_1_361' title='bbox 974 4519 1293 4577; x_wconf 76' lang='lat' dir='ltr'><strong>Romiv.7.1eo.v.lb.</strong></span> <span class='ocrx_word' id='word_1_362' title='bbox 1311 4527 1331 4574; x_wconf 91' lang='lat' dir='ltr'><strong>l.</strong></span> 
     </span>
     <span class='ocr_line' id='line_1_44' title="bbox 128 4601 263 4652; baseline -0.015 -3"><span class='ocrx_word' id='word_1_363' title='bbox 128 4601 197 4652; x_wconf 82' lang='lat' dir='ltr'><strong>loon.</strong></span> <span class='ocrx_word' id='word_1_364' title='bbox 214 4601 230 4650; x_wconf 89' lang='lat' dir='ltr'><strong>i.</strong></span> <span class='ocrx_word' id='word_1_365' title='bbox 240 4604 263 4649; x_wconf 87' lang='grc'><strong>9.</strong></span> 
     </span>
    </p>
   </div>
   <div class='ocr_carea' id='block_1_5' title="bbox 0 0 1411 5056">
    <p class='ocr_par' dir='ltr' id='par_1_11' title="bbox 0 0 1411 5056">
     <span class='ocr_line' id='line_1_45' title="bbox 0 0 1411 5056; baseline 0 0"><span class='ocrx_word' id='word_1_366' title='bbox 0 0 1411 5056; x_wconf 95' lang='lat' dir='ltr'><strong> </strong></span> 
     </span>
    </p>
   </div>
  </div>
 </body>
</html>
