2774 5056
139 304 200 363 2111
357 301 415 365 DE
432 303 530 365 FIDE
552 302 848 365 ORlENTALlUM
868 302 1114 365 §eculeum

156 416 169 443 Ι
970 432 974 443 ι

179 464 248 520 254.
270 460 417 532 Jacobitae,
431 472 550 522 testante
565 461 709 539 Dionysio
723 461 897 530 Barsaliben,
912 462 943 521 in
956 460 1098 540 liturgiam
1113 461 1146 521 S.
1161 459 1266 519 Jacobi
1279 477 1341 533 qua

105 614 109 621 .
140 569 266 627 utuntur,
288 560 426 628 scribens,
448 579 505 620 una
528 560 679 619 nobiscnm
699 559 828 619 credunt
841 559 1149 619 transubstantiationi:
1173 557 1343 617 “Dicimus

91 706 97 723 ,
140 674 244 733 panem
259 655 335 715 hunc
349 655 491 715 celestem
506 655 537 715 in
550 656 667 714 veritate
678 665 707 714 et
720 655 824 714 effectu
838 674 903 714 esse
924 674 1028 733 corpus
1049 655 1117 714 Filii
1137 654 1206 722 Dei,
1222 663 1253 711 et
1270 650 1345 711 illud

88 738 94 835 1
140 746 216 811 idem
231 772 295 812 esse
310 771 414 830 corpus
428 771 558 831 persone
572 753 676 829 ipsius,
690 752 768 826 quod
786 754 941 831 assumpsit
954 771 992 812 ex
1014 752 1117 820 Maria,
1132 763 1161 810 et
1175 750 1282 810 sactum
1298 758 1344 806 est

86 840 93 889 ἶ
141 851 311 911 sacrificium
326 851 357 933 ip
370 869 453 910 cruce
465 869 517 929 pro
531 850 724 910 nobis.'’¹—“
737 851 918 910 Sacramenta
932 861 1026 909 autem
1040 859 1177 909 vocantur
1190 866 1299 925 corpus
1314 857 1345 904 et

92 956 97 971 ·
141 948 269 1024 sanguis,
285 948 420 1022 quoniam
435 966 492 1007 non
507 947 578 1007 illud
592 947 670 1022 quod
684 947 795 1007 videtur
808 958 894 1007 sunt:
917 946 1074 1007 secundum
1100 947 1229 1024 speciem
1245 958 1347 1028 autem

141 1044 223 1122 panis
235 1053 264 1102 et
277 1042 466 1113 vinum‘sunt,
481 1042 533 1103 sed
547 1053 738 1121 agnoscuntur
752 1054 836 1117 atque
849 1053 917 1102 sunt
930 1062 1034 1120 corpus
1048 1056 1077 1101 et
1090 1042 1207 1119 sanguis
1225 1038 1333 1099 Dei.’'¹
1359 1058 1364 1067 ¹

180 1145 250 1200 255.
273 1140 424 1200 Maronitas
452 1159 542 1218 prope
569 1140 709 1200 Libanum
735 1149 765 1199 et
785 1140 815 1198 in
839 1140 902 1199 aliis
925 1140 1019 1218 Syrie
1040 1140 1168 1216 partibus
1190 1137 1345 1215 degentes,

141 1257 289 1312 uunquam
303 1237 406 1298 erroris
426 1248 525 1299 eontra
539 1238 869 1298 transubstantiationem
891 1237 1016 1297 accusati
1040 1246 1127 1296 sunt:
1149 1236 1265 1313 Dogms
1279 1253 1346 1312 per-

147 1337 255 1414 spicuis
270 1337 363 1395 verbis
386 1336 542 1396 declaratur
564 1337 594 1397 in
618 1336 823 1395 commentario
844 1337 874 1394 in
896 1336 1054 1414 Litargiam
1076 1334 1109 1393 S.
1130 1333 1244 1401 Jacobi,
1265 1331 1349 1407 quod
1379 1324 1382 1329 ¹

150 1433 291 1495 Joannem
307 1435 469 1504 Maronem,
484 1435 558 1494 sexti
571 1435 669 1494 saeculi
683 1436 813 1493 exeuntis
829 1448 984 1502 auctorem,
998 1433 1103 1492 habere
1116 1436 1278 1492 censetur.⁸

116 1538 120 1546 ’
183 1537 253 1593 256.
274 1532 433 1592 Christiani
446 1533 496 1607 qui
510 1532 641 1592 dicuntur
653 1533 685 1592 S.
701 1533 825 1591 Thomas
839 1534 869 1592 in
890 1532 980 1592 indiis
1001 1530 1196 1591 Orientalibus
1213 1529 1349 1608 Liturgia

148 1641 272 1698 utuntur,
287 1633 316 1690 in
331 1650 388 1705 qua
401 1620 487 1690 verba
508 1630 625 1689 Domini
640 1632 683 1689 sic
696 1631 832 1690 recitant:
856 1631 925 1690 Hoc
938 1649 994 1690 nso
1015 1649 1049 1690 ιιι
1069 1646 1221 1689 reamare
1234 1645 1350 1687 coneus

143 1744 249 1787 unum:
273 1725 334 1786 Hic
347 1746 403 1786 ns‘r
418 1745 451 1786 m
464 1745 613 1787 vnnmsnn
627 1745 716 1786 csnrx
729 1745 888 1786 ssuenrrrrs
899 1746 964 1787 rim.
1006 1725 1051 1786 Ad
1063 1726 1231 1786 fractionem
1245 1723 1350 1785 bestie

144 1825 265 1884 dicitur:
289 1834 309 1862 “
321 1825 503 1894 Accedimus,
518 1825 655 1893 Domine,
670 1825 700 1884 in
714 1824 771 1883 fide
786 1826 912 1884 veritatis
927 1825 1052 1884 nominis
1068 1825 1108 1882 tui
1124 1822 1235 1882 adhaec
1249 1834 1353 1882 saneta

145 1921 297 1998 mysteria3
319 1941 352 1981 ac
365 1908 469 1999 pietate
483 1932 531 1981 tus
545 1921 713 1999 frangimus,
724 1932 753 1979 et
764 1921 959 1981 misericordia
971 1933 1020 1981 tua
1031 1921 1181 1999 signamus
1194 1937 1304 1997 corpus
1319 1932 1349 1978 et

143 2019 313 2096 sanguinem
328 2019 482 2078 Salvatoris
496 2018 585 2077 nostri
599 2017 617 2077 J
620 2036 671 2076 esu
683 2017 827 2076 Christi.‘’
857 2017 903 2077 Ad
916 2019 1170 2078 communionem:
1193 2016 1347 2076 “Fratres

145 2115 214 2182 mei,
228 2116 365 2192 suscipite
379 2134 483 2194 corpus
506 2115 597 2193 ipsius
612 2114 679 2173 Filii
694 2114 761 2184 Dei,
777 2113 847 2173 dicit
859 2114 1003 2186 Ecclesia,
1017 2126 1046 2174 et
1063 2115 1151 2174 bibite
1171 2113 1269 2192 ipsius
1283 2133 1353 2174 sao·

145 2213 312 2291 guinem.”⁴
375 2222 379 2233 ’

183 2315 253 2372 257.
276 2311 442 2389 AEthiopes,
463 2319 584 2371 testante
612 2309 755 2369 Damiano
775 2309 871 2379 Gaea,
891 2311 1092 2371 eucharistiam
1121 2309 1350 2371 “indubitatum

146 2408 256 2469 Christi
270 2429 336 2469 cum
349 2429 464 2490 corpus,
477 2415 540 2469 'tum
552 2409 721 2487 sanguinem
736 2428 801 2468 esse
813 2410 925 2469 sincera
938 2410 994 2469 fide
1016 2410 1215 2487 profitentur.”
1260 2412 1365 2471 Anno*

149 2512 221 2566 1651
239 2518 294 2566 tres
308 2507 462 2583 AEthiopes
478 2507 578 2565 Romae
593 2504 821 2581 subscripserunt
836 2507 901 2582 fidei
916 2506 1116 2566 declarationi:
1135 2516 1155 2546 ‘⁴
1168 2507 1231 2567 Nos
1248 2506 1352 2566 AEthi·

147 2620 218 2678 opes
234 2603 263 2659 in
278 2604 392 2660 veritate
409 2613 581 2667 attestamur,
596 2611 708 2676 gentem
726 2612 851 2661 nostram
866 2603 993 2661 venerari
1008 2604 1147 2681 imagines
1161 2605 1351 2671 Sanctorum,

148 2709 177 2756 et
190 2698 304 2756 credere
319 2717 422 2774 corpus
437 2706 465 2756 et
475 2698 643 2775 sanguinem
652 2695 723 2755 Jesu
736 2697 846 2757 Christi
860 2700 1075 2777 presentialiter
1088 2700 1192 2759 adesse
1204 2702 1234 2760 in
1246 2712 1350 2759 sancta

101 2750 109 2843 1
148 2792 365 2851 eucharistia.'’⁵

188 2895 257 2950 258.
280 2892 371 2951 Porro
385 2910 422 2951 ex
436 2891 489 2950 hac
503 2893 631 2952 omnium
647 2902 786 2954 sectarum
809 2895 999 2954 consensione
1020 2905 1219 2973 argumentum
1243 2897 1356 2956 deriva-

151 2997 196 3047 tur
210 2989 419 3048 validissimum
434 2989 536 3050 divinae
552 2990 718 3059 traditionis,
742 3010 808 3050 nam
834 2993 924 3066 liquet
937 3012 998 3052 eam
1019 2995 1107 3053 luisse
1129 2994 1217 3053 fidem
1233 2995 1353 3054 saeculis

151 3097 251 3160 quarto
265 3087 311 3145 vel
325 3088 434 3161 quinto,
451 3108 507 3162 quo
523 3089 617 3166 plures
631 3100 716 3147 sectae
729 3109 810 3148 suam
825 3091 950 3150 referunt
964 3093 1114 3170 originem,
1131 3104 1159 3151 et
1173 3093 1266 3151 fuisse
1281 3094 1354 3170 pub-

149 3182 207 3243 lico
220 3194 248 3243 et
261 3185 383 3257 solemni
397 3187 526 3245 omniurn
541 3187 618 3245 cultu
639 3187 819 3245 celebratam.
860 3187 943 3247 Adeo
964 3190 1033 3247 altas
1054 3200 1152 3267 egerat
1176 3190 1298 3258 radices,
1320 3200 1352 3247 nt

151 3284 305 3357 nequidem
316 3283 437 3361 partium
451 3285 553 3343 studiis
566 3285 650 3343 evelli
664 3287 796 3362 potuerit.
838 3287 909 3344 Erat
922 3288 1006 3365 igitur
1020 3289 1136 3361 antiqua
1149 3298 1178 3346 et
1189 3288 1346 3346 certissima

152 3379 290 3449 doctrina,
306 3401 370 3455 quae
386 3381 420 3440 ad
435 3383 499 3459 ipsa
513 3383 552 3440 rei
568 3382 728 3440 christianae
741 3381 894 3459 primordia
909 3386 1072 3444 necessario
1086 3384 1234 3444 reserenda
1247 3393 1299 3442 est.

185 3572 227 3637 (1)
247 3573 344 3624 Comm.
357 3573 384 3624 in
395 3572 444 3624 Lit.
456 3573 483 3622 S.
493 3573 581 3624 iacobi
591 3589 611 3623 c
624 3573 640 3623 1.

188 3660 230 3725 (2)
249 3661 341 3710 ibidem
353 3677 374 3712 c.
385 3661 438 3711 xiii.

150 3776 153 3786 .
187 3743 229 3808 (3)
249 3744 312 3793 Vide
322 3760 383 3808 opus
396 3741 537 3809 Perpetuite
549 3744 579 3793 de
592 3743 615 3792 la
626 3743 667 3803 soi,
678 3744 694 3793 1.
705 3757 729 3792 r.
737 3741 776 3792 ch.
790 3743 834 3794 xii.
844 3760 869 3808 p.
875 3746 933 3794 401.

189 3826 231 3892 (t)
250 3828 280 3876 In
292 3827 440 3878 Bibliotheca
451 3830 559 3887 Petrum,
570 3827 611 3878 cit.
621 3827 648 3877 in
659 3843 745 3892 opere:
764 3825 902 3893 Perpetuitd
913 3828 943 3877 ds
951 3827 975 3876 la
985 3826 1026 3886 soi,
1034 3827 1050 3876 l.
1059 3842 1082 3877 v.
1093 3827 1131 3878 ch.
1140 3845 1164 3882 x.
1174 3830 1218 3881 rol.
1226 3829 1240 3879 i.
1251 3844 1272 3894 p.
1281 3832 1333 3890 394,

190 3911 232 3977 (5)
252 3912 299 3962 Cir.
310 3913 337 3962 in
348 3929 435 3978 opere:
453 3912 604 3980 Perpetuite
611 3912 640 3963 de
652 3911 732 3981 lusui,
740 3913 756 3963 1.
768 3931 790 3962 v.
802 3913 841 3965 ch.
852 3913 904 3964 xiii
913 3913 960 3962 vol.
971 3912 987 3962 i.
997 3927 1022 3978 p.
1033 3913 1092 3974 404,
1103 3915 1161 3964 406.
