2774 5056
339 317 398 381 DE
418 319 640 381 onomaton
660 321 998 384 CELEBRATIONE.
1209 324 1268 386 289
1290 350 1294 355 ·

62 479 98 540 in
113 496 216 547 uuum,
226 479 292 556 jam
316 497 375 538 uon
389 490 432 538 est
446 479 627 542 Dominicam
643 492 753 541 eoenam
775 482 956 551 manducare,
972 484 1170 559 uuusquisque
1190 488 1268 546 enim

64 571 276 638 coeuum'suam
293 579 433 654 presumit
445 580 481 637 ad
496 580 772 640 manducandum.'’¹
1169 568 1172 572 ⁸

96 675 198 754 Rem.
222 676 293 735 Nou
309 677 367 755 agit
381 677 537 755 Apostolus
562 679 667 737 coloci
682 679 717 736 de
731 678 912 745 eucharistia,
928 679 978 737 sed
993 679 1028 738 de
1047 683 1268 758 conviviisque

63 779 174 836 fiebant
186 778 216 837 in
232 777 394 837 Dominicae
408 798 496 837 coenae
510 780 686 847 memoriam,
699 796 819 853 quaeque
832 791 916 842 aanor
931 777 1103 839 dicebantur.
1145 782 1191 840 Ea
1205 784 1269 843 des·

62 876 152 934 oribit
162 875 385 934 Tertullianus.⁵³
413 875 653 952 *chrysostomus
668 875 703 934 de
718 877 753 934 iis
768 877 893 954 explicat
905 878 961 937 hoc
982 878 1187 947 testimonium,
1203 899 1268 939 ean-

64 971 136 1030 dem
163 990 328 1030 memoraus
349 971 607 1031 cousuetudinem:
630 982 650 1008 “
664 974 743 1030 statis
764 972 865 1031 diebus
890 992 1004 1032 mensas
1026 973 1165 1032 faciebant
1191 995 1268 1036 cum·

64 1087 182 1140 munes,
210 1082 239 1128 et
266 1078 379 1148 peracta
405 1074 520 1146 synaxi,
542 1080 608 1149 post
635 1071 882 1129 sacramentorum
911 1072 1143 1129 communionem
1166 1091 1266 1131 omues

64 1186 222 1228 commune
237 1168 346 1227 inibant
359 1157 533 1235 convivium,
549 1167 684 1226 divitibus
699 1167 814 1242 quidem
830 1168 912 1228 cibos
925 1167 1121 1238 offerentibus,
1137 1173 1268 1247 pauperi·

65 1267 124 1326 bus
138 1275 235 1325 autem
250 1277 280 1324 et
305 1265 354 1339 qui
368 1264 442 1323 nihit
456 1264 606 1333 habebant,
629 1267 714 1324 etiam
734 1266 853 1335 vocatis,
874 1275 905 1324 et
925 1267 1058 1327 omuibus
1079 1266 1277 1327 communiter

63 1361 299 1420 vescentibus.'’³
340 1361 402 1420 Eos
430 1362 517 1439 igitur
540 1362 589 1444 qui
616 1362 728 1439 regulas
752 1363 837 1439 hujus
862 1363 987 1422 convivii
1014 1363 1166 1432 violabant,
1193 1365 1267 1424 haud
1283 1378 1303 1401 ’-

64 1459 228 1537 expectatis
240 1458 382 1527 iratribus,
393 1457 438 1516 vel
448 1458 537 1516 nimio
547 1458 628 1535 potui
637 1458 822 1535 indulgendo,
832 1458 1150 1537 redarguitApostolus,
1160 1480 1268 1534 eosque

63 1555 247 1617 eucharistias
263 1556 413 1615 violatores
429 1573 493 1614 esse
509 1555 601 1625 docet,
617 1575 705 1631 quum
717 1557 803 1635 paulo
818 1568 883 1636 post
896 1576 959 1617 eam
969 1568 1113 1636 acceptam
1130 1572 1186 1618 tam
1195 1559 1269 1620 male

63 1673 98 1714 se
115 1655 269 1732 gesserint.
343 1661 345 1666 '
753 1712 758 1722 ,
1049 1643 1052 1647 ’

111 1754 181 1810 106.
207 1749 273 1829 obj.
286 1755 315 1809 4.
337 1749 452 1809 Omnes
475 1749 596 1829 liturgiae
618 1770 670 1829 pro
694 1760 772 1810 certo
800 1751 905 1810 habeut
924 1750 1063 1830 plurimos
1083 1772 1148 1812 cum
1178 1772 1269 1812 saeer-
1375 1808 1378 1816 .

67 1851 138 1910 dote
163 1848 342 1909 eucharistie
363 1866 427 1906 esse
443 1849 606 1926 participes,
621 1849 763 1907 orationes
778 1852 854 1908 enim
869 1868 970 1908 omnes
985 1850 1136 1910 multorum
1152 1852 1269 1910 nomine

65 1953 151 2010 fiunt
287 1933 290 1940 ’

107 2045 201 2124 Resp.
223 2030 401 2102 Sacrificium
416 2043 533 2102 nomine
554 2043 640 2100 totius
662 2042 801 2102 Ecclesiae
824 2045 978 2122 peragitur,
993 2053 1021 2102 et
1036 2061 1136 2121 preces
1150 2044 1222 2103 fiunt
1236 2064 1270 2103 ea

24 2153 27 2158 '
65 2124 264 2216 rationeque.
291 2140 424 2200 fidelibus
452 2140 684 2199 communionem
705 2141 927 2218 suscipientibus
953 2141 1096 2226 convenit.
1137 2140 1222 2209 Quod
1243 2143 1269 2200 si

65 2261 154 2305 neruo
165 2241 204 2299 sit
212 2239 263 2315 qui
272 2240 465 2300 eommunicet
472 2251 575 2316 praeter
588 2238 774 2314 sacerdotem,
788 2259 845 2298 uon
855 2239 920 2300 ideo
930 2240 1123 2321 immutandus
1134 2255 1178 2298 est
1186 2242 1267 2308 ritus,

66 2342 159 2402 multo
174 2342 272 2400 miuus
286 2336 489 2417 negligendum
504 2346 549 2395 est
563 2337 745 2415 sacrificium.

108 2445 178 2501 107.
204 2437 272 2519 Obj.
287 2443 317 2497 5.
339 2437 441 2496 Missa
462 2437 577 2512 privatae
598 2436 717 2494 omniuo
738 2433 872 2493 differunt
886 2455 902 2492 a
915 2453 1006 2494 coenae
1030 2436 1217 2506 institutione,
1239 2447 1269 2497 et

69 2537 302 2617 superstitionem
327 2534 434 2603 fovent,
461 2552 514 2592 nee
541 2534 598 2592 uisi
626 2532 661 2591 ad
687 2533 864 2591 sacerdotum
893 2532 1003 2593 lucrum
1028 2532 1158 2593 videntur
1182 2553 1266 2603 exem

68 2637 183 2714 giiatffin·
268 2633 271 2639 ¹

10 2790 12 2797 ,
105 2732 197 2811 Resp.
220 2728 398 2790 Sacrificium
412 2727 631 2786 eucharisticum
646 2727 807 2786 necessario
822 2737 933 2787 constat
945 2728 1086 2788 oblatione
1101 2730 1229 2805 corporis
1239 2741 1267 2789 et

10 2814 13 2821 ¹
64 2829 217 2909 sanguinis
232 2817 352 2896 Christi,
368 2845 431 2900 quae
445 2825 479 2884 tit
491 2843 509 2882 a
523 2825 586 2883 solo
607 2826 771 2884 sacerdote:
792 2825 858 2885 ideo
876 2827 972 2886 Missa
996 2846 1061 2886 cum
1089 2828 1267 2887 institutione

64 2927 230 2996 coneordat,
246 2925 294 2984 illa
307 2923 449 2997 oblatione
463 2921 558 2981 sacta.¹
590 2922 677 2980 Nulla
688 2933 731 2980 est
745 2924 908 3000 superstitio
923 2923 1037 2982 eredere
1048 2944 1110 2982 eam
1123 2944 1187 2983 esse
1203 2926 1267 2984 Deo
1304 2918 1306 2921 ⁸

59 3038 187 3104 gratam,
203 3026 288 3085 Pater
308 3023 385 3083 enim
407 3022 437 3080 in
458 3020 534 3079 Filio
554 3019 658 3079 dilecto
672 3040 786 3098 semper
806 3022 861 3079 sibi
882 3022 1050 3100 complacet.
1094 3023 1126 3081 Id
1153 3025 1268 3100 agnovit

58 3123 246 3183 Leibnitius:
269 3131 290 3159 “
304 3122 406 3187 Porro,
421 3136 487 3176 cum
497 3117 577 3194 jugis
603 3118 736 3176 sacrificii
756 3111 832 3176 tanta
846 3121 883 3177 sit
897 3119 1020 3196 dignitas
1042 3131 1125 3193 atque
1147 3121 1263 3191 utilitas,

58 3236 216 3298 receptum
230 3219 354 3292 denique
368 3225 421 3283 est,
437 3224 468 3272 ut
482 3215 650 3272 creberrime
675 3213 740 3273 Deo
759 3214 893 3273 offeratur
913 3235 965 3293 pro
979 3217 1124 3276 fideliuum
1141 3218 1266 3275 uecessi-

55 3317 181 3387 tatibus,
193 3316 307 3377 etiamsi
324 3332 383 3373 uon
397 3329 511 3399 semper
526 3310 853 3387 accederetdispeusatio
856 3352 989 3370 .....
1011 3313 1079 3371 Non
1091 3312 1155 3370 ideo
1172 3324 1265 3370 tamen

54 3413 172 3474 honori
193 3415 292 3474 divino
309 3410 416 3485 aliquid
434 3408 639 3468 detrahendum
659 3409 721 3476 suit,
735 3409 801 3481 quia
815 3409 1057 3467 communicantes
1071 3428 1129 3467 nou
1150 3427 1265 3487 semper

52 3508 216 3573 habentur.
257 3512 364 3579 Quare,
378 3527 415 3572 ex
431 3525 488 3580 quo
502 3494 714 3564 sanctissimum
735 3505 906 3563 sacrificium
921 3505 950 3563 in
964 3506 1096 3564 omnibus
1122 3506 1264 3563 Ecclesiis

56 3611 196 3677 quotidie
210 3603 346 3670 celebrari
358 3604 555 3665 laudatissima
578 3585 681 3680 pictate
703 3602 863 3674 institutum
884 3612 938 3670 est,
955 3621 1134 3676 consequens
1156 3602 1218 3668 suit,
1233 3614 1265 3660 ut

59 3703 200 3768 sufficere
211 3707 389 3788 judicaretur
410 3701 556 3780 perceptio
571 3700 715 3759 offerentis
730 3699 896 3768 sacerdotis,
911 3710 993 3774 atque
1014 3701 1075 3759 haec
1096 3701 1264 3770 Missarum,

61 3815 142 3868 quas
156 3807 276 3884 privatas
291 3810 403 3869 vocant,
418 3801 498 3877 origo
513 3807 567 3865 est,
579 3817 698 3871 quarum
713 3798 804 3856 fructu
819 3815 888 3855 saue
903 3798 1028 3856 maximo
1044 3799 1150 3876 privari
1163 3798 1264 3857 Eccle-

64 3895 215 3965 siamcum
230 3903 320 3963 divini
335 3899 454 3959 honoris
469 3897 637 3956 detrimento
652 3894 765 3970 aequum
780 3896 937 3955 nonest.'’⁴
957 3890 1027 3964 Quae
1042 3897 1077 3955 de
1090 3897 1159 3956 lucri
1172 3897 1264 3956 studio

64 3987 200 4066 dicuntur
219 4000 254 4060 ad
275 3998 372 4059 odium
394 3993 577 4055 conflandum
598 4011 679 4051 sacro
700 3992 868 4062 ministerio,
889 4012 947 4052 nou
968 4005 1090 4070 possunt
1104 3994 1262 4072 argumenti

369 4271 409 4336 (1)
427 4266 446 4319 1.
459 4266 518 4318 Gor.
528 4267 562 4318 xi.
574 4268 615 4318 20.

371 4356 413 4422 (2)
433 4353 565 4417 Apologet.
576 4351 664 4403 xxxix.

379 4444 421 4509 (3)
441 4441 516 4491 Hom.
528 4439 602 4488 xxvii.
614 4441 640 4489 iu
652 4439 667 4487 i.
681 4454 719 4502 ep.
728 4437 760 4488 sd
770 4433 881 4487 Corinth.

371 4527 421 4593 (4)'
432 4527 499 4592 Syrt.
510 4524 599 4575 Theoi.
610 4541 634 4590 p.
648 4525 706 4572 292.

82 4669 84 4672 ⁴
190 4710 420 4774 ventri-m
