2774 5056
71 313 110 377 08.
365 309 422 373 DE
443 309 640 371 Berrtsnss
660 309 964 371 NECESSITATE.

74 483 179 529 cruere
193 470 332 538 statuitur,
346 487 433 543 quum
448 469 527 529 nullo
540 469 616 529 claro
637 469 790 546 Scripturas
811 470 974 530 testimonio
988 469 1101 538 nitatur,
1122 479 1152 528 et
1170 467 1266 527 aliena

73 569 141 626 sita
154 569 250 628 divina
263 571 375 646 pietate.

112 666 202 744 Reap.
225 667 293 726 Non
308 683 413 725 temere
434 665 512 725 illam
533 666 708 725 declaramus
730 666 828 725 salotis
849 666 1053 736 conditionem,
1068 664 1121 725 sed
1142 664 1265 726 Christo

73 779 197 832 auctore,
212 763 293 839 cujus
309 765 392 822 rerba
404 762 440 821 de
454 763 589 840 baptismi
602 763 771 822 necessitate
785 772 843 822 tota
856 773 930 822 retro
945 764 1085 823 intellexit
1098 762 1264 837 antiquitas.

74 863 169 928 Quum
185 861 315 918 homines
330 859 438 918 nullum
455 861 504 937 jus
519 859 640 918 habeant
653 858 688 918 ad
702 861 820 938 gloriam
835 861 1088 938 supernaturalem,
1103 870 1132 919 et
1145 870 1266 937 peccato

73 957 228 1034 primorum
244 967 392 1032 paronnam
404 956 457 1015 lilii
470 956 528 1015 sint
541 956 600 1026 irre,
615 975 704 1034 penes
718 956 867 1016 Christum
881 966 941 1016 erat
953 976 1015 1016 eam
1030 968 1152 1016 statuere
1167 940 1266 1016 cotidi-

73 1054 189 1120 tionem,
204 1053 270 1110 licet
282 1051 398 1129 plurimi
411 1070 476 1112 eam
489 1053 609 1131 implere
622 1066 782 1128 nequeant:
799 1054 877 1113 nulla
891 1057 968 1113 enim
977 1057 1020 1113 eis
1033 1055 1066 1113 tit
1079 1054 1183 1132 injuria
1193 1053 1264 1116 dum

72 1149 147 1208 bono
160 1149 305 1224 privantur
317 1147 453 1208 indebito.

114 1248 180 1305 148.
206 1242 272 1324 Obj.
287 1251 317 1305 t.
337 1245 480 1306 Abhorret
491 1247 604 1306 animus
623 1245 692 1305 dum
705 1247 844 1324 cogitatur
857 1248 1005 1306 universos
1019 1247 1069 1322 qui
1087 1249 1264 1327 baptismum

71 1343 147 1403 haud
162 1353 349 1420 susceperunt
361 1344 531 1404 cruciatibus
546 1344 659 1404 aeternis
673 1345 777 1422 puniri,
793 1359 852 1404 tum
868 1346 1001 1422 parrulos
1015 1346 1093 1407 nulla
1106 1348 1153 1407 sui
1167 1347 1263 1424 culpa,

72 1452 131 1501 tum
158 1451 274 1500 caeteros
299 1441 402 1514 quibua
427 1441 523 1501 divim
537 1442 669 1520 baptismi
693 1443 832 1501 institutio
849 1441 925 1501 certd
940 1443 1073 1503 innotuit.
1112 1443 1148 1504 ld
1168 1455 1264 1504 autem

71 1539 189 1600 omnino
203 1537 366 1608 dicendum,
380 1540 406 1598 si
420 1540 496 1600 salus
510 1541 618 1615 absque
632 1532 775 1617 baptismo
789 1541 946 1618 comparari
966 1553 1100 1615 nequeat,
1116 1543 1267 1620 Scriptura

71 1635 149 1695 enirn
173 1635 282 1694 nullum
305 1634 392 1694 alium
412 1636 508 1695 locum
530 1650 632 1714 praeter
653 1636 812 1714 gehennam
828 1650 856 1695 et
877 1656 994 1714 regnum
1015 1639 1152 1699 coelorum
1168 1640 1263 1700 tradit.
1299 1676 1303 1681 ·

70 1731 180 1794 Idcirco
192 1733 370 1812 Augustinus
381 1733 436 1792 ait:
453 1735 544 1793 “Non
556 1735 705 1811 baptizatis
718 1734 841 1810 parvulis
854 1753 938 1794 nemo
948 1737 1092 1813 promittat
1101 1737 1174 1797 inter
1186 1737 1266 1796 dam·

71 1833 215 1891 nationem
229 1851 405 1908 regnumque
418 1833 554 1891 celorum
568 1833 672 1906 quietis
688 1833 733 1890 vel
747 1832 889 1891 felicitatis
903 1833 1056 1911 cujuslibet
1069 1845 1156 1908 atque
1170 1836 1266 1910 quoli-

71 1929 129 1996 bet,
144 1929 225 2002 quasi
239 1928 364 1987 medium
379 1929 492 1988 locum:
515 1929 570 1988 hoc
583 1931 660 1988 enirn
673 1930 716 1988 eis
731 1929 848 1987 heresis
862 1929 1017 2007 Pelagiana
1031 1932 1211 2009 promisit.”¹

108 2027 197 2105 Resp.
220 2026 306 2085 Fides
321 2026 469 2086 catholica
478 2026 553 2085 aliud
568 2046 624 2086 non
636 2028 727 2105 exigit
737 2047 822 2101 quam
834 2038 866 2085 ut
879 2027 1007 2086 credatur
1019 2031 1163 2089 nerninem
1173 2046 1264 2107 posse

70 2143 188 2202 regnum
203 2125 318 2183 coeleste
332 2124 452 2202 ingredi,
467 2123 638 2182 beatitudine
658 2125 769 2182 scilicet
789 2125 884 2198 aliqua
898 2127 1106 2202 supernaturali
1126 2127 1191 2194 frui,
1206 2128 1263 2187 nisi

71 2223 229 2299 baptizatus
243 2221 336 2290 luerit,
351 2221 450 2279 saltem
465 2220 552 2280 animi
567 2228 644 2278 voto.
686 2221 743 2287 Qui
757 2219 853 2280 adulta
866 2221 896 2280 in
910 2233 990 2280 etate
1005 2221 1200 2292 discesserint,
1215 2223 1263 2283 vat

70 2320 111 2377 rei
136 2331 203 2377 sunt
226 2318 404 2394 baptismatis
428 2336 481 2376 sua
504 2317 588 2394 culpa
612 2317 744 2396 neglecti,
766 2317 812 2376 vel
833 2318 889 2376 alia
912 2332 1026 2396 peccata
1047 2320 1125 2379 luera
1147 2320 1263 2380 debent.

70 2417 167 2478 Nemo
181 2417 218 2475 ob
228 2416 322 2475 solum
336 2399 668 2494 baptismatisilafeatum
680 2416 730 2489 qui
744 2417 851 2489 absque
861 2416 945 2493 culpa
955 2417 1084 2495 contigit,
1093 2416 1264 2476 cruciandus

70 2524 211 2582 censetur,
220 2534 286 2574 narn
298 2514 408 2591 parvuli
420 2514 588 2591 baptismate
600 2525 737 2581 carentes,
746 2515 829 2591 juxta
841 2529 982 2591 receptam
994 2516 1174 2583 sententiam,
1186 2517 1265 2577 nulla

70 2612 211 2690 supplicia
224 2611 376 2687 patiuntur.
410 2609 492 2667 'Haec
506 2611 611 2686 placuit
625 2611 764 2667 sententia
777 2611 816 2668 D.
832 2610 955 2669 'l'homte
972 2612 1120 2685 Aquinatl,
1139 2613 1190 2685 qui
1204 2614 1265 2671 Au·

14 2745 22 2769 t
71 2710 177 2787 gustini
191 2707 376 2766 fidelissimus
390 2705 558 2782 discipulus,
573 2707 636 2782 ejus
650 2708 735 2766 verba
749 2709 789 2765 ita
802 2708 999 2785 interpretatus
1014 2719 1068 2778 est,
1083 2720 1114 2767 ut
1134 2710 1263 2788 Pelagia-

69 2826 139 2865 num
153 2823 277 2863 errorem
291 2803 326 2861 de
347 2803 518 2863 beatitudine
532 2806 736 2881 aupematurali
751 2806 923 2873 excluderet,
939 2809 1007 2879 quin
1024 2808 1166 2866 cruciatus
1182 2809 1260 2867 ullos

70 2924 185 2967 manere
198 2905 319 2963 infantes
334 2914 471 2963 censeret.
514 2913 534 2941 ‘⁴
546 2904 740 2974 Dicendum,”
757 2907 858 2989 inquit,
875 2915 894 2942 ‘⁶
906 2906 981 2980 quod
997 2925 1102 2965 nornen
1116 2909 1262 2976 tormenti,

70 3003 215 3080 supplicii,
230 3000 368 3078 gehennae
392 3011 421 3058 at
444 3003 595 3070 cruciatus,
612 3002 657 3060 vel
680 3002 796 3075 siquid
821 3003 915 3062 simile
936 3003 965 3061 in
991 3003 1074 3062 dictis
1099 3015 1262 3064 sanctorum

70 3112 180 3178 patrum
194 3098 362 3166 inveniatur,
377 3108 422 3155 est
434 3098 511 3175 large
524 3098 720 3176 accipiendum
736 3118 787 3176 pro
802 3118 896 3176 poena,
911 3099 950 3158 ita
964 3111 996 3158 ut
1009 3111 1129 3177 ponatur
1148 3101 1263 3178 species

69 3217 121 3276 pro
135 3215 249 3275 genere.
289 3193 359 3253 ldeo
372 3203 467 3254 autem
482 3197 578 3254 Sancti
594 3197 641 3254 tali
655 3196 741 3254 modo
762 3196 897 3271 loquendi
912 3199 957 3255 usi
973 3210 1050 3265 sunt,
1064 3210 1096 3256 ut
1110 3198 1264 3258 detestabi-

69 3296 124 3354 lem
140 3294 290 3353 redderent
309 3312 431 3353 errorem
452 3293 681 3370 Pelagianornm,
697 3294 747 3368 qui
767 3295 930 3353 asserebant
950 3295 979 3354 in
1003 3297 1127 3372 parvulis
1148 3297 1261 3356 nullum

69 3404 216 3471 peccatum
228 3408 303 3460 esse,
314 3409 368 3449 nec
377 3390 419 3449 eis
431 3390 554 3465 aliquam
569 3409 682 3467 poenam
695 3390 839 3449 deberi.”⁸
857 3391 958 3450 Liceat
968 3393 1050 3450 nobis
1063 3393 1264 3470 benigniorem

68 3492 141 3551 hanc
156 3492 292 3550 rationem
313 3489 465 3566 Augustini
487 3500 609 3547 mentem
625 3488 787 3565 explicandi
809 3491 901 3563 sequi.
944 3490 976 3548 ld
997 3490 1117 3549 fidenter
1138 3490 1263 3551 dicimus

68 3609 104 3648 ea
119 3590 250 3667 dogmate
266 3587 414 3647 Catholico
429 3607 486 3647 non
501 3586 661 3646 necessariis
677 3588 770 3646 inferri
786 3589 953 3646 cruciandos
968 3607 1032 3646 esse
1048 3590 1181 3665 parvulos
1196 3592 1265 3666 bap·

68 3689 153 3746 tiemo
176 3694 313 3753 carentes,
329 3704 416 3759 quurn
440 3684 469 3742 id
493 3685 551 3743 sere
574 3704 674 3743 omnes
690 3685 833 3762 Theologi
856 3706 906 3763 per
921 3687 1086 3744 tot-secula
1108 3686 1263 3763 denegent,

68 3783 200 3844 Ecclesia
214 3780 288 3838 haud
302 3782 520 3840 contradicente.
562 3782 705 3841 Caeterum
720 3802 785 3842 cum
800 3784 961 3860 Augustino
974 3783 1116 3842 dicimus:
1140 3794 1160 3822 ‘⁶
1174 3787 1267 3847 Nulla

67 3882 203 3958 igiturex
217 3887 314 3936 nostro
329 3877 443 3936 arbitrio
457 3890 559 3955 praeter
572 3879 742 3957 baptismum
759 3879 878 3948 Christi,
894 3880 971 3937 salus
993 3892 1096 3939 aeterna
1118 3886 1267 3958 promitta-

68 3987 113 4035 tur
133 3973 296 4041 insantibus,
312 3992 396 4046 quam
421 3992 479 4032 non
503 3975 642 4051 promittit
666 3975 813 4052 Scriptura
835 3975 940 4043 divina,
964 3975 1100 4035 humanis
1127 3981 1264 4039 omnibus

67 4070 189 4150 ingeniis
204 4068 425 4146 preferenda-2³³

333 4264 375 4331 (l)
393 4263 423 4314 1..
434 4265 464 4315 de
476 4263 568 4327 origine
579 4263 666 4314 anime
677 4280 698 4314 c.
709 4264 744 4315 ix.

331 4350 374 4416 (2)
394 4349 427 4401 D.
438 4350 528 4403 thom
539 4366 580 4415 qu.
592 4353 608 4399 5
619 4350 650 4401 de
661 4351 726 4400 malo
736 4357 780 4401 art.
789 4354 813 4402 2.
824 4351 856 4401 ad
864 4351 881 4401 i.

329 4436 372 4503 (³)
391 4435 421 4487 L.
432 4436 448 4489 'a
458 4437 489 4488 de
499 4452 566 4503 pecc.
578 4436 650 4489 merit
659 4444 684 4488 st
695 4437 785 4488 remiss.
796 4454 818 4488 c.
829 4437 899 4487 xxiii.
