2812 5062
113 325 174 382 290
511 323 568 384 DE
589 325 750 385 LINGUA
769 324 914 385 SACRA.

130 496 134 501 ⁴
158 481 226 563 obj.
240 485 270 541 4.
291 482 418 542 Ioannes
433 482 516 542 VIII.
537 481 656 543 indulsit
676 483 810 562 Illyricis,
826 484 932 544 soeculo
952 492 1086 552 nonunt
1107 502 1191 543 sacra
1211 481 1312 543 tierent

116 583 215 662 lingua
227 581 387 650 nemaeum,
402 581 480 656 quod
493 592 522 641 et
535 583 704 641 Sinsnsibus
717 582 824 642 Paulus
839 583 877 642 V.
893 583 1045 642 concessit.

156 679 246 758 Resp.
269 679 328 739 Res
343 679 448 757 pendet
461 687 519 738 tota
529 698 566 738 ex
580 680 720 739 Ecclesiae
737 680 858 758 judicio,
874 700 926 758 pro
940 679 1069 740 locomm
1088 689 1310 758 temporumque

118 778 261 836 varietate.
302 776 426 855 Illyricis
440 796 541 836 recens
554 779 701 836 conversis
715 776 750 836 ad
764 778 851 837 fidem
861 777 892 837 id
905 777 1057 853 aliquando
1069 797 1244 838 concessum
1260 787 1312 847 est,

115 893 204 950 quum
219 875 302 952 copia
322 875 516 934 ministrorum
538 893 683 934 sacrorum
702 875 778 934 haud
793 886 871 934 esset
890 877 940 949 qui
963 875 1064 934 Latine
1085 876 1241 935 callerent:
1263 875 1312 935 sed

117 972 222 1039 seculo
237 972 389 1031 undecimo
404 971 519 1030 facultas
535 984 578 1030 est
591 981 722 1032 revocata
736 972 886 1032 Pontificis
900 971 1056 1031 Alexandri
1078 972 1119 1032 11.
1134 973 1310 1042 auctoritate,

115 1070 151 1128 ab
165 1069 333 1147 Apostolico
346 1069 449 1146 legato,
465 1069 588 1128 concilio
607 1069 704 1128 babito
718 1071 920 1148 episcopomm
946 1068 1098 1129 Dalmatiae
1123 1080 1152 1127 et
1175 1070 1309 1129 Oroatia.

115 1167 288 1226 Siuensibus
302 1167 337 1225 ob
363 1166 468 1244 linguae
489 1166 683 1227 difficultatem
704 1167 734 1227 id
755 1169 841 1227 etism
862 1185 1042 1226 concessum.
1083 1167 1143 1226 Sed
1165 1186 1226 1226 non
1245 1167 1310 1227 ideo

116 1262 310 1324 immutandus
324 1274 368 1322 est
387 1273 514 1323 vetustus
535 1265 605 1323 ritus
616 1265 756 1324 asseculis
769 1265 901 1342 plurimis
914 1264 1046 1324 inductus
1057 1273 1087 1323 et
1100 1275 1223 1324 statutus
1234 1264 1308 1343 apud

113 1370 202 1422 totam
217 1362 391 1421 Ecclesiam.

155 1465 221 1519 120.
246 1458 313 1538 obj.
329 1465 358 1520 5.
379 1457 465 1538 Apud
486 1469 595 1519 veteres
614 1460 735 1538 liturgic
756 1460 854 1538 paucis
876 1461 982 1538 linguis
1003 1470 1125 1520 exaratoe
1139 1469 1218 1530 sunt,
1241 1461 1308 1535 quia

113 1557 255 1635 pleraque
270 1567 368 1634 gentes
393 1555 526 1614 idiomate
541 1575 598 1615 non
621 1559 771 1616 utebantur
784 1556 819 1615 ad
841 1568 931 1615 certas
954 1557 1092 1631 loquendi
1112 1568 1141 1616 et
1161 1555 1309 1615 scribendi

113 1656 192 1733 leges
207 1654 386 1731 composito:
410 1673 462 1712 nec
476 1656 553 1712 enIm
575 1653 683 1723 Italica,
700 1654 823 1724 Gallica,
839 1655 1021 1724 Germanica,
1042 1657 1169 1730 aliaeque
1183 1656 1309 1732 Europe

111 1752 227 1830 linguae,
242 1753 298 1810 nisi
322 1752 472 1810 recentiori
496 1770 557 1810 aevo
571 1752 692 1810 exculta
716 1762 792 1820 sunt,
807 1762 839 1811 ut
862 1754 935 1812 nihil
962 1752 1090 1812 dicamus
1112 1752 1148 1812 de
1170 1753 1303 1831 gentibus

111 1869 229 1929 prorsus
255 1851 390 1909 barbaris.
430 1849 497 1909 Jam
520 1849 586 1908 verd
609 1851 715 1928 linguis
740 1850 885 1928 plerisque
910 1851 945 1910 ad
971 1862 1076 1911 tantam
1099 1851 1308 1930 perlectionem

112 1947 250 2017 adductis,
266 1967 337 2023 quas
352 1958 380 2006 et
393 1948 517 2007 scribere
531 1958 561 2006 et
573 1948 667 2026 legere
682 1948 811 2026 plerique
826 1960 940 2019 norunt,
956 1969 1013 2009 non
1028 1959 1072 2009 est
1085 1950 1157 2010 ratio
1172 1968 1224 2008 cur
1233 1960 1308 2008 rete·

112 2066 158 2107 res
172 2047 276 2124 linguae
298 2047 478 2104 retineantur.
1173 2048 1176 2053 ’

154 2143 243 2222 Resp.
266 2142 359 2202 Unica
373 2161 432 2201 non
451 2142 505 2200 luit
517 2141 588 2201 ratio
602 2160 652 2201 cur
670 2142 768 2220 lingua
788 2145 904 2224 antiqua
925 2145 1101 2213 retineretur,
1116 2143 1168 2202 sed
1189 2153 1221 2209 ut
1239 2142 1307 2202 fidei

120 2241 286 2300 claresceret
300 2240 461 2314 antIquitas,
476 2251 505 2297 et
517 2238 659 2299 foveretur
672 2240 833 2310 concordia,
844 2260 907 2315 quae
921 2243 1045 2301 rationes
1059 2241 1154 2300 adhuc
1168 2241 1305 2300 obtinent.

113 2339 254 2396 Praeterea
269 2337 364 2396 omnia
377 2336 511 2404 idomate,
527 2355 590 2410 quse
604 2336 675 2395 viva
699 2335 839 2406 dicuntur,
860 2350 994 2416 usurpata
1014 2339 1123 2397 scilicet
1143 2338 1308 2416 impresen-

113 2438 213 2496 tiarum
223 2434 300 2514 apud
311 2436 436 2509 aliquam
448 2444 575 2513 gentem,
587 2435 716 2512 plurimis
729 2437 932 2496 mutationibus
944 2437 1069 2495 obnoxia
1083 2447 1161 2504 sunt,
1175 2449 1204 2495 et
1214 2437 1306 2514 stylus

112 2535 218 2593 indies
234 2537 364 2602 variatur,
380 2545 408 2591 et
422 2553 507 2592 voces
522 2534 604 2591 facile
625 2553 742 2611 pravum
759 2535 901 2611 accipiunt
914 2554 1031 2594 sensum
1053 2553 1089 2592 ex
1105 2554 1160 2592 usu
1176 2535 1304 2612 vulgari:

113 2651 177 2705 quae
192 2634 314 2690 rationes
329 2630 405 2688 haud
418 2631 496 2687 leves
510 2641 577 2687 sunt
591 2650 641 2688 cur
656 2652 671 2687 a
683 2649 783 2689 norma
796 2630 941 2703 loquendi,
958 2650 1009 2707 per
1023 2641 1063 2688 tot
1077 2630 1184 2688 saecula
1196 2642 1307 2689 servata

112 2729 141 2786 in
156 2728 337 2785 sanctissimo
351 2726 406 2783 hoc
421 2745 537 2783 munere
552 2725 693 2794 obeundo,
709 2725 913 2785 discedendum
930 2746 987 2785 non
1004 2728 1065 2785 sit.²

153 2829 219 2882 121.
246 2824 312 2900 Obj.
336 2828 363 2881 6.
386 2810 453 2900 lps'a
474 2832 554 2881 vetus
581 2822 732 2901 disciplina
754 2825 829 2882 savet
852 2825 1034 2884 celebrationi
1060 2825 1133 2883 sacri
1156 2826 1186 2883 in
1208 2824 1306 2902 lingua

111 2923 270 2990 vernacula,
288 2923 390 2979 Graeca
412 2923 488 2980 eninr
510 2922 584 2998 apud
599 2923 737 2999 plurImos
752 2923 874 3000 populos
898 2923 1047 2981 vernacula
1067 2935 1137 2993 erat,
1160 2924 1303 3001 plerisque

110 3021 269 3087 notissima,
285 3038 342 3092 quo
363 3028 490 3096 tempore
511 3037 573 3077 eam
588 3019 776 3078 adhibuerunt
791 3021 941 3094 Apostoli:
964 3022 1006 3078 sic
1020 3032 1048 3079 et
1062 3021 1166 3079 Latina
1180 3022 1302 3080 innotuit

110 3129 169 3178 toto
194 3118 261 3175 orbe
287 3116 428 3174 Romano.
469 3114 559 3192 Igitur
579 3116 692 3172 mutatis
710 3117 770 3192 jam
792 3117 962 3193 populorum
977 3117 1172 3186 idiomatibus,
1187 3118 1300 3194 liturgia

110 3217 155 3275 his
171 3213 366 3274 concinnanda
380 3222 432 3280 est,
448 3213 472 3270 si
494 3213 697 3290 Apostolorum
710 3212 833 3272 ¹velimus
848 3215 948 3272 sectari
964 3215 1106 3291 exempla.

149 3313 238 3391 Hesp.
261 3312 398 3380 Quamvis
413 3311 559 3383 utriusque
574 3310 677 3387 linguae
693 3310 792 3368 notitia
805 3310 859 3368 late
874 3310 979 3368 diffusa
993 3311 1077 3368 fuerit
1092 3310 1300 3387 Apostolorum

109 3423 200 3479 aetate,
216 3410 291 3468 haud
305 3410 357 3466 suit
372 3420 464 3466 tamen
477 3408 609 3465 omnibus
625 3409 794 3465 communis.
838 3408 933 3474 Quum
946 3408 1031 3483 Igitur
1045 3408 1179 3484 Apostoli
1194 3408 1300 3466 nullam

109 3507 283 3566 ostenderint
296 3503 506 3563 solicitudinem
520 3502 625 3580 linguis
640 3503 796 3560 vernaculis
809 3503 984 3579 singulorum
1000 3504 1171 3580 populorum
1188 3522 1300 3561 sacrum

110 3603 241 3669 faciendi
257 3603 307 3660 sed
329 3603 399 3659 duas
421 3610 527 3658 tantum
549 3600 670 3677 linguas,
687 3611 717 3656 ut
732 3600 814 3656 nobis
839 3600 957 3667 videtur,
982 3619 1097 3676 paucas,
1113 3619 1150 3657 ex
1172 3601 1300 3658 omnium

109 3700 299 3764 consessione,
315 3698 476 3774 selegerim,
495 3716 545 3755 eos
567 3698 713 3770 sequimur
736 3708 863 3754 auctores
885 3714 932 3753 eas
953 3696 1101 3756 retinendo
1122 3697 1300 3774 liturgiarum

108 3799 229 3875 linguas,
242 3815 312 3869 quas
328 3795 466 3853 adhibitas
482 3798 624 3854 novaus.

588 3971 819 4029 surusov'nnsro.

149 4137 214 4190 122.
238 4131 335 4189 Ritum
350 4130 489 4188 Ecclesiae
505 4130 708 4203 Romanaeque
720 4137 828 4186 secreto
844 4127 938 4205 plures
954 4130 1133 4207 proferuntur
1145 4131 1297 4199 orati0nes,
1345 4144 1348 4155 ¹

106 4241 134 4290 et
147 4228 272 4288 maxima
286 4246 350 4303 pars
366 4228 492 4294 canonis,
505 4236 624 4303 carpunt
636 4236 798 4293 novatores,
814 4243 885 4299 quos
898 4225 1003 4285 idcirco
1014 4227 1114 4285 merito
1130 4226 1299 4285 damnarunt

105 4337 198 4404 patres
210 4323 382 4383 Tridenuni:
406 4322 466 4380 “Si
477 4324 541 4397 quis
553 4323 664 4391 dixerit,
675 4321 814 4380 Ecclesiae
827 4322 962 4380 Romanae
974 4324 1069 4391 ritum,
1081 4341 1138 4397 quo
1152 4325 1297 4383 submissa

140 4504 182 4568 (l)
202 4507 217 4532 ¹‘
228 4502 309 4552 Toute
320 4501 410 4563 langue
421 4499 572 4561 chungesnte
583 4499 697 4550 convient
709 4497 781 4565 peu'tt
792 4514 842 4550 une
850 4497 957 4561 religion
968 4499 1106 4550 immuable.
1125 4534 1133 4551 .
1150 4538 1157 4553 .
1175 4537 1181 4550 .
1200 4499 1298 4551 Locor-

103 4588 201 4653 ruptiou
211 4587 245 4637 du
256 4588 327 4638 siecle
338 4585 453 4653 s’enrpere
464 4593 520 4637 tous
530 4587 565 4636 les
578 4588 647 4652 jours
664 4587 693 4637 de
705 4588 808 4638 certains
825 4594 895 4648 mets,
906 4593 931 4636 et
941 4586 976 4636 les
992 4593 1049 4648 gete
1064 4602 1127 4652 pour
1137 4602 1164 4636 se
1174 4585 1297 4637 divertis.”

96 4673 136 4726 Le
145 4674 261 4727 Meistre.
