2812 5062
289 343 345 405 ou
366 344 478 414 noua
497 342 553 406 ro
574 344 823 407 asrrrsrrum
845 342 1113 406 recusantur.
1156 308 1161 316 ’
1251 354 1290 410 so

145 500 234 580 Rcep.
251 503 413 562 Ministerio
423 522 477 562 suo
491 512 565 563 recte
577 503 708 562 dicuntur
717 502 849 582 Apostoli
859 503 974 580 gratiam
987 502 1134 582 impertiri,
1146 504 1291 566 homines·

104 614 162 670 que
187 598 303 675 gignere
328 598 401 667 Deo,
427 601 494 674 quia
517 619 552 658 ea
571 610 705 677 prestant
727 599 830 672 quibus
852 599 985 659 Christus
1011 601 1137 661 divinam
1162 602 1290 682 alligavit

104 695 248 754 virtutem.
290 695 358 754 Ideo
382 695 439 754 dici
461 706 579 775 possent
599 696 759 774 baptizasse
780 696 888 774 Spiritu
912 696 1027 767 Sancto,
1054 710 1191 773 quatenus
1215 719 1291 775 aqua

103 790 254 849 abluerunt
266 791 407 856 homines.
423 791 529 870 Spiritu
544 792 648 851 Sancto
662 791 748 851 simul
757 791 927 851 emundante
941 793 1074 853 animem.
1116 795 1175 854 Sed
1189 814 1290 875 repug-

102 900 153 945 nat
166 897 197 946 ut
209 888 353 964 baptizent
365 890 474 967 Spiritu
488 889 603 956 Sancto,
617 888 702 948 corda
721 888 934 959 sanctificando,
948 889 1026 964 quod
1045 890 1196 955 dicendum
1219 893 1291 952 foret

100 985 129 1043 si
144 1002 218 1058 aqua
231 984 387 1062 baptismus
401 987 431 1044 in
445 987 576 1045 mandato
589 1003 647 1044 uon
660 985 839 1064 intelligatur.

143 1083 194 1138 42.
220 1080 285 1160 otj.
302 1087 348 1140 to.
371 1083 512 1159 Apostoli,
527 1094 669 1156 tamquam
683 1083 870 1140 instrumenta
884 1081 1004 1153 Christi,
1020 1084 1164 1164 baptizare
1179 1087 1289 1164 Spiritu

101 1177 212 1237 Sancto
237 1179 377 1247 dicuntur,
403 1192 462 1239 tum
477 1180 640 1247 ordinario,
654 1192 714 1240 turn
738 1179 979 1241 extraordinario
1006 1184 1140 1244 ratione.²
1178 1186 1289 1245 Pariter

100 1273 245 1332 daemonia
258 1275 413 1351 ejecerunt,
433 1289 560 1334 mortuos
581 1275 760 1343 suscitarunt,
781 1275 893 1348 aliaque
913 1285 1057 1353 patrarunt
1076 1278 1215 1358 prodigia.
1230 1297 1290 1340 uon

102 1390 168 1439 sua,
184 1373 235 1430 sed
252 1372 360 1431 Christi
382 1383 529 1450 potestate.
572 1373 697 1432 Verbum
719 1373 913 1452 predicantes,
927 1374 956 1433 ri
977 1374 1098 1450 quadam
1111 1397 1144 1436 ac
1164 1377 1291 1437 efficacia

101 1468 228 1546 Spiritus
242 1471 403 1537 comitante,
418 1469 504 1528 corda
518 1481 725 1538 converterunt,
739 1469 861 1545 ideoque
882 1470 1037 1532 ordinaria
1055 1474 1163 1534 ratione
1187 1474 1289 1553 spiritu

102 1566 264 1643 baptizasse
278 1566 390 1624 dicendi
405 1579 487 1631 sunta
502 1565 858 1635 extraordinariorum,
872 1565 940 1626 dum
955 1587 1090 1629 manuum
1105 1571 1300 1647 impositione,

103 1668 226 1744 Spiritus
241 1667 315 1725 dous
328 1665 495 1733 conferrent,
508 1667 551 1725 rel
564 1665 726 1725 etiamdum
739 1666 862 1743 Spiritus
873 1665 978 1727 indicis
987 1667 1136 1728 manifesta
1145 1667 1288 1736 darentur,

105 1765 138 1822 iis
152 1765 398 1823 concionantibus.
439 1763 484 1822 De
498 1762 653 1822 ordinaria
668 1763 715 1822 illa
730 1765 838 1840 Spiritu
853 1762 1015 1840 baptizandi
1036 1764 1143 1825 ratione
1163 1765 1289 1839 loquitur

105 1860 220 1927 Paulus,
242 1861 309 1918 dum
332 1859 442 1917 Galatis
464 1878 496 1917 se
516 1860 675 1918 ministrare
697 1860 836 1937 Spiritum
856 1860 942 1918 dicit:
965 1861 1046 1920 “Ex
1067 1861 1200 1940 operibus
1213 1861 1287 1941 legis

108 1958 241 2035 Spiritum
256 1958 415 2035 accepistis,
429 1977 464 2016 an
478 1976 515 2016 ex
535 1955 630 2016 auditu
651 1956 738 2016 fideii
778 1958 827 2016 Sic
848 1957 925 2016 stulti
946 1960 1025 2027 estis,
1040 1969 1071 2018 ut
1090 1977 1157 2019 cum
1178 1959 1288 2037 Spiritu

109 2057 255 2133 reperitis,
271 2074 346 2114 nuuc
359 2074 443 2113 came
463 2055 723 2116 consummemiuii
763 2055 857 2113 Tanta
877 2056 955 2134 passi
969 2057 1037 2115 estis
1052 2058 1114 2117 sine
1134 2059 1241 2117 musei
1262 2058 1288 2117 si

113 2167 196 2214 tamen
210 2156 273 2212 sinc
286 2172 381 2213 causa.
422 2153 480 2220 Qui
493 2171 561 2231 ergo
575 2153 671 2212 tribuit
688 2153 770 2212 vobis
785 2153 933 2231 Spiritum,
948 2163 977 2212 et
988 2167 1120 2233 operatur
1133 2157 1243 2215 virtutis
1258 2159 1290 2217 ia

115 2251 204 2309 robis:
237 2269 274 2309 cx
301 2250 434 2327 operibus
460 2248 543 2328 legis,
571 2268 607 2307 an
634 2268 670 2308 ex
704 2249 801 2308 auditu
827 2249 895 2309 fidei
904 2249 953 2307 i”¹
1000 2250 1290 2311 ssctraorutmrtcm

117 2347 239 2406 rationem
254 2348 285 2406 in
297 2365 334 2406 eo
348 2347 443 2404 ridere
456 2358 510 2413 est,
525 2345 601 2420 quod
622 2346 708 2405 Petro
721 2347 858 2404 edocente
873 2345 1040 2405 Cornelium
1054 2366 1179 2421 suosque
1200 2350 1289 2407 conti

119 2442 167 2520 gr't:
187 2445 318 2503 “Adhuc
339 2444 472 2517 loquente
493 2443 579 2501 Petro
601 2444 686 2500 verba
706 2443 777 2509 brec,
799 2441 903 2500 cecidit
922 2442 1046 2519 Spiritus
1060 2444 1181 2502 Sanctus
1201 2463 1289 2522 super

119 2556 202 2600 omues
216 2541 265 2614 qui
280 2539 431 2599 audiebant
445 2536 609 2597 verbum.”⁸
648 2538 698 2596 Sic
712 2539 797 2597 etiam
811 2536 847 2596 de
867 2538 954 2597 Petro
967 2547 996 2596 et
1016 2538 1127 2599 Joanue
1147 2539 1286 2600 refertur:

66 2676 69 2685 ·
121 2639 317 2719 “imponebant
330 2657 431 2697 manus
444 2655 530 2716 super
543 2635 626 2696 illos”
643 2633 878 2716 (Samaritunoe)
894 2644 914 2673 ⁸⁶
924 2645 953 2695 st
960 2637 1136 2715 accipiebant
1149 2638 1288 2718 Spiritum

120 2732 283 2795 8ιιιιοιιιιιι.”4

66 2850 70 2909 ι
149 2832 229 2913 Rem.
246 2833 379 2912 Apostoli
390 2833 464 2911 jussi
473 2842 540 2892 sunt
552 2832 706 2910 baptizare,
721 2833 790 2907 quin
801 2831 989 2910 adjicerentur
999 2851 1084 2892 roces
1099 2833 1154 2893 illoe
1172 2834 1289 2914 Spiritu

124 2925 223 3000 duroto,
238 2950 302 3005 quae
325 2929 444 3007 proinde
466 2929 625 2988 nullatenus
646 2928 825 2988 admittendae
845 2939 922 2999 sunt,
937 2939 968 2988 ut
980 2947 1054 3007 opus
1075 2930 1113 2988 sit
1126 2934 1287 3010 excogitare

66 3078 68 3093 ,
122 3029 237 3089 atoosm
252 3048 302 3087 seu
323 3028 503 3095 ordinariam,
517 3045 568 3085 seu
593 3027 852 3094 extraordinariam,
866 3047 922 3104 qua
944 3027 1052 3105 Spiritu
1072 3028 1178 3090 Sancto
1199 3033 1288 3110 bapti·

122 3141 187 3184 rasse
210 3136 387 3185 censeantur.
428 3125 571 3184 Caeterurn
597 3125 761 3202 Apostolos,
787 3135 932 3198 tamquam
955 3123 1065 3183 christi
1088 3126 1285 3198 instrumenta,

120 3221 171 3281 dare
189 3242 274 3302 posse
297 3223 435 3300 Spiritum
457 3223 593 3281 Sanctum
608 3240 665 3281 uon
686 3240 833 3298 negamus,
848 3239 898 3280 eos
920 3221 1030 3281 scilicet
1050 3240 1184 3301 peragere
1204 3226 1285 3294 ritus,

119 3322 207 3393 quibus
222 3322 357 3380 Christus
372 3321 496 3399 Spiritus
510 3321 599 3380 sancti
613 3319 688 3380 dona
701 3321 839 3398 impertiri
853 3319 951 3379 voluit.
993 3318 1079 3378 Haud
1091 3331 1184 3380 tamen
1198 3324 1287 3402 bapti·

117 3430 202 3479 terunt
220 3421 329 3498 Spiritu
350 3420 455 3478 Sancto
480 3417 670 3497 praedicando,
691 3437 757 3477 nam
779 3418 964 3476 concionibus
989 3418 1062 3475 banc
1082 3435 1140 3475 ιιοιι
1162 3418 1286 3496 alligavit

113 3515 232 3577 rirmtem
246 3516 390 3583 Christus.
404 3515 455 3574 sed
469 3516 531 3594 ipse
545 3515 599 3575 sibi
613 3517 736 3574 serravit
748 3533 852 3574 munus
874 3523 996 3573 mentem
1011 3512 1169 3572 illustrandi
1188 3516 1285 3577 corda·

112 3622 160 3686 que
173 3613 313 3694 tangendi,
329 3632 380 3691 pro
391 3613 507 3673 occultis
521 3623 550 3672 et
562 3614 734 3687 aequissimis
749 3612 867 3690 judiciis
881 3611 951 3675 suis.
961 3607 1128 3687 demandato
1137 3612 1284 3690 Apostolis

105 3698 221 3772 ‘docendi
241 3731 368 3772 munere.
409 3711 494 3780 Quod
507 3723 600 3771 autem
622 3711 727 3770 Paulus
748 3710 822 3769 dicat
843 3709 959 3769 Galatas
979 3708 1125 3786 accepisse
1146 3710 1285 3789 Spiritum

106 3827 143 3869 cx
155 3811 246 3870 audita
261 3811 338 3878 fidei,
353 3810 494 3888 significat
506 3811 656 3869 occasione
671 3808 877 3888 predicationis
887 3808 1059 3884 Apostolieae
1074 3807 1198 3884 Spiritus
1210 3812 1285 3873 dona

106 3907 160 3967 illis
173 3909 282 3975 collata,
297 3919 413 3984 accepto
427 3905 537 3965 scilieet
550 3907 689 3984 baptismo
703 3918 731 3964 et
751 3923 885 3963 manuum
907 3904 1088 3980 impositione
1103 3904 1186 3973 lacta,
1201 3920 1285 3983 prout

105 4004 204 4065 Petrus
218 4005 359 4083 pollicitus
370 4013 413 4061 est
425 4003 532 4062 Judoeis
547 4020 599 4060 sua
609 4004 746 4062 concione
757 4001 792 4060 ad
808 4001 999 4080 penitentium
1009 4011 1037 4058 et
1046 4000 1170 4061 studium
1185 4004 1283 4064 salutis

103 4103 277 4161 commouet
316 4100 374 4166 Qui
398 4112 491 4160 autem
516 4099 612 4158 tribuit
635 4100 784 4178 Spiritum,
805 4110 834 4158 et
857 4108 988 4178 operatur
1009 4097 1136 4168 virtutes,
1156 4101 1219 4180 ipse
1239 4115 1284 4164 est

133 4297 178 4363 (1)
186 4296 353 4362 objectionem
361 4303 523 4348 mutuamure
532 4295 618 4346 libello:
631 4295 786 4364 “Al'l'reetise
793 4293 940 4357 ooneeruiug
949 4291 1081 4360 Baptism,”
1089 4291 1138 4346 duo.
1144 4294 1177 4359 by
1183 4294 1206 4345 J.
1215 4297 1282 4350 Piks.

135 4384 181 4450 (r)
202 4382 256 4433 uu.
267 4383 302 4432 ui.
314 4386 338 4432 ι.

134 4473 181 4538 (a)
199 4471 255 4521 nse
266 4485 291 4520 x.
302 4471 345 4519 ts.

133 4555 375 4626 mmmm

132 4645 179 4712 (s)
198 4643 254 4695 aar.
268 4642 293 4693 tt
306 4643 346 4691 as.
