2774 5056
97 279 157 338 stt
499 275 557 337 DE
579 273 885 338 OONFESSIONE.

95 454 157 496 nni
167 434 198 495 in
215 452 273 510 qna
290 445 336 494 est
351 453 511 495 murnum
532 445 561 493 et
580 435 835 513 ponendaque
857 446 974 514 peccota
994 447 1025 496 et
1044 436 1179 507 vulnera,
1193 437 1302 512 quibus

96 528 224 613 subjecta
241 544 285 593 est
305 534 484 593 imbecillitas
506 534 609 601 carnis,
629 533 777 593 salubriter
803 534 929 595 curat.”²
968 534 1104 595 Viderint
1126 546 1216 596 secte
1241 554 1303 612 quo

95 629 260 691 discrimine
273 650 290 689 a
304 648 371 688 vera
384 629 495 689 Christi
507 629 642 689 Ecclesia
654 628 872 708 distinguantur.

135 729 185 786 89.
205 725 237 785 S.
253 725 385 786 Eram
399 726 509 796 Sinus,
522 736 589 804 post
608 736 724 803 peccata
743 735 908 785 enumerata
927 727 985 786 ait:
1008 727 1075 786 “Si
1102 735 1132 786 tc
1152 726 1301 790 devictum

94 823 126 882 in
139 820 196 882 hoc
215 823 350 891 sensere,
372 822 475 882 lestirm
495 823 643 881 sanitatem
659 822 796 899 recipere,
817 832 846 880 et
869 831 960 880 statne
981 822 1144 883 custodiam
1159 824 1191 883 in
1210 824 1300 885 corde

95 928 155 989 tuo,
168 930 198 979 st
210 938 261 998 per
273 919 484 980 consessionem
505 940 522 979 a
535 918 655 998 spiritali
669 928 748 997 patre
759 929 789 978 et
808 917 951 979 arnsdico
971 937 1067 995 quare
1083 919 1240 992 medelam,
1260 939 1300 983 ne

95 1037 209 1081 rursum
223 1018 503 1096 eadempatinris.”⁹
707 1076 710 1083 .

133 1120 187 1179 99.
205 1117 237 1177 S.
252 1117 392 1177 Basmrus
405 1117 463 1176 aits
485 1115 643 1176 “Omnino
656 1117 687 1176 in
700 1126 882 1194 peccatorum
896 1115 1080 1176 confessione
1099 1116 1209 1178 endem
1222 1120 1297 1181 ratio

95 1226 149 1284 est,
164 1232 228 1290 qun
241 1214 326 1273 etism
348 1214 377 1273 in
391 1213 536 1292 apertione
560 1212 853 1290 vitiorumcorporis.
896 1212 936 1272 Ut
957 1213 1044 1291 igitur
1070 1214 1142 1273 vitia
1162 1217 1297 1294 corporis

94 1328 275 1385 unusquam
298 1308 446 1384 quibusvis
467 1308 599 1368 nominee
620 1317 727 1368 temere
746 1309 888 1385 aperiunt,
903 1307 955 1367 sed
969 1308 1004 1367 iis
1026 1310 1231 1371 tantummodo
1245 1313 1298 1388 qui

95 1405 232 1467 rationem
247 1424 303 1480 qna
316 1424 351 1465 es
363 1404 486 1464 curanda
498 1404 557 1463 sint
570 1414 693 1472 teneant,
707 1403 810 1463 eodem
823 1403 909 1464 modo
922 1403 1008 1464 etiam
1024 1417 1210 1482 peccatorum
1226 1427 1297 1469 con·

7 1556 13 1567 ,
94 1502 183 1563 lessio
202 1503 266 1563 tisri
285 1502 369 1562 debet
388 1501 463 1580 apud
484 1520 534 1560 eos
555 1501 697 1569 videlicet.
711 1502 762 1578 qui
782 1520 817 1560 ea
830 1512 953 1580 possunt
971 1501 1296 1577 curare.’¹-dosossl·‘1

94 1599 241 1672 ιΙογόροοσις
256 1617 306 1657 τιον
316 1597 497 1669 ομορτημὸνων
513 1596 622 1670 γίνεσθαι
633 1599 724 1667 daiam
738 1600 780 1654 nsi
797 1615 846 1656 ton
856 1599 989 1670 &mpsim
1004 1599 1170 1671 >amisos-⁸
1211 1602 1295 1687 Alias

94 1698 186 1759 dicit:
208 1707 230 1735 ‘⁶
241 1697 414 1757 Necessarid
430 1698 464 1756 iis
478 1707 595 1774 peccata
619 1696 723 1774 aperiri
742 1696 856 1768 debent,
871 1699 976 1775 quibus
989 1698 1097 1759 credits
1116 1709 1163 1759 est
1175 1699 1296 1779 dispen-

94 1794 167 1855 satio
181 1794 382 1873 mysteriorum
396 1791 485 1854 Dci.”
494 1792 626 1865 ὀνογιοῑον
641 1792 695 1856 τοῖς
705 1810 886 1864 mammeam
903 1811 949 1867 op
959 1793 1099 1866 οἰκονομίαν
1109 1811 1160 1852 ene
1169 1815 1294 1869 μοςηοοοο

93 1894 126 1951 ri
141 1902 188 1951 on
205 1891 399 1963 ιεομοοογιοοθοο
416 1889 450 1946 τὸ
460 1888 649 1962 damam&
689 1891 853 1968 Unicuique
867 1912 884 1952 e
904 1893 1013 1972 populo
1034 1895 1146 1972 peccati
1162 1913 1216 1955 reo
1229 1914 1298 1957 con·

93 1989 249 2051 sessionem
282 1988 488 2050 nemausum
521 2006 586 2048 esse
621 1989 714 2060 tradit,
746 1991 903 2068 praesertim
934 1991 1049 2071 gravius
1083 1992 1293 2071 peccantibus:

97 2098 118 2129 ⁴⁶
129 2089 268 2168 Magnum
292 2098 337 2147 est
364 2100 393 2147 et
415 2107 501 2166 grave
527 2090 699 2166 peecatnml
741 2090 835 2149 Mults
858 2110 932 2169 opus
957 2090 1047 2150 habes
1073 2108 1294 2161 conszssrosrn,

93 2187 230 2266 lucrymil
244 2187 557 2259 amaruleniifl-tmfis
568 2208 605 2244 uos
616 2186 739 2259 χριίατης
751 2188 961 2261 tisamenus-⁸

133 2288 183 2347 91.
204 2286 237 2346 S.
250 2286 426 2347 Gennoerus
439 2285 470 2345 N
471 2304 599 2346 nunnus
610 2285 736 2345 bortatur
750 2298 929 2364 peccatorem
941 2288 977 2349 ad
990 2287 1128 2350 fiduciam
1150 2291 1183 2350 in
1202 2308 1296 2351 sacer·

94 2382 171 2453 dots,
186 2394 218 2444 ut
230 2383 257 2443 ei
272 2383 385 2462 detegat
404 2395 541 2461 peccam:
563 2392 583 2419 “
596 2383 690 2451 Quam
713 2384 750 2443 ob
774 2402 833 2443 rem
858 2386 949 2464 major
963 2386 1014 2445 tibi
1039 2387 1071 2446 iu
1098 2406 1168 2448 enm
1190 2387 1296 2451 fidncia

93 2483 141 2551 sit,
156 2483 246 2557 quite
260 2483 290 2541 in
304 2481 369 2541 Deo
390 2482 496 2561 genuit,
512 2500 597 2556 quam
619 2482 649 2540 iu
670 2481 726 2539 illis
747 2501 764 2540 a
785 2483 888 2556 quibus
909 2503 1029 2563 corpore
1052 2496 1222 2563 procreatus
1250 2505 1292 2546 es.

93 2580 235 2640 Audacter
248 2580 365 2639 ostende
380 2581 420 2637 illi
435 2599 498 2653 quae
511 2588 578 2638 sunt
592 2580 745 2638 recondita.
787 2582 885 2639 Animi
900 2602 1001 2641 arcana
1015 2594 1167 2657 tamquam
1181 2585 1292 2643 occulta

93 2679 210 2737 vulnera
224 2678 334 2736 medico
349 2678 459 2754 detege.
502 2677 568 2755 lpse
590 2688 618 2735 et
633 2679 748 2736 honoris
763 2691 791 2736 ct
813 2679 981 2737 valetudinis
1008 2690 1066 2740 tuae
1092 2682 1293 2742 rationemha·

93 2773 214 2832 bebit.”⁰
254 2775 293 2832 Et
306 2774 388 2831 alias:
414 2784 433 2809 ‘⁶
449 2774 506 2840 Qui
521 2782 613 2831 autem
629 2774 725 2832 latenti
741 2775 880 2833 ablatione
895 2776 949 2834 sibi
965 2777 1095 2836 alienum
1122 2790 1252 2856 usurpat,
1267 2781 1291 2838 si

92 2870 194 2930 deinde
209 2891 260 2948 per
272 2871 489 2929 declarationem
506 2882 653 2948 peccatum
676 2891 760 2930 sunm
781 2873 921 2933 sacerdoti
942 2876 1095 2952 aperuerit,
1111 2877 1175 2935 vitii
1195 2876 1290 2936 studio

91 2968 121 3026 in
135 2967 305 3025 contrarium
320 2976 436 3032 mutato.
453 2967 649 3042 aegritudinem
664 2968 817 3027 curabit.’'⁷

132 3069 180 3124 92.
202 3065 235 3122 S.
250 3067 417 3123 Amnnosrus
431 3065 486 3121 ait:
510 3064 680 3123 “Nonnulli
702 3066 768 3126 ideo
788 3078 912 3146 poscunt
926 3069 1134 3145 poenitentiam,
1151 3082 1183 3130 ut
1196 3072 1289 3131 statim

91 3165 146 3224 sibi
160 3163 239 3223 reddi
253 3166 484 3222 communionem
506 3163 604 3221 velint.
647 3165 687 3222 Hi
708 3185 766 3224 non
787 3177 845 3224 tarn
866 3185 897 3224 se
918 3166 1030 3226 solvere
1052 3170 1187 3246 cupiunt,
1203 3189 1286 3244 quam

89 3261 264 3322 sacerdotem
278 3260 375 3337 ligare.
431 3260 519 3319 Suam
534 3262 611 3319 enirn
626 3264 830 3322 conscientiam
845 3283 903 3323 non
918 3275 1026 3323 exuunt
1039 3284 1047 3334 ς
1070 3267 1229 3325 sacerdotis
1242 3267 1286 3325 in·

90 3359 189 3418 duunt.
231 3357 412 3434 Praeceptnm
426 3366 485 3414 est:
509 3357 606 3416 Nolite
621 3372 750 3418 sanctum
772 3360 837 3418 dare
852 3360 1017 3419 canibus.'’⁸
1057 3363 1164 3440 Arguit
1177 3383 1227 3424 eos
1240 3365 1288 3438 qui

91 3469 156 3535 post
170 3457 380 3515 consessionem
396 3457 544 3532 negligunt
564 3458 642 3514 obire
657 3459 830 3534 poenitentiae
844 3461 956 3537 publica
971 3461 1078 3529 munia,
1097 3463 1203 3535 quibus
1225 3463 1288 3523 Deo

90 3555 281 3614 satisfaciant:
305 3562 324 3589 ‘⁶
337 3557 382 3610 An
397 3555 547 3626 quisquam
563 3554 641 3618 ierat.
652 3566 683 3612 ut
695 3557 846 3614 erubescas
860 3557 953 3616 Deum
965 3577 1075 3635 rogare,
1088 3561 1141 3632 qui
1154 3579 1214 3619 non
1227 3580 1288 3620 eru·

91 3653 183 3710 bescis
198 3670 296 3727 rogare
311 3651 475 3708 homiuemi
517 3651 557 3709 Et
570 3651 673 3728 pudeat
697 3663 723 3711 te
747 3653 811 3712 Deo
835 3656 994 3731 supplicare
1009 3674 1095 3729 quem
1124 3677 1182 3717 non
1208 3658 1288 3727 lates,

90 3767 158 3808 cunt
171 3755 198 3807 te
211 3765 271 3807 non
285 3747 396 3826 pudent
413 3756 533 3826 peccata
547 3757 600 3807 tua
623 3749 748 3819 domini,
763 3769 850 3829 quem
870 3752 953 3822 lates,
969 3753 1102 3813 constari
1112 3755 1168 3814 ,Μ
1211 3757 1288 3818 Dicit

386 3947 423 4005 (l)
442 3941 503 3991 lust.
514 3941 579 3999 liv..
590 3959 611 3992 c.
623 3958 682 3994 xxx.

390 4033 428 4091 (2)
446 4027 476 4078 L.
487 4028 503 4078 i.
516 4028 644 4088 Admonit,
662 4029 692 4079 de
705 4031 893 4096 compunctione
904 4032 989 4083 cordis.

388 4118 430 4182 (3)
451 4114 483 4165 In
494 4115 554 4177 Reg.
565 4116 630 4165 brer.
638 4132 701 4182 resp.
713 4118 742 4166 ad
753 4134 798 4181 qu.
812 4121 870 4168 229.

390 4204 432 4269 (4)
451 4200 543 4250 Ibidem
554 4217 616 4266 resp.
627 4202 658 4252 nd
669 4218 710 4266 qn.
720 4205 778 4253 288.

390 4288 433 4353 (5)
453 4287 528 4337 Hom.
538 4286 565 4336 in
577 4286 628 4337 hnc
639 4290 725 4338 verba:
743 4287 850 4341 Attouda
861 4289 908 4341 tili
919 4289 978 4358 ἱροὶ.

389 4372 431 4437 (6)
452 4371 520 4423 Ornl.
531 4372 558 4423 iu
570 4372 662 4436 eosqui
673 4374 733 4424 alios
744 4377 828 4427 acerbe
835 4377 955 4443 judicent.

388 4458 427 4522 (7)
444 4459 491 4523 Ep.
503 4459 533 4508 ad
544 4457 666 4524 Letojum.

386 4546 426 4604 (8)
442 4542 472 4591 L.
481 4543 515 4603 ii,
526 4542 556 4592 de
568 4543 659 4605 Poenit,
670 4560 692 4596 c·
704 4543 738 4595 ix.

385 4629 423 4690 (9)
441 4626 540 4687 Ibidem,
552 4642 572 4676 c.
584 4642 608 4678 x.
