2774 5056
92 329 164 386 eoo
431 300 489 385 nir
511 321 732 385 sancimen
753 322 1093 386 censueramus.

106 486 203 546 locum
219 496 328 554 tenere,
350 502 440 558 quum
461 491 572 543 constet
592 483 741 562 piissimos
765 481 938 552 sacerdotes,
959 483 994 542 ab
1023 484 1104 543 omni
1130 482 1202 544 lucri
1230 485 1302 562 turpi

106 581 260 660 cupiditate
275 582 394 651 alienos,
409 580 444 640 ad
458 580 515 640 Dei
529 579 636 640 cultum
650 580 811 660 augendum
835 580 944 640 Missas
957 580 1112 652 celebrare,
1127 581 1199 657 quin
1210 580 1302 641 adsint

106 679 352 741 communicaturi.

559 924 849 985 sumsnvsnsro'uss.
937 924 941 930 '

152 1142 219 1199 108.
242 1139 491 1216 Supervacaneum
518 1135 652 1197 duximus
674 1138 847 1217 argumentis
867 1135 1016 1198 ostendere
1037 1138 1186 1198 neminem
1208 1149 1308 1217 prater

105 1199 284 1313 secedam
302 1236 417 1314 proprie
431 1235 533 1308 offerre
557 1235 741 1294 sacrificium.
781 1235 925 1295 Dicuntur
938 1233 1056 1309 quidem
1070 1235 1172 1295 fideles
1195 1255 1307 1306 omncs,

77 1390 91 1415 ι
105 1331 191 1391 etiam
206 1331 236 1388 in
250 1349 369 1399 canone,
384 1329 454 1389 illud
476 1329 589 1398 offerre,
611 1328 688 1404 quod
709 1339 802 1389 tamen
823 1338 901 1406 patet
920 1329 1041 1407 intelligi
1061 1329 1097 1389 de
1118 1331 1217 1391 animo
1243 1351 1308 1391 cum

106 1427 253 1488 secerdote
267 1429 429 1505 conjuncto,
442 1445 500 1501 quo
514 1426 609 1486 Deum
624 1426 730 1486 colunt.
772 1427 844 1494 Qus
858 1435 925 1504 post
937 1426 1130 1487 Jansenianos
1151 1428 1306 1489 nonnullos

104 1526 208 1587 int'elix
222 1526 376 1603 episcopus
390 1523 576 1585 Pistoriensis
590 1523 704 1584 tradidit
717 1525 746 1583 in
761 1524 874 1601 synodo
887 1525 1006 1594 famosa,
1022 1526 1097 1585 mala
1107 1527 1209 1601 utique
1224 1527 1306 1595 sama,

106 1641 181 1682 anno
199 1626 285 1691 1785,
295 1623 418 1699 partium
431 1631 460 1680 et
471 1623 629 1680 novitatum
640 1621 735 1681 studio
749 1622 909 1699 excogitata
922 1632 999 1691 sunt,
1013 1623 1172 1693 levissimis
1185 1635 1215 1683 et
1227 1625 1310 1685 sutili·

107 1720 160 1778 bus
186 1719 304 1778 omnino
328 1719 484 1778 rationibus
505 1718 644 1795 allegatis.
685 1719 744 1787 Qui
757 1719 826 1778 velit
846 1738 890 1788 ea,
905 1738 968 1794 que
983 1718 1017 1779 ad
1033 1739 1087 1780 nos
1101 1722 1152 1780 vix
1166 1733 1305 1800 spectant,

108 1815 239 1875 discussa
248 1815 354 1886 videre,
366 1817 496 1876 consulat
507 1815 730 1876 eruditissimum
741 1826 770 1874 et
779 1812 974 1885 acutissimum
984 1817 1150 1896 theologum
1161 1802 1310 1892 Perrone,²

108 1914 190 1992 cujus
203 1913 357 1983 laboribus,
373 1914 403 1972 in
418 1932 477 1973 rem
492 1925 630 1982 nostram,
645 1914 750 1992 sapius
764 1914 810 1971 usi
824 1932 935 1972 sumus.

151 2014 217 2069 109.
232 2011 285 2070 ‘De
294 2012 483 2090 applicatione
493 2011 626 2071 sacrificii
640 2011 722 2089 plura
733 2029 881 2089 perperam
892 2012 922 2071 in
934 2011 983 2071 illa
996 2011 1111 2089 synodo
1122 2014 1224 2074 tradita
1234 2027 1309 2082 sunt,

108 2125 252 2182 quaecum
267 2109 375 2167 caeteris
398 2108 540 2166 erroribus
554 2107 699 2167 damnavit
719 2105 932 2167 Constitutione
953 2108 1123 2185 Apostolica
1142 2111 1215 2171 Pius
1242 2112 1310 2171 VI.²

107 2202 255 2278 Equidem
271 2222 334 2263 mos
350 2214 409 2262 erat
429 2204 592 2282 purissimis
607 2202 747 2261 Ecclesia
763 2202 887 2272 saeculis,
901 2212 933 2261 ut
946 2202 1045 2262 fideles
1059 2222 1183 2265 munera
1201 2226 1254 2267 sua
1277 2207 1311 2266 ad

116 2302 203 2361 altare
216 2299 367 2369 deferrent,
382 2301 533 2374 exquibus
548 2319 611 2374 qum
625 2297 660 2358 ad
675 2299 846 2359 sacrificium
868 2300 1010 2359 ecessaria
1024 2312 1105 2360 erant
1117 2304 1311 2373 sumebantur,

110 2400 220 2460 caeteris
234 2400 264 2459 in
276 2399 454 2458 sacerdotum
469 2399 704 2458 sustentationem
718 2399 847 2457 servatis.
889 2398 1071 2473 AEquissima
1082 2398 1137 2460 suit
1148 2401 1209 2462 Dei
1221 2404 1309 2481 ipsius

108 2501 168 2570 lex,
184 2509 215 2559 nt
228 2499 361 2559 Aaronici
376 2497 537 2557 sacerdotes
553 2497 731 2556 victimarum
745 2495 982 2555 immolandarum
997 2498 1149 2558 occasione
1172 2511 1307 2560 sustenta·

109 2599 218 2657 tionem
247 2598 370 2670 aliquam
393 2598 563 2673 acciperent,
588 2614 654 2652 narn
671 2595 750 2668 “qui
765 2594 843 2651 altari
858 2592 1023 2654 deserviunt
1036 2595 1072 2653 de
1094 2598 1176 2657 altari
1202 2600 1310 2676 partici-

110 2693 225 2773 pant.”³
268 2691 371 2751 Meritd
386 2694 470 2770 igitur
480 2691 579 2749 fideles
590 2692 703 2769 pristini
712 2691 872 2749 obtulerunt
882 2692 1016 2750 sacrificii
1026 2695 1180 2753 occasione
1196 2715 1311 2754 munera

112 2809 176 2866 quae
197 2790 226 2847 in
241 2791 475 2847 sustentationem
498 2788 675 2846 sacerdotum
697 2787 839 2845 cederent.
883 2789 995 2848 Saeculo
1009 2801 1121 2859 octavo,
1137 2803 1170 2850 ut
1195 2793 1306 2851 eruditis

112 2889 234 2956 videtur,
247 2889 334 2965 coepit
348 2907 410 2946 mos
426 2886 564 2944 offerendi
579 2886 739 2963 pecuniam,
755 2897 786 2944 ut
800 2887 932 2945 sacerdos
954 2889 1127 2949 sacrificium
1143 2891 1268 2959 offerret,
1282 2901 1339 2948 et:

114 2988 300 3063 eleemosyna
327 2988 369 3044 sic
397 2987 426 3044 in
454 2985 603 3042 utilitatem
628 2984 719 3042 dantis
748 2985 888 3043 evaderet.
943 2985 1023 3045 Bene
1052 2990 1253 3049 animadvertit
1277 2990 1336 3047 S-

115 3085 265 3142 Thomas:
289 3082 460 3141 “Sacerdos
475 3100 532 3140 non
546 3082 648 3158 accipit
670 3083 832 3157 pecuniam,
855 3084 937 3156 quasi
952 3085 1074 3160 pretinm
1089 3088 1372 3146 consecrationis

115 3181 304 3247 eucharistia,
331 3191 378 3238 aut
399 3179 500 3237 Missas
527 3178 724 3236 decantandae:
746 3179 801 3237 hoc
827 3181 904 3239 enim
925 3191 1002 3239 essct
1029 3184 1240 3244 simoniacum:
1261 3179 1376 3241 secl

116 3280 200 3354 quasi
214 3276 388 3354 stipendium
400 3294 460 3333 suar
475 3275 735 3334 sustentationis.”⁴

159 3382 226 3436 110.
250 3376 297 3434 Ne
312 3374 364 3433 hac
378 3374 528 3434 occasione
542 3375 632 3450 turpis
647 3374 717 3433 lucri
732 3374 837 3452 cupido
861 3375 947 3434 corda
967 3376 1148 3438 sacerdotum
1177 3380 1377 3438 inficeret,

117 3475 248 3555 plurimis
262 3473 435 3533 Pontificum
451 3490 628 3530 summorum
654 3473 903 3531 constitutionibus
919 3486 1032 3532 cautum
1056 3486 1110 3545 est,
1125 3487 1155 3535 et
1177 3479 1317 3555 episcop
1342 3495 1368 3519 ⁴

119 3573 293 3633 vindicatum
308 3584 352 3629 est
368 3572 417 3648 jus
438 3571 653 3647 eleemosynam
675 3570 825 3640 statuendi,
848 3591 910 3645 quae
932 3574 1045 3631 modica
1072 3594 1191 3652 prorsus
1212 3577 1324 3648 ubiqu
1352 3592 1387 3617 ‘r

121 3678 174 3726 est.
217 3668 299 3725 Nihil
323 3666 442 3744 proinde
457 3667 486 3724 in
501 3665 705 3724 consuetudine
719 3667 767 3725 illa
787 3667 1053 3745 reprehendendum
1075 3674 1207 3741 occurrit,
1229 3681 1386 3745 quum

123 3764 219 3823 divino
230 3765 304 3840 jure,
319 3782 375 3836 quo
390 3762 587 3821 sustentationi
601 3782 745 3821 sacrorum
769 3766 961 3825 ministrorum
977 3769 1146 3840 consulitur,
1162 3770 1268 3834 nitatur,
1306 3768 1384 3819 et

124 3870 251 3918 sanctum
273 3859 341 3917 illud
356 3859 454 3917 fideles
477 3860 549 3917 inter
563 3869 591 3916 et
617 3859 776 3918 sacerdotes
804 3862 897 3920 foveat
911 3862 1070 3922 officiorum
1085 3865 1225 3923 bonorum
1238 3877 1379 3921 com·

124 3956 273 4023 mercium,
289 3973 345 4027 quo
358 3955 398 4013 illi
411 3955 455 4013 his
471 3955 501 4013 in
516 3955 718 4030 temporalibus
741 3957 922 4027 subveniunt,
939 3958 1073 4017 utilitates
1095 3960 1234 4038 spiritales
1247 3953 1374 4015 inde

394 4247 405 4310 (
409 4246 436 4310 1)
455 4244 537 4295 Trsct
549 4245 579 4294 de
590 4245 671 4297 Euch.
678 4253 739 4310 post
751 4263 800 4312 par.
813 4264 834 4298 c.
843 4248 878 4299 iii
885 4265 954 4316 prop.
965 4249 997 4300 iv.

264 4367 285 4412 Ι
396 4331 438 4397 (2)
457 4333 589 4383 Auctorem
599 4331 682 4383 Fidei.

393 4419 435 4483 (3)
456 4418 477 4467 Ι.
489 4416 545 4468 Cor.
557 4419 590 4469 ix.
604 4421 643 4468 13.

395 4504 437 4569 (4)
456 4503 488 4552 ΙΙ.
500 4504 618 4555 Secunde
630 4520 670 4570 qu.
684 4507 740 4555 100.
751 4512 794 4554 art.
805 4508 829 4565 2,
838 4504 875 4554 ad.
886 4507 910 4554 2.
