2774 5056
115 313 174 374 106
533 313 591 373 DE
617 312 917 374 sacuantnmo.

114 469 207 530 hanua
221 471 370 532 simillima
382 471 504 532 videtur.
545 472 631 550 Apud
644 473 763 531 Latinos
772 474 859 550 igitur
868 475 939 532 ritus
952 472 1001 532 hic
1015 491 1032 530 a
1045 471 1187 549 baptismo
1201 461 1320 547 sejungi

117 573 205 646 eupit
214 572 365 647 posteriori
375 581 465 640 state,
472 582 502 630 et
510 571 666 649 Episcopis
678 583 819 630 reservata
826 583 870 629 est
881 571 916 629 ad
927 571 1071 648 dignitatis
1076 568 1299 629 ostentationem
1310 583 1319 621 ε

119 665 187 723 “ad
214 666 352 727 honorem
366 669 461 746 potius
474 667 635 736 sacerdotii,
649 687 735 742 quarn
758 666 795 724 ad
817 668 911 746 legem
925 665 1125 726 necessitatis’'
1140 677 1227 744 prout
1248 662 1320 722 dicit

120 761 338 842 Hieronymus.

158 860 248 940 Hesp.
270 863 330 921 Res
340 876 386 922 est
397 864 543 942 explorata
556 865 676 923 Graecos
688 878 718 923 et
731 863 892 923 Orientales
906 862 962 922 hoc
981 880 1137 941 agnoscere
1151 862 1322 921 Sacramen-

120 963 206 1026 tum.¹
217 974 247 1018 et
260 980 277 1017 a
290 962 422 1039 baptismi
436 962 537 1020 ritibus
552 963 669 1020 omniuo
682 961 863 1020 discernere:
884 960 937 1018 sed
950 961 1038 1019 veteri
1058 958 1217 1036 disciplina
1231 957 1322 1016 iuhae·

111 1046 225 1124 'rentes
246 1059 299 1115 tria
325 1059 508 1117 Sacramenta
526 1058 629 1117 eodem
650 1058 696 1117 die
717 1058 924 1124 administrant,
940 1048 1147 1115 'eucharisum
1167 1075 1225 1114 una
1251 1072 1319 1112 cum

119 1155 261 1232 baptismo
275 1166 303 1212 et
316 1155 479 1224 chrismate,
494 1155 570 1215 uude
594 1156 699 1215 sactum
712 1156 824 1214 videtur
843 1166 875 1212 nt
888 1153 1088 1212 Sacerdotibus
1109 1152 1321 1230 permitteretur

119 1251 237 1310 facultas
250 1251 403 1310 chrismate
415 1254 551 1311 verticem
571 1252 707 1331 ungendi,
722 1254 850 1326 qui‘mos
871 1251 1086 1324 antiquissimus
1101 1248 1179 1327 apud
1193 1266 1242 1307 eos
1262 1256 1319 1307 est.

121 1348 293 1408 Tertulliani
323 1358 452 1428 tempore
478 1351 564 1409 simul
591 1350 781 1410 administrari
807 1358 1027 1417 consueremnt,
1047 1347 1099 1406 sed
1122 1365 1184 1406 nou
1207 1345 1320 1405 videtur

120 1447 239 1507 licuisse
253 1448 316 1507 aliis
330 1460 432 1526 praeter
441 1451 607 1527 episcopos.
649 1449 794 1507 Caeterum
807 1467 844 1508 ex
865 1446 1071 1506 cousuetudine
1083 1464 1150 1520 quaa
1164 1444 1242 1522 apud
1258 1443 1323 1502 Ori·

122 1546 230 1604 eutales
244 1546 372 1614 invaluit,
385 1557 415 1604 et
427 1566 466 1605 ex
487 1546 619 1605 facultate
638 1565 853 1619 uounnmquam
878 1544 955 1622 apud
979 1545 1098 1603 Latinos
1124 1542 1322 1602 sacerdotibus

123 1641 196 1709 data,
211 1641 322 1700 videtur
334 1643 487 1701 reservatio
498 1644 643 1721 episcopis
654 1643 725 1701 faeta
735 1653 864 1719 spectare
878 1651 898 1678 ‘⁶
909 1641 945 1699 sd
964 1641 1103 1700 honorem
1118 1640 1215 1717 potius
1230 1657 1323 1698 sacer·

124 1736 227 1805 dotii‚’'
243 1757 328 1812 quam
342 1738 378 1796 ad
391 1740 432 1796 rei
457 1739 548 1816 ipsius
562 1751 689 1798 naturam
703 1758 711 1807 ;
733 1739 789 1797 uisi
814 1740 890 1797 enim
916 1736 1090 1796 Sacerdotes
1112 1737 1264 1815 simplices
1286 1752 1325 1794 ex

125 1832 236 1892 Christi
250 1835 379 1894 instituto
392 1847 490 1896 essent
499 1835 566 1895 huie
580 1835 705 1896 facultati
721 1834 912 1913 suscipienda
925 1833 1036 1903 idonei,
1049 1852 1209 1908 numquam
1234 1833 1278 1892 eis
1292 1850 1326 1891 ea

126 1934 252 2010 permitti
266 1935 415 2012 potuisset.

609 2149 841 2191 summatem.

166 2293 217 2350 30.
239 2289 346 2350 Divina
373 2291 596 2352 confirmationis
620 2291 759 2350 institutio
785 2309 823 2348 ex
850 2290 1056 2368 Apostolorum
1075 2290 1161 2347 rebus
1185 2289 1283 2367 gestis.
1300 2297 1329 2347 et

127 2388 265 2448 Ecclesiae
287 2390 438 2450 traditione
451 2391 595 2468 probatur,
610 2389 732 2462 ideoque
748 2388 896 2447 aChristo
919 2389 1047 2448 Domino
1073 2397 1173 2465 nostro
1200 2387 1329 2461 instituta

127 2498 205 2547 certo
220 2488 428 2559 credendam,
443 2509 509 2548 eum
519 2490 596 2547 euim
608 2489 736 2547 omniurn
750 2487 995 2547 sacramentorum
1002 2506 1083 2545 nova
1093 2486 1167 2564 legis
1182 2495 1329 2545 auctorem

127 2603 192 2643 esse
206 2585 336 2645 definivit
356 2587 520 2645 Concilium
542 2586 753 2644 Tridentinum.
796 2584 986 2653 Immediutu,
1000 2586 1042 2642 uti
1063 2585 1171 2651 dicunt,
1187 2584 1329 2642 institutio

127 2700 145 2738 a
158 2682 300 2757 plerisque
315 2684 474 2759 Theologis
489 2693 692 2759 propugnatur,
708 2684 837 2754 quamvis
853 2683 1052 2741 Dominicusa
1065 2683 1136 2741 Soto
1151 2681 1255 2741 doceat
1265 2700 1329 2745 eam

126 2796 184 2836 non
198 2796 262 2835 esse
277 2779 394 2835 omuino
409 2777 474 2835 fidei
491 2776 612 2854 dogma:
634 2777 703 2835 dicit
717 2778 827 2835 seilicet
842 2788 861 2814 “
875 2779 1041 2837 haeretieum
1055 2797 1131 2846 esse,
1146 2797 1253 2856 negare
1267 2777 1330 2836 haee

128 2876 226 2934 omnia
240 2873 459 2954 (Sacramenta)
475 2876 601 2933 instituta
617 2876 705 2933 fuisse
729 2896 745 2933 a
767 2875 917 2935 Christo.''
942 2919 950 2934 .
973 2918 981 2935 .
1003 2919 1012 2934 .
1038 2877 1137 2934 “Non
1149 2896 1244 2950 usque
1258 2876 1330 2935 adeo

128 2983 238 3032 constat
262 2974 427 3033 haereticnm
455 2991 519 3032 esse
547 2993 650 3052 negare
675 2975 857 3033 Sacramenta
881 2976 1106 3034 confirmationis
1130 2985 1159 3033 et
1186 2986 1327 3034 extreme

128 3071 272 3130 uuetionis
299 3070 388 3129 fuisse
415 3089 464 3128 ore
489 3069 599 3128 Christi
622 3071 739 3147 proprio
766 3071 913 3128 instituta:
944 3090 1009 3129 esse
1036 3081 1132 3129 tamen
1159 3070 1329 3130 haereticum

127 3188 231 3247 negare
245 3189 309 3229 esse
323 3169 357 3228 de
368 3171 432 3247 jure
446 3168 591 3227 divino.'’⁹
631 3170 761 3246 Tempus
777 3189 833 3242 quo
855 3171 982 3229 instituta
1002 3181 1044 3229 est
1059 3190 1075 3227 a
1090 3169 1209 3228 Christo
1225 3171 1329 3229 contir-

128 3269 215 3328 matio
229 3269 331 3327 frustra
344 3267 462 3326 definire
477 3268 541 3341 quis
565 3267 658 3335 vellet,
682 3267 783 3324 silente
799 3268 961 3343 Scriptura;
983 3267 1034 3325 sed
1048 3267 1116 3324 satis
1130 3279 1175 3324 est
1191 3286 1281 3325 uosse
1296 3286 1333 3326 ex

129 3367 332 3442 Apostolorum
349 3365 452 3442 agendi
472 3366 579 3423 ratione
595 3383 658 3422 earn
680 3363 829 3421 Christum
845 3363 947 3422 habere
963 3375 1116 3422 auctorem.
1160 3364 1250 3422 Multi
1266 3384 1334 3423 ceu·

129 3474 192 3521 sent
208 3463 377 3522 documenta
391 3463 425 3520 de
440 3463 531 3521 saeris
545 3461 882 3538 muneribushujusmodi
897 3480 963 3520 eum
978 3460 1125 3518 tradidisse
1140 3449 1333 3538 quadraginta

129 3559 193 3619 illos
208 3561 268 3619 dies
282 3562 331 3634 qui
345 3563 418 3619 inter
430 3561 666 3619 resurrectionem
678 3572 705 3616 et
717 3559 913 3616 ascensionem
929 3559 1001 3635 lapsi
1011 3570 1086 3624 sunt,
1102 3557 1136 3614 de
1148 3577 1238 3634 regno
1252 3560 1332 3623 enim

131 3654 186 3714 Dei
202 3678 265 3715 cum
282 3659 428 3734 Apostolis
450 3660 560 3717 locutus
576 3658 686 3723 dieitur,
702 3675 759 3727 quo
774 3656 889 3713 nornine
905 3656 1046 3713 Ecclesiae
1061 3656 1091 3713 in
1105 3655 1187 3711 terris
1204 3656 1334 3714 conditio

131 3767 258 3830 persaepe
274 3755 446 3832 designatur.
488 3766 507 3792 “
520 3757 545 3814 li
557 3755 649 3822 dies‚’'
667 3755 705 3811 ait
725 3755 757 3810 S.
774 3754 835 3811 Leo
855 3772 987 3830 maguus,
1004 3762 1023 3788 ‘⁴
1036 3753 1087 3825 qui
1102 3753 1175 3808 inter
1189 3771 1335 3812 resurrec-

132 3850 238 3909 tionem
270 3861 298 3909 et
328 3852 525 3909 ascensionem
560 3852 713 3917 fluxerunt,
743 3868 801 3907 uon
829 3851 922 3907 otioso
947 3851 1085 3907 transiere
1114 3846 1259 3916 deeursu;
1283 3850 1335 3910 sed

132 3964 235 4023 magna
249 3947 331 4004 ineis
346 3948 512 4007 confirmata
526 3949 719 4013 Sacramenta,
734 3957 917 4022 magnasunt
931 3946 1053 4004 revelata
1068 3945 1253 4023 mysteria.’'³

406 4041 411 4065 Ι

167 4123 209 4189 (l)
229 4123 268 4173 De
278 4122 401 4174 Chaldaeis
423 4124 539 4189 Syriaque
556 4123 778 4188 vidsEuopliama
794 4121 940 4187 Naironop.
957 4125 1013 4172 128.
1047 4122 1111 4172 Vide
1127 4123 1202 4172 etiam
1215 4123 1334 4175 Natalem

131 4209 205 4262 alex.
222 4209 281 4270 hist,
293 4209 361 4259 Eccl.
372 4217 390 4259 t.
401 4226 424 4259 v.
435 4211 492 4260 diss.
503 4225 529 4259 1.
541 4214 555 4269 ς
568 4213 608 4261 22.
642 4206 681 4258 De
693 4200 853 4271 AEthiopibus
864 4208 919 4257 vide
936 4208 1046 4258 ordinem
1057 4208 1117 4259 illud
1134 4208 1293 4259 ministrandi
1310 4211 1338 4260 iu

89 4356 95 4365 Ι
132 4293 362 4347 tvLBibliothecae
379 4294 489 4344 Petrum
503 4296 614 4346 rolatum.
648 4293 687 4343 De
703 4291 831 4356 AEgyptiis
842 4293 897 4343 ride
914 4294 1087 4359 professionem
1098 4292 1155 4343 fidei
1173 4310 1249 4357 quam
1272 4296 1340 4347 Mat·

93 4404 97 4411 ·
132 4378 214 4443 timus
223 4380 295 4435 alex.
305 4381 441 4447 patriarcha
451 4381 482 4431 ad
489 4379 644 4433 Ludoricum
650 4380 700 4430 xiv.
707 4379 782 4442 misit,
793 4386 810 4428 t
821 4379 855 4430 iic
864 4382 894 4431 de
904 4388 1020 4448 perpetue
1028 4380 1097 4433 nect.
1104 4380 1153 4432 fide
1161 4381 1227 4435 eirea
1236 4382 1340 4436 Eucha-

129 4454 253 4521 'ffit’uml
264 4469 313 4518 viii
324 4485 345 4519 e.
355 4469 407 4519 xix.

170 4555 213 4621 (2)
232 4552 262 4602 ln
272 4554 304 4604 iv.
315 4553 426 4603 Sentent.
438 4567 461 4616 q.
473 4552 497 4608 5,
508 4567 540 4601 ar.
551 4553 574 4602 2.

98 4650 101 4655 '
167 4641 208 4707 (2)
228 4640 305 4690 Serm.
316 4639 333 4690 i.
343 4640 371 4708 iu
382 4637 534 4690 Asceusione
544 4653 570 4688 n.
580 4641 606 4687 2.

96 4730 112 4765 k
