2774 5056
375 333 430 393 DE
451 331 656 393 MINIS'I'RO
678 332 1051 394 CONFIRMATIONIS.
1233 333 1286 389 lll

584 810 725 870 CAPUT
746 810 800 870 ΙΙΙ.

317 987 370 1039 DE
396 987 619 1040 MINISTRO
643 987 1066 1042 CONFIRMATIONIS.

130 1158 182 1214 46.
218 1153 271 1213 Ex
297 1155 376 1213 Actis
404 1155 606 1232 Apostolorum
631 1155 774 1233 colligitur
800 1156 1016 1215 Sacramentum
1040 1156 1095 1215 hoc
1123 1155 1287 1215 conferendi

90 1256 197 1312 munus
211 1251 249 1311 ad
259 1263 382 1312 rectores
391 1253 530 1312 Ecclesia
544 1262 683 1331 spectare,
695 1255 797 1313 Petrus
810 1254 888 1315 enim
902 1264 931 1314 ct
942 1255 961 1314 J
963 1273 1069 1313 oannes
1081 1253 1144 1312 ideo
1159 1255 1210 1313 iter
1223 1273 1285 1312 sus·

92 1350 205 1427 cepisse
219 1350 357 1409 censendi
370 1362 446 1419 suut,
458 1350 535 1425 quod
549 1351 686 1429 Philippo
699 1351 769 1410 illud
784 1351 936 1430 peragendi
950 1353 1028 1410 nulla
1047 1362 1123 1409 esset
1145 1352 1261 1410 facultas
1275 1370 1284 1409 r

92 1456 123 1504 et
133 1447 239 1506 Paulus
248 1447 352 1525 legitur
361 1448 534 1525 imposuisse
544 1468 644 1508 manus
657 1447 805 1525 discipulis
814 1449 963 1526 Ephesiis,
976 1468 1048 1523 quos
1060 1462 1154 1506 tamen
1166 1449 1201 1506 ab
1215 1448 1260 1507 inl
1275 1479 1285 1492 ·

96 1545 168 1606 riore
193 1532 324 1604 ministro
346 1546 504 1624 baptizatos
531 1566 596 1607 esse
623 1547 785 1606 verosimile
807 1548 840 1605 fit
857 1566 893 1606 ex
921 1549 1029 1632 ratione
1051 1567 1107 1621 qua
1128 1548 1287 1624 baptismus

99 1657 192 1700 eorum
201 1653 337 1700 narratur.
359 1643 459 1702 Patres
469 1662 590 1717 quorum
603 1642 773 1702 adduximus
782 1638 944 1702 testimonia
958 1643 992 1702 de
1005 1645 1058 1702 ritu
1072 1644 1127 1702 hoc
1137 1644 1286 1717 loquentes

102 1755 161 1797 eum
174 1759 191 1797 a
204 1740 374 1817 praesulibus
388 1741 528 1802 Ecclesiae
543 1742 644 1820 perfici
657 1754 818 1803 constanter
832 1745 952 1803 tradunt.
995 1747 1022 1804 A
1036 1745 1123 1803 veteri
1137 1744 1287 1804 traditione

103 1851 134 1892 ue
141 1835 227 1895 hilum
237 1837 352 1911 quidem
362 1839 480 1897 recessit
489 1840 673 1899 Innocentius
682 1840 706 1900 I.
714 1841 753 1899 ita
762 1841 867 1901 docens
880 1863 887 1900 :
901 1842 976 1920 “rDe
985 1842 1186 1920 consignandis
1195 1842 1287 1900 inlan-

106 1932 170 1991 tibus
182 1936 417 1996 manifestumest
426 1957 483 1996 non
492 1939 526 1995 'ab
536 1938 590 1997 alio
600 1956 685 2011 quarn
694 1940 729 1996 ab
743 1940 880 2018 episcopo
890 1941 952 2000 fieri
963 1939 1058 1998 licere.
1082 1940 1156 1998 Nam
1168 1941 1286 2018 presby-

110 2028 159 2096 teri,
171 2030 236 2089 licet
249 2032 369 2091 secundi
390 2033 447 2091 sint
470 2033 643 2102 sacerdotes,
658 2035 839 2112 pontificatus
859 2047 953 2095 tamen
973 2035 1083 2112 apicem
1096 2054 1153 2094 non
1168 2035 1282 2094 habent.

113 2120 171 2183 llao
188 2137 282 2187 autern
303 2129 486 2206 pontificibus
509 2130 578 2189 solis
600 2129 708 2200 deberi,
731 2141 762 2189 ut
776 2131 821 2190 rel
843 2133 1021 2210 consignent,
1036 2131 1082 2190 vel
1108 2132 1285 2192 Paracletum

116 2217 231 2296 Spiritum
253 2224 372 2295 tradant,
387 2245 446 2285 non
467 2227 560 2286 solum
581 2227 758 2286 consuetudo
777 2228 969 2287 ecclesiastica
988 2227 1172 2296 demonstrat,
1188 2247 1285 2287 verum

117 2317 187 2376 stilla
206 2319 290 2380 lectio
311 2321 435 2382 Actuum
454 2323 747 2400 apostolorumque
768 2326 869 2383 asserit
886 2325 1002 2383 Petrum
1024 2334 1052 2381 et
1064 2324 1205 2383 Joannem
1220 2343 1284 2382 esse

118 2410 224 2486 directos,
238 2419 290 2492 qui
305 2419 368 2496 jam
382 2421 531 2498 baptizatis
546 2418 686 2477 traderent
700 2420 838 2496 Spiritum
853 2420 1036 2479 Sanctum.”²
1076 2421 1108 2478 S.
1125 2421 1281 2496 Gregorius

120 2507 228 2588 Magnus,
249 2515 296 2573 his
317 2516 458 2574 inhaerens
481 2517 610 2574 censuit:
634 2516 829 2592 “Presbyteri
843 2517 1001 2593 baptizatos
1025 2516 1146 2574 infantes
1171 2516 1283 2594 signare

119 2619 178 2667 tarro
197 2611 224 2670 in
250 2611 390 2670 frontibus
415 2612 567 2673 chrismate
590 2632 649 2673 non
671 2623 866 2691 presumantr
888 2613 938 2672 sed
953 2613 1111 2690 presbyteri
1126 2615 1283 2690 baptizatos

119 2715 201 2781 unct
212 2708 242 2767 in
253 2720 378 2787 pectore,
393 2721 425 2768 ut
438 2711 568 2788 episcopi
583 2711 763 2788 postmodum
774 2730 880 2790 ungere
894 2711 1015 2770 debeant
1028 2712 1057 2770 in
1069 2711 1207 2770 fronte.”²

88 2824 116 2885 j·
147 2804 185 2864 47.
204 2806 349 2866 Caeterum
363 2807 536 2867 dissimulari
557 2828 615 2868 non
629 2819 724 2886 potest
743 2830 759 2867 a
780 2819 890 2868 vetusta
909 2812 976 2868 satis
997 2818 1077 2869 aetate
1102 2810 1284 2886 presbyteros

79 2908 84 2981 J
120 2896 238 2978 simplices
263 2905 330 2964 hoc·
347 2904 558 2965 administrasse
585 2919 803 2977 sacramentum,
824 2908 981 2985 prasertim
1008 2907 1084 2986 apud
1112 2908 1230 2966 Graecos
1257 2919 1286 2966 et

121 2988 272 3061 Orientalesr
294 3013 465 3080 quapropter
478 3015 544 3061 sunt
565 3007 614 3077 qui
629 3017 756 3073 censent,
768 3005 961 3063 eeclesiastico
976 3006 1070 3082 potius
1086 3024 1170 3079 quarn
1185 3005 1282 3063 divino

86 3086 171 3165 *itta
188 3097 215 3156 id
233 3100 361 3158 muneris
382 3100 412 3158 in
435 3100 612 3160 Occidentali
637 3102 824 3178 patriarchatu
846 3102 1001 3179 praesertim
1024 3117 1195 3161 reservatum
1217 3122 1281 3160 esse

91 3184 255 3272 [triscopisr
278 3216 337 3271 quo
351 3215 437 3255 sensu
458 3199 619 3276 intelligunt
642 3199 852 3276 Hieronymum
875 3200 1000 3258 locutum
1025 3220 1108 3258 esse:
1131 3200 1284 3266 “Quodsi

120 3278 225 3353 lteloco
240 3295 344 3369 qnaeris
355 3313 441 3368 quare
455 3295 485 3354 in
500 3295 633 3354 Ecclesia
646 3297 814 3374 baptizatus,
831 3297 885 3356 nisi
901 3317 951 3374 per
966 3317 1065 3355 manus
1080 3298 1209 3374 episcopi
1224 3316 1282 3354 non

82 3394 86 3403 '
121 3386 213 3465 eripiar
225 3391 364 3468 Spiritum
379 3392 526 3460 Sanctum,
541 3410 626 3465 quem
638 3412 690 3451 nos
705 3393 858 3452 asserimus
873 3394 901 3452 in
918 3413 984 3451 vero
1005 3394 1172 3470 baptismate
1186 3392 1281 3458 tribui,

122 3476 177 3544 Alsos
188 3488 257 3548 hanc
266 3489 493 3549 observationem
503 3509 540 3549 ex
551 3509 585 3548 ea
593 3492 755 3549 auctoritate
768 3491 950 3557 descendere,
961 3491 1037 3563 quod
1051 3501 1116 3568 post
1130 3508 1280 3548 ascensum

122 3573 213 3644 Domini
226 3587 351 3664 Spiritus
376 3587 497 3646 Sanctus
516 3587 551 3645 ad
565 3589 719 3666 Apostolos
739 3586 895 3654 descendit,
910 3597 939 3645 et
960 3588 1056 3645 multis
1071 3588 1099 3645 in
1119 3586 1189 3645 locis
1204 3586 1280 3646 idem

122 3673 248 3744 saucium
258 3685 428 3762 reperimus,
443 3684 479 3743 ad
491 3685 630 3744 honorem
644 3687 739 3763 polius
760 3685 928 3753 sacerdotii,
943 3705 1029 3759 quam
1044 3685 1079 3744 ad
1099 3685 1170 3763 legis
1185 3705 1282 3745 ncces-

124 3773 252 3840 sitatem.'’⁸
292 3782 339 3841 Ob
354 3801 463 3842 morem
485 3783 656 3842 contrarium
676 3782 820 3841 nonnullis
835 3783 864 3842 in
878 3783 949 3841 locis
959 3784 1020 3860 jam
1045 3784 1186 3860 rigentem
1207 3784 1283 3843 idem

123 3876 244 3944 preclarus
271 3879 371 3939 doctor
393 3880 524 3957 scripsit:
548 3880 656 3947 “Quid
669 3881 745 3949 facit,
773 3890 892 3958 excepta
914 3879 1100 3949 ordinatione,
1128 3883 1282 3958 episcopus

125 3971 180 4037 llod
192 3993 243 4035 non
255 3977 340 4036 faciat
353 3978 501 4054 presbyter
510 3977 559 4035 2³³⁴
597 3978 664 4055 Ipse
691 3978 846 4055 Gregorius
868 3978 1004 4053 Magnus,
1026 3996 1113 4050 quum
1135 3978 1281 4037 decretum

68 4110 71 4125 ι
125 4061 178 4136 llll,
190 4089 238 4143 quo
249 4076 396 4133 vetabatur
408 4074 582 4151 presbyteris
596 4074 746 4133 chrismate
757 4074 877 4133 frontem
889 4073 981 4141 linire,
997 4073 1084 4132 turbis
1099 4075 1280 4132 occasionem

127 4164 270 4242 prebuisse,
283 4170 355 4232 illud
366 4172 521 4250 mitigavit:
543 4181 563 4209 ‘⁶
574 4172 639 4230 Nos
653 4170 768 4245 quidem
782 4170 939 4230 secundum
951 4190 1034 4229 usurn
1044 4186 1167 4230 veterem
1182 4172 1283 4230 Eccle-

128 4254 165 4314 Aae
187 4278 274 4328 nostre
299 4269 441 4337 serimus3
464 4268 514 4326 sed
528 4271 553 4328 si
568 4271 685 4328 omnino
709 4269 763 4328 hac
786 4269 821 4328 de
847 4286 877 4326 re
899 4268 987 4341 aliqui
1000 4271 1207 4335 contristantur,
1233 4267 1281 4326 ubi

293 4428 336 4493 (1)
355 4425 385 4476 lu
395 4443 433 4492 sp.
445 4427 475 4478 ed
487 4428 632 4480 Decentium
649 4429 747 4490 Eugub.
756 4443 777 4478 c.
789 4427 822 4476 iii.

292 4513 334 4580 (2)
354 4510 385 4560 L.
397 4512 428 4562 iv.
439 4528 477 4577 ep.
488 4512 521 4563 ix.
532 4513 592 4563 eliae
602 4515 618 4563 1.
626 4513 660 4563 iii
671 4528 707 4577 ep.
719 4511 753 4562 ix.
764 4512 795 4562 ad
811 4510 955 4561 ianuarium
967 4508 1067 4559 Oalsrit.

291 4601 333 4668 (3)
353 4600 417 4651 Diel.
428 4600 482 4650 adv.
492 4598 598 4650 Lucifer.
669 4657 672 4664 ¹

291 4684 334 4752 (4)
353 4687 402 4752 Ep.
413 4687 497 4735 lxxxv.
508 4685 539 4735 ad
550 4683 692 4746 Evagrium.
