2774 5056
411 332 469 394 DE
489 330 731 395 INFANTIUM
750 320 972 396 enemente.

580 818 721 880 CAPUT
741 820 795 880 vl.

381 1031 436 1085 DE
459 1032 725 1086 INFANTIUM
747 1032 997 1085 ΒΑΡΤΙΒΜΟ.
1310 1104 1332 1173 i

1269 1144 1310 1169 .„..

137 1223 203 1279 151.
225 1217 274 1277 Ex
285 1217 334 1276 illa
346 1236 433 1293 quam
444 1219 625 1296 probavimus
636 1219 770 1300 baptismi
785 1221 953 1278 necessitate
964 1217 1046 1278 facile
1061 1215 1209 1277 deducitur
1219 1232 1292 1279 eurx
1313 1226 1327 1279 -’,

92 1318 238 1385 omnibus,
254 1317 337 1376 etiam
364 1318 499 1395 parvulis,
527 1318 717 1377 administrari
739 1336 843 1395 posse:
867 1317 945 1392 quod
969 1317 1175 1377 Ecclesiastica
1189 1316 1332 1394 probxt⁴

93 1413 281 1474 cousuetudo.
337 1413 468 1473 Attamen
495 1415 601 1473 seculo
630 1413 799 1474 duodecimo
822 1400 940 1492 ¹plurimi
967 1414 1040 1473 hanc
1077 1415 1332 1491 impugnatum:

95 1510 295 1570 Petrobusiani
328 1511 447 1579 scilicet,
476 1510 654 1579 Henriciani,
684 1511 875 1579 waldenses,
895 1511 1000 1585 aliique
1027 1511 1104 1573 varic
1125 1510 1294 1588 nuncupati.
1319 1544 1332 1593 ‚2

94 1608 208 1667 Saeculo
235 1608 346 1667 decimo
367 1618 460 1677 sexto,
475 1619 541 1686 post
551 1609 645 1667 turbas
666 1609 795 1678 Lutheri,
817 1609 956 1669 Nicolaus
978 1608 1120 1678 Storkius,
1144 1607 1295 1667 Balthasar
1319 1616 1332 1627 ““

95 1706 329 1776 Pacimontanus,
342 1718 372 1766 et
392 1705 523 1767 Thomas
544 1708 704 1767 Munzerus
719 1707 926 1767 contenderunt
939 1707 1011 1766 nihil
1032 1708 1126 1766 valere
1141 1707 1293 1767 infantium

94 1803 278 1880 baptismum,
293 1803 416 1878 ideoque
428 1805 529 1863 iterato
537 1805 716 1881 baptizarunt
722 1804 752 1863 in
768 1803 863 1863 adulta
875 1814 955 1862 etate
970 1805 1020 1879 qui
1033 1804 1063 1863 iu
1075 1804 1195 1863 infantia
1204 1803 1295 1880 bapti*

95 1901 152 1959 zati
166 1900 294 1959 fuerant:
316 1911 487 1978 quapropter
501 1899 706 1978 ,deodaptiatae
720 1898 789 1959 dicti
804 1910 880 1959 suut.
921 1899 981 1968 Qui
991 1899 1067 1977 apud
1078 1919 1133 1958 nos
1154 1886 1293 1985 Baptist'n

94 1996 212 2057 audiunt
225 1999 254 2057 in
268 2017 304 2058 eo
317 2017 411 2058 errore
424 2018 489 2058 cum
505 1998 561 2057 iilis
572 1999 754 2067 conveniunt,
776 1999 904 2074 alioquin
923 1999 1057 2075 plurimis
1072 1999 1217 2075 capitibus
1231 1998 1292 2058 dir·
1327 1998 1330 2003 ’

94 2106 253 2173 crepantes.
294 2096 519 2174 Episcopaiiani,
541 2096 765 2173 Presbyteriani,
787 2107 816 2154 et
836 2095 1020 2154 Methodistae
1041 2096 1178 2172 parvulos
1202 2097 1294 2176 bspti-

94 2193 156 2253 zoi
164 2211 250 2269 posse
260 2193 395 2263 iatentur3
408 2192 458 2251 sed
471 2193 586 2270 plurimi
596 2193 745 2270 negligunt
753 2211 803 2252 eos
811 2192 911 2251 afferre
924 2191 1122 2271 baptizandos,
1133 2195 1293 2271 praesertim

94 2289 125 2349 in
139 2292 295 2368 provinciis
309 2291 551 2350 occidentalibus.
1297 2300 1301 2309 “

136 2392 203 2448 tou.
227 2390 329 2449 Plures
349 2388 439 2449 edidit
458 2389 611 2448 concilium
634 2388 835 2448 Tridentinuru
857 2408 992 2458 canones,
1008 2397 1136 2449 veterum
1154 2391 1294 2452 concili·
1319 2458 1322 2465 ,

94 2503 157 2544 rum
172 2485 292 2544 decretis
306 2485 459 2545 admodum
482 2504 637 2553 consonos,
653 2497 685 2544 ut
709 2487 958 2562 Anabaptistarum
985 2486 1149 2564 profligaret
1169 2505 1290 2549 erronea.

96 2583 160 2640 “Si
175 2585 239 2656 quis
254 2583 388 2659 parvulos
402 2593 530 2641 recentes
553 2585 588 2641 ab
609 2586 696 2640 utaris
719 2595 839 2641 matrum
854 2579 1152 2662 baptizandos'negat,
1167 2588 1294 2647 etiamsi

94 2679 200 2738 fuerint
210 2699 231 2751 ,a
242 2679 393 2756 baptizatis
408 2680 569 2756 parentibus
584 2680 648 2747 orti,
663 2693 711 2737 aut
725 2678 794 2738 dicit
806 2682 838 2738 in
849 2682 1049 2757 remissionem
1062 2683 1179 2756 quidem
1195 2702 1295 2760 pecca·

94 2786 188 2835 torum
208 2794 259 2833 eos
279 2775 428 2852 baptizari,
450 2775 500 2833 sed
521 2775 594 2835 nihil
616 2795 653 2835 ex
666 2776 757 2835 Adam
780 2778 889 2836 trahere
910 2779 1057 2856 originalis
1079 2758 1201 2857 peccdti,
1216 2779 1294 2855 quod

94 2872 317 2950 regenerationis
338 2872 450 2931 lavacro
472 2891 591 2932 necesse
613 2874 653 2932 sit
671 2875 781 2951 expiari
803 2876 938 2934 advitam
961 2888 1094 2936 aeternam
1117 2896 1295 2954 consequen*

94 2969 179 3038 dam3
201 2967 276 3027 unde
298 2969 332 3027 tit
352 2987 533 3042 consequens
557 2981 590 3030 ut
612 2972 643 3028 in
663 2972 705 3029 eis
727 2971 820 3031 forma
842 2974 1020 3050 baptismatis
1034 2976 1064 3032 in
1089 2975 1292 3039 remissionem
1317 2962 1332 3011 ²⁴·

94 3079 275 3145 peccaterum
288 3086 347 3127 nou
360 3087 437 3137 vera,
451 3069 502 3128 sed
516 3069 585 3128 salsa
598 3070 779 3148 intelligatur,
794 3071 944 3129 anathema
958 3071 1042 3130 sit.”²
1062 3071 1094 3130 Si
1108 3073 1175 3146 quis
1187 3073 1296 3133 dixerit

94 3165 242 3249 nerninem¹
255 3182 319 3223 esse
333 3164 545 3241 baptizandum,
560 3167 616 3224 nisi
627 3185 662 3225 ea
679 3176 759 3224 aetate
779 3185 836 3239 qua
850 3165 984 3225 Christus
999 3168 1161 3244 baptizatus
1174 3179 1230 3238 ert,
1245 3164 1311 3229 rel

94 3262 124 3321 in
139 3262 204 3339 ipso
219 3262 317 3320 mortis
332 3262 460 3330 articulo,
472 3264 621 3322 anathema
635 3263 702 3322 sit.'’
734 3264 798 3321 “Si
813 3264 877 3336 quis
891 3263 996 3322 dixerit
1006 3264 1150 3340 parvulos,
1166 3284 1202 3324 co
1215 3264 1294 3340 quod
1327 3264 1332 3291 ³

94 3371 188 3421 actum
203 3360 337 3419 credendi
351 3348 410 3419 non
424 3361 537 3430 habent,
553 3374 688 3439 suscepto
712 3363 854 3439 baptismo
869 3363 941 3421 iuter
961 3358 1061 3420 fideles
1083 3364 1293 3440 computandos
1316 3366 1332 3443 j

94 3475 152 3516 non
167 3475 241 3525 esse,
257 3476 290 3515 ac
301 3463 452 3533 propterea
466 3475 532 3515 cum
546 3456 582 3514 ad
595 3475 685 3515 annos
699 3456 880 3516 discretionis
900 3457 1081 3534 pervenerint
1094 3476 1158 3516 esse
1174 3459 1310 3537 rebaptis
1326 3446 1332 3473 '⁵

95 3552 213 3622 nendos,
229 3564 276 3612 aut
299 3566 432 3631 praestare
447 3555 540 3613 omitti
560 3572 659 3612 eorum
680 3555 830 3632 baptisma,
846 3573 931 3628 quam
952 3573 1003 3613 eos
1018 3574 1076 3613 nou
1097 3566 1160 3613 actu
1176 3556 1295 3634 proprio

95 3649 242 3709 credentes
257 3651 395 3728 baptizari
408 3652 437 3709 in
452 3652 514 3709 sola
527 3649 584 3708 fide
605 3651 766 3720 Ecclesiae3
789 3651 938 3711 anathema
952 3654 999 3709 sit.
1040 3651 1073 3710 Si
1097 3651 1162 3725 quis
1188 3652 1295 3713 dixerit
1317 3708 1324 3715 ,

95 3745 260 3824 hujusmodi
281 3747 414 3823 parvulos
439 3748 607 3824 baptizatos,
629 3768 693 3807 cum
709 3747 893 3816 adoleverint,
915 3747 1129 3825 interrogandos
1158 3767 1236 3818 esse,
1257 3768 1294 3808 an

94 3854 186 3902 ratum
201 3841 303 3900 habere
316 3843 404 3901 veiint
417 3841 494 3916 quod
508 3844 612 3920 patrini
630 3863 729 3902 eorum
744 3845 870 3913 nomine,
885 3844 952 3902 dum
975 3845 1195 3921 baptizarentur,
1212 3846 1296 3923 poili·

94 3938 144 3997 citi
157 3948 233 4006 sunt,
248 3951 276 3996 et
290 3939 338 3997 ubi
359 3958 390 3997 se
413 3939 488 3999 nolle
502 3940 709 4016 responderint,
725 3960 778 3999 suo
801 3959 865 3998 esse
880 3942 994 4000 arbitrio
1008 3940 1224 4015 relinquendos,
1239 3961 1294 4001 nec

95 4034 150 4093 alia
163 4035 275 4093 interim
290 4055 374 4112 poena
389 4034 424 4094 ad
434 4037 617 4095 christianam
632 4039 717 4096 vitam
732 4037 886 4114 cogendos,
909 4039 963 4095 nisi
979 4049 1011 4096 ut
1031 4040 1064 4096 ab
1087 4038 1292 4109 Eucharistiae,

95 4129 270 4203 aliorumque
305 4143 546 4192 sacramentorum
575 4134 758 4211 perceptione
793 4144 949 4202 arceantur,
975 4133 1067 4193 donec
1095 4134 1272 4215 resipiscant
1283 4155 1292 4206 ς

96 4228 246 4288 anathema
260 4227 346 4288 sit.”⁸
1221 4244 1225 4251 “

438 4440 619 4508 .(l)Sess.v,
654 4439 761 4492 Gemie

459 4527 500 4592 (2)
517 4525 583 4577 Sese.
595 4525 635 4576 vii.
647 4525 677 4576 de
689 4526 760 4592 Bept.
794 4525 858 4576 Cau.
869 4525 912 4576 xii.
923 4524 975 4576 xiii.
985 4527 1037 4578 xiv.
