2774 5056
478 328 535 390 nu
556 328 862 390 comestoris.
1092 276 1112 325 ⁶
1205 328 1270 388 8δῦ

72 488 276 547 annuntiantes
288 496 368 546 actus
380 486 617 548 sumu-..nent
631 502 661 544 rr
677 494 728 544 rto
743 488 926 555 marmiren
940 486 1045 559 ripum
1059 485 1269 558 ἐξψιιηόψη

73 587 115 641 sei
131 584 323 657 ὺωηόυωτες
329 586 376 650 τὸς
384 585 481 657 apitii,
487 587 735 662 soree-Liquet
743 586 843 646 fideles
852 588 902 662 qui
912 588 973 666 jam
982 585 1168 656 crediderant,
1183 585 1269 647 serbo

75 683 220 760 preterito
234 683 336 752 notari,
357 703 432 758 quos
445 685 560 744 sslunri
581 685 683 744 timore
696 685 844 762 perculsos
857 685 985 762 magices
1004 694 1079 743 artes
1092 695 1122 743 et
1133 682 1270 761 supersti-

74 780 183 839 tionem
197 799 314 840 omnem
330 781 444 858 penitus
465 783 606 859 abjecisse
619 801 655 842 es
666 784 818 842 occasione
830 782 961 860 contigit,
974 780 1047 841 adeo
1058 789 1092 839 ut
1104 780 1162 858 ipsi
1175 797 1270 839 acces·
1318 790 1321 797 ·

74 877 165 937 serint
176 877 223 935 sui
237 887 427 946 accusatores,
441 887 470 938 et
482 879 628 956 sigillatim
642 889 721 938 actus
734 898 804 939 suos
817 890 917 939 contra
935 878 1061 937 divinam
1080 877 1175 954 legem
1187 893 1269 935 enar·

74 974 175 1038 mtint.
187 973 278 1042 libris,
292 993 366 1048 quos
380 993 468 1052 prsro
481 975 577 1035 studio
589 986 796 1036 consueverant
808 976 913 1054 legere,
927 974 1076 1053 Apostolis
1089 971 1125 1032 ad
1138 973 1270 1033 combur-

76 1070 198 1133 rendum
212 1071 341 1131 traditist
362 1074 480 1133 “Multi
494 1085 589 1136 autem
602 1093 640 1135 ex
654 1075 707 1144 eis,
722 1075 772 1149 qni
782 1075 892 1133 fuerant
901 1074 1015 1133 curiosa
1025 1069 1270 1140 soctsd,coutule·

76 1179 145 1229 runt
156 1170 255 1238 libros,
270 1181 299 1230 et
309 1173 528 1231 combusserunt
538 1190 636 1232 coram
649 1173 781 1232 omnibns
794 1192 802 1230 :
816 1185 846 1232 et
852 1172 1022 1250 computatis
1036 1170 1134 1248 pretiis
1144 1167 1269 1238 illorum,

76 1265 251 1327 invenerunt
263 1269 412 1344 pecumm
427 1268 608 1328 denariorum
621 1269 828 1346 quinquaginta
846 1266 1016 1327 millium.'’⁸
1054 1264 1140 1334 Quod
1159 1263 1270 1324 confes·

72 1363 148 1425 serii
172 1382 279 1423 munus
291 1383 351 1424 uon
363 1367 538 1425 recensuerit
552 1366 670 1435 Paulus,
684 1385 743 1426 uou
763 1367 865 1434 obstat,
887 1365 1032 1424 necerim
1051 1363 1106 1422 sibi
1121 1361 1272 1440 proposuit

77 1460 192 1538 singula
205 1480 350 1521 sacrorum
365 1463 559 1522 ministrorum
573 1463 669 1522 munis
682 1463 835 1540 explicere,
845 1461 896 1520 sed
906 1461 987 1520 dotes
998 1460 1152 1539 presertim
1165 1458 1270 1534 quibus

75 1559 172 1618 ornari
187 1557 311 1628 debent;
332 1571 361 1618 et
370 1559 501 1637 episcopi
516 1561 545 1620 iu
558 1559 684 1638 regenda
696 1560 829 1620 Ecclesia
837 1558 1047 1619 solicitudinem
1057 1555 1269 1618 commendare.

77 1655 223 1717 ueterum
237 1677 302 1732 qus
316 1657 352 1717 ad
366 1659 553 1720 Timotheum
574 1661 710 1738 scripsit:
732 1669 753 1698 ‘⁶
764 1661 870 1719 Manus
883 1657 942 1719 citd
956 1658 1065 1719 nemini
1085 1656 1269 1735 imposueris,

75 1769 173 1825 neque
190 1754 445 1813 communicaveris
460 1757 584 1833 peccatis
598 1757 698 1816 olienis
708 1756 740 1825 ;”
765 1758 825 1815 ιδ.
841 1757 967 1816 Psciauo
979 1764 1009 1814 et
1016 1755 1079 1814 aliis
1087 1753 1123 1814 de
1134 1772 1271 1815 mannum

75 1848 262 1927 impositione
289 1870 353 1925 que
380 1851 466 1912 tiebat
491 1851 666 1912 absolvendo
685 1834 849 1931 peccitores
868 1853 1056 1930 explicentur,
1077 1851 1139 1911 hnc
1161 1849 1273 1911 scilicet

73 1955 186 2008 minere
199 1946 273 2007 sacta
281 1949 457 2010 consortium
470 1959 516 2009 est
528 1948 671 2025 quoddam
684 1960 865 2028 peccatorum
880 1950 1048 2008 alienorum.

119 2048 189 2105 119.
212 2044 280 2124 ooj.
297 2050 344 2106 rt.
367 2047 464 2108 Nemo
478 2057 572 2126 potest
584 2068 637 2108 sua
649 2049 746 2108 omniu
758 2066 915 2123 ‚recensere
935 2057 1060 2125 peccata,
1075 2046 1198 2120 ideoque
1211 2046 1270 2107 sin·

76 2140 212 2219 gaiorum
226 2153 406 2219 pecatorum
421 2162 543 2204 examen
558 2154 587 2204 et
597 2145 744 2218 ¹consessio
755 2144 942 2222 impossibilis
962 2155 1024 2202 est:
1047 2152 1068 2181 ‘⁸
1080 2142 1146 2202 Hac
1159 2141 1271 2202 carnifi-

77 2237 146 2297 cina
159 2238 225 2316 plus
249 2257 335 2313 quam
355 2239 507 2299 crudeliter
527 2240 667 2301 divexute
687 2251 755 2301 sunt
767 2258 867 2301 eorum
887 2241 1000 2309 anime,
1022 2239 1072 2314 qui
1092 2239 1188 2314 aliquo
1213 2237 1270 2299 Dei

77 2353 169 2397 sensu
181 2335 422 2396 efficiebantur.’'⁴
461 2337 504 2398 lta
519 2338 669 2399 Celsinus.

117 2431 208 2511 Resp.
230 2433 340 2493 Satisiit
358 2434 439 2494 oneri
452 2435 607 2495 confitendi
619 2434 687 2496 dum
701 2435 766 2510 quis
780 2454 815 2494 ee
827 2434 978 2494 confitetur
991 2452 1054 2508 que
1067 2442 1134 2512 post
1146 2431 1269 2509 diligens

77 2531 262 2591 conscientia
276 2549 398 2591 examen
411 2533 490 2592 novit
503 2551 562 2592 ase
575 2542 693 2611 patratu.
744 2533 834 2610 Igitur
848 2532 918 2591 nihil
933 2531 1111 2609 impossibile
1134 2528 1269 2608 exigitur,

78 2645 135 2688 uec
157 2625 216 2686 ulla
237 2627 400 2686 carnificina
421 2630 452 2687 lit
471 2630 649 2698 animarum,
670 2628 722 2688 sed
736 2630 843 2708 puritas
857 2628 1038 2688 conscientie
1059 2627 1178 2694 fovetur,
1203 2624 1272 2684 late·

79 2715 146 2784 bras
159 2742 260 2783 omrres
275 2724 486 2801 perscrutando,
498 2736 527 2784 et
539 2724 695 2786 remedium
710 2726 812 2786 auimo
823 2725 997 2803 impetratur,
1010 2722 1150 2801 expositis
1160 2720 1271 2782 medico

78 2822 255 2882 vulneribus.
298 2830 318 2858 ‘⁶
329 2822 455 2899 Impium
480 2823 555 2893 est,'’
568 2825 702 2900 inquiunt
720 2834 814 2902 patres
841 2822 1012 2889 Tridentini,
1028 2830 1048 2859 “
1060 2818 1270 2880 consessionem

79 2936 145 2993 quae
160 2917 213 2977 hac
233 2919 340 2978 ratione
360 2918 423 2978 fieri
443 2922 615 2999 precipitur,
637 2920 846 3000 impossibilem
873 2920 978 2989 dicere,
1004 2928 1051 2978 aut
1078 2917 1271 2976 carnificinam

79 3016 159 3077 illum
173 3017 410 3099 conscientiarum
435 3019 588 3096 appellare.
630 3018 752 3080 Constat
771 3020 849 3080 enim
869 3017 943 3077 nihil
964 3015 1041 3077 aliud
1061 3016 1091 3076 in
1105 3014 1272 3075 Ecclesiae

78 3115 282 3195 paenitentibus
296 3114 385 3192 exigi,
400 3135 484 3189 quarn
499 3129 539 3185 ut,
554 3127 707 3195 postquam
728 3117 850 3192 quisque
871 3116 1035 3194 diligentius
1049 3132 1081 3172 se
1101 3112 1270 3182 excusserit,

79 3225 110 3274 et
121 3213 303 3272 conscientie
317 3230 376 3270 sue
385 3215 471 3272 ¹sinus
486 3234 586 3274 omnes
601 3224 629 3274 et
643 3215 762 3274 latebras
784 3213 985 3291 exploraverit,
1000 3230 1034 3269 ea
1053 3221 1170 3289 peccata
1184 3209 1272 3269 conti·

77 3322 181 3381 testor,
196 3315 298 3389 quibus
312 3338 343 3378 se
358 3316 515 3376 Dominum
524 3324 553 3373 et
562 3313 657 3372 Deum
667 3330 752 3371 suum
762 3311 915 3371 mortaliter
926 3306 1081 3368 offendisse
1091 3307 1270 3367 meminerit:

78 3410 191 3486 reliqua
204 3424 298 3474 sutem
308 3425 432 3494 peccata,
444 3433 508 3489 quae
521 3412 670 3492 diligenter
680 3409 814 3488 cogitanti
823 3427 882 3468 non
894 3414 1054 3474 occurrunt,
1064 3404 1093 3465 in
1106 3404 1271 3465 universum

80 3508 181 3570 eadem
196 3512 376 3573 confessione
391 3513 500 3572 inclusa
514 3530 579 3571 esse
593 3507 832 3587 intelliguntur.”⁸

124 3612 192 3668 lto.
216 3609 282 3690 obj.
301 3616 347 3671 13.
368 3613 440 3680 Que
454 3611 576 3669 obtinuit
588 3608 662 3687 apud
677 3620 786 3666 veteres
799 3603 953 3671 consessio,
968 3611 1028 3662 erat
1052 3599 1165 3680 publica
1185 3598 1272 3662 delic-

80 3717 175 3767 torum
188 3706 373 3781 quorumdam
388 3708 503 3787 agnitio,
519 3707 548 3767 in
562 3707 608 3765 sui
621 3705 857 3770 humiliationem,
871 3712 899 3761 et
910 3701 1035 3760 scandali
1046 3699 1271 3778 reparationem:

79 3805 200 3865 omnino
214 3804 325 3865 diversa
338 3827 355 3865 a
368 3817 476 3865 secreta
489 3805 670 3864 confessione
684 3803 733 3862 uni
748 3799 887 3861 sacerdoti
902 3799 983 3858 facta.

121 3901 212 3981 Reap.
234 3902 399 3973 Confessio,
405 3902 502 3984 juxto
521 3899 723 3982 Apostolicom
743 3897 889 3978 regulam,
905 3897 940 3956 ab
959 3895 1043 3955 initio
1063 3895 1165 3954 usitata
1190 3893 1273 3952 tiebat

116 4062 161 4129 (t)
180 4061 236 4113 Aet.
248 4062 300 4113 xix.
314 4065 352 4113 18.
385 4061 565 4113 Animadvertit
578 4059 739 4113 Bloomdeldr
756 4057 834 4109 “The
844 4056 999 4123 expressions
1014 4069 1055 4106 ars
1070 4052 1155 4118 nearly
1166 4065 1274 4119 synony-

78 4163 162 4208 mous,
173 4147 222 4199 aud
231 4147 320 4200 denote
331 4148 403 4200 lrnuk
414 4148 463 4200 end
479 4164 543 4215 open
553 4147 699 4209 wrisssiou,
709 4144 792 4197 witha
801 4143 925 4197 narration
935 4143 964 4194 oi
971 4142 1004 4193 all
1011 4141 1206 4193 omnesones
1234 4137 1274 4206 oy

77 4239 123 4290 tho
133 4233 232 4304 πράξεις
242 4253 282 4287 are
293 4235 421 4303 especially
437 4242 521 4289 meant
537 4236 641 4302 megiotd
654 4233 777 4304 practices
788 4231 881 4296 mouglr
895 4232 946 4283 slso
955 4230 1082 4293 including
1098 4227 1150 4279 sins
1161 4226 1190 4278 oi
1200 4239 1273 4293 every

79 4322 168 4379 kind?

117 4410 161 4480 (2)
178 4406 272 4460 ibidem
283 4411 323 4460 19.

116 4496 163 4565 (8)
182 4495 205 4547 1.
214 4494 281 4548 Tim.
293 4513 316 4547 v.
327 4499 369 4550 22.

118 4582 164 4650 (t)
182 4580 243 4635 lust
253 4582 270 4634 l.
281 4582 317 4635 rii.
327 4599 349 4635 c.
360 4583 393 4636 iv.
403 4597 430 4636 n.
448 4584 487 4636 17.

117 4669 164 4740 (d)
182 4667 248 4723 fleas.
258 4670 308 4723 xiv.
318 4685 371 4738 cap.
383 4685 406 4723 v.
