2774 5056
225 333 299 395 DE
328 335 455 404 AQUA
474 337 528 397 AD
548 339 794 399 BAPTISMUM
817 339 1085 400 Nuoussttut.
1223 336 1261 396 at

578 992 717 1051 CAPUT
738 993 761 1051 Ι.

307 1219 365 1271 ΒΕ
385 1219 487 1281 AQUA
504 1220 553 1272 AD
569 1221 778 1272 BAP‘I'ISMUM
795 1221 1026 1272 Nucusstmn.

82 1425 125 1481 lt.
146 1422 359 1480 Sacramenti
388 1421 504 1480 nomine
529 1422 693 1500 intelligitur
708 1421 785 1481 'ritus
820 1443 837 1480 a
865 1423 981 1481 Christo
1009 1422 1135 1481 Domino
1166 1430 1263 1480 nostro

50 1509 199 1588 institutus,
230 1517 391 1597 perpetui)
417 1518 580 1587 serrandus,
607 1539 665 1592 quo
690 1521 778 1598 gratia
805 1521 868 1598 ejus
894 1521 1045 1578 confertur.
1097 1519 1262 1596 Baptismus

54 1617 171 1692 primum
199 1617 290 1675 inter
306 1616 497 1674 Sacramenta
509 1616 604 1674 locum
627 1617 744 1684 obtinet,
759 1617 794 1674 de
809 1635 865 1689 quo
885 1617 1025 1693 imprimis
1047 1615 1186 1692 agendum
1200 1617 1263 1673 erit.

57 1713 108 1773 Est
120 1726 224 1774 autem
239 1714 363 1773 ablutio
376 1715 503 1792 corporis
518 1733 589 1788 aqua
610 1715 691 1789 facta,
705 1716 841 1773 invocatis
863 1716 945 1774 Patre
968 1725 995 1772 et
1016 1714 1100 1783 Filio,
1115 1726 1143 1772 et
1156 1713 1263 1792 Spiritu

56 1810 173 1880 Sancto,
184 1831 251 1886 qna
266 1812 340 1886 quis
356 1809 421 1870 Deo
435 1813 597 1871 renascitur.

91 1912 143 1966 to.
166 1908 314 1967 Fuerunt
328 1908 430 1984 primis
450 1909 561 1967 saeculis
583 1910 632 1982 qui
652 1909 831 1986 Baptismum
853 1910 1010 1987 rejicerent,
1032 1908 1134 1985 Cajani
1155 1907 1265 1965 scilicet

58 2020 95 2061 ex
106 2003 348 2069 Valentinianis,
363 2013 392 2061 et
416 2003 604 2073 Quintilliani,
626 2005 749 2063 ioeminae
773 2006 916 2072 Quintilloe
937 2016 1099 2073 sectatores,
1120 2005 1160 2062 uti
1181 2006 1265 2062 retient

61 2098 296 2160 Tertullianum
338 2100 602 2170 manutenendam
624 2113 742 2160 testante
763 2102 947 2180 Augustino·
963 2102 1123 2161 Seleueieni
1142 2113 1171 2160 et
1191 2101 1265 2160 Her·

59 2196 155 2265 miani,
170 2199 238 2271 qui,
253 2197 299 2255 uti
310 2197 387 2256 idern
401 2209 515 2257 sanctus
526 2199 624 2257 doctor
635 2212 738 2266 narrat,
746 2199 843 2276 ignem
855 2198 1033 2265 adhibebant.
1046 2199 1087 2256 uti
1099 2197 1139 2256 nd
1146 2197 1263 2256 literam
1359 2276 1362 2281 .

62 2291 222 2369 implerent
236 2292 317 2367 quod
332 2293 367 2352 de
381 2295 522 2371 baptismo
537 2296 661 2372 Spiritus
672 2295 769 2353 Sancti
781 2307 810 2353 et
818 2297 892 2372 ignis
904 2295 1104 2372 predicaverat
1111 2294 1130 2354 J
1132 2299 1263 2353 oannes·

63 2384 213 2465 Bugomili
223 2389 334 2448 saeculo
342 2389 512 2449 duodecimo
520 2392 627 2468 Spiritu
636 2409 667 2448 se
675 2391 811 2466 baptizari
816 2390 1187 2467 jactantes,Catholicorum
1196 2391 1263 2466 bap·

67 2483 187 2544 timum
196 2477 865 2562 Ioannisassemon'Christi,dicebant,ntpote
881 2487 1103 2558 aqnacollatum.
1126 2486 1262 2556 Quaheri,
1287 2491 1300 2499 ”

64 2580 201 2660 Georgio‘
228 2583 297 2642 Fox
321 2583 403 2652 duce,
426 2585 551 2644 Roberto
576 2584 706 2642 Barclaio
731 2582 853 2651 vindice,
881 2602 997 2660 prorsus
1022 2584 1170 2660 repudiant
1190 2603 1262 2657 aqua

63 2679 259 2758 baptismum,
284 2700 370 2755 quem
394 2683 478 2741 ritum
500 2681 599 2740 dicunt
624 2682 785 2749 Judaicum,
808 2681 875 2739 licet
897 2701 962 2740 eum
987 2685 1020 2740 ab
1045 2682 1201 2760 Apostolis,
1224 2701 1262 2742 ex

64 2778 234 2836 coenomia
246 2776 377 2851 quedam,
390 2777 425 2836 ed
440 2788 552 2856 tempus
562 2779 718 2837 adhibitum
728 2780 874 2846 fateantur,
887 2781 956 2852 quin
967 2779 1075 2837 Christi
1085 2781 1260 2840 sanctionem

65 2873 310 2932 etauctoritatem
325 2873 448 2931 habeat.⁴
475 2873 584 2933 Christi
596 2875 766 2951 baptismum
782 2876 889 2952 Spiritu
902 2874 1007 2933 Sancto
1020 2877 1136 2934 interius
1152 2876 1260 2952 perfici,

64 2987 119 3029 nee
131 2969 226 3028 ullam
243 2986 323 3042 aqnae
337 2968 494 3028 habendam
508 2971 643 3028 rationem
658 2969 769 3028 docent.

104 3071 158 3125 21.
185 3064 352 3123 Concilium
367 3064 567 3124 'l'ridentinum
587 3066 641 3124 hac
655 3066 683 3123 in
699 3085 728 3124 re
749 3067 825 3124 hunc
838 3065 926 3124 edidit
940 3085 1075 3124 canonem
1090 3086 1097 3124 ε
1112 3077 1140 3103 ’“
1150 3067 1181 3125 Si
1195 3067 1260 3141 quis

64 3162 172 3222 dixerit
187 3181 293 3236 aquarn
308 3181 403 3220 veram
416 3174 445 3221 et
457 3163 610 3222 naturalem
626 3183 683 3221 non
704 3182 767 3220 esse
781 3163 816 3220 ds
831 3164 999 3221 necessitate
1013 3164 1158 3240 baptismi,
1174 3177 1260 3237 atque

64 3257 129 3318 ideo
154 3259 249 3316 verba
274 3257 321 3315 illa
342 3256 461 3315 Domini
481 3259 570 3317 nostri
590 3257 661 3317 Jesu
683 3257 809 3316 Christi:
832 3259 887 3316 nisi
909 3259 973 3332 quis
989 3269 1101 3317 renatus
1123 3260 1208 3317 luerit
1221 3277 1259 3318 ex

66 3373 138 3429 aqua
153 3363 187 3412 et
201 3353 310 3431 Spiritu
326 3353 441 3421 Sancto,
454 3352 489 3411 ad
501 3355 694 3432 metaphoram
706 3353 826 3428 aliquam
840 3354 1003 3422 detorseritr
1020 3354 1168 3412 anathema
1176 3354 1260 3413 sit.''⁵

98 3630 140 3697 (1)
159 3626 222 3678 Lib.
233 3623 266 3674 da
277 3623 349 3688 Bspt.
360 3624 406 3675 ci.
418 3631 442 3674 et
452 3627 477 3674 2.

97 3718 138 3784 (2)
158 3713 219 3765 Lib.
231 3711 264 3762 de
272 3710 329 3760 her.
342 3725 364 3760 c.
375 3709 433 3762 xlvi

96 3802 136 3871 (³)
155 3800 222 3852 Met.
233 3796 270 3848 iii.
285 3797 325 3846 11.

95 3909 135 3975 (t)
156 3912 174 3939 ‘⁴
183 3906 224 3956 Ar
236 3901 308 3953 there
319 3899 342 3949 is
352 3914 400 3949 one
410 3897 483 3959 Lord,
494 3898 542 3949 end
556 3915 603 3949 one
614 3895 682 3958 saith,
693 3913 720 3946 so
731 3896 798 3947 there
808 3896 830 3946 is
840 3913 888 3947 nne
898 3896 1022 3962 Baptism3
1038 3898 1121 3949 which
1131 3900 1153 3949 is
1164 3909 1207 3951 not
1218 3901 1260 3952 the

64 3999 154 4063 parting
163 4009 242 4059 away
256 3991 302 4043 the
312 3987 369 4038 filth
380 3987 408 4036 ol
420 3986 462 4036 the
472 3987 540 4047 tieeh,
550 3989 594 4037 but
605 3987 646 4037 the
657 4001 750 4036 nnswer
761 3985 789 4034 of
801 4000 816 4034 a
826 3985 889 4048 good
905 3985 1046 4036 conscience
1062 3986 1141 4036 before
1152 3988 1216 4048 God,
1228 3991 1259 4054 by

64 4079 279 4136 hemneetion
293 4074 324 4124 oi
336 4073 410 4123 Jesur
427 4071 518 4123 Christ·
555 4072 613 4124 And
629 4073 677 4123 this
693 4070 805 4137 Baptiem
817 4072 838 4120 is
854 4088 868 4121 a
884 4087 944 4136 pure
961 4072 1008 4121 and
1025 4071 1134 4136 spiritual
1145 4073 1222 4136 thing,
1234 4082 1259 4125 to

62 4172 109 4224 ἡ,
124 4173 167 4226 fl„
177 4167 308 4236 Raptim
320 4159 352 4210 os
363 4157 405 4210 the
415 4158 490 4224 Spirit
500 4158 549 4208 and
560 4159 623 4221 Fire,
634 4161 666 4224 by
677 4157 758 4208 which
769 4174 807 4208 we
824 4174 863 4208 nra
872 4157 956 4207 hurisd
974 4158 1032 4209 with
1048 4158 1108 4217 him,
1119 4159 1171 4209 that
1187 4160 1260 4222 being

63 4259 145 4312 md
156 4258 209 4312 ,nd
222 4246 332 4322 purged
344 4244 407 4294 trem
416 4260 460 4295 our
469 4244 528 4305 sine,
539 4261 577 4295 we
588 4261 644 4309 may
655 4245 719 4295 welk
729 4244 756 4294 in
773 4259 885 4294 newness
895 4243 924 4291 os
936 4242 989 4292 lise:
1008 4243 1036 4292 ot
1047 4242 1127 4292 which
1137 4244 1178 4292 the
1195 4244 1258 4306 Bap-

61 4345 104 4399 t'ffl
112 4350 140 4400 01
149 4347 227 4401 John
240 4351 304 4392 wne
316 4349 333 4383 a
346 4330 431 4392 figure,
442 4331 522 4382 which
539 4348 590 4381 wns
606 4330 764 4386 commanded
774 4332 811 4380 for
821 4347 836 4380 u
846 4330 911 4388 time,
923 4329 972 4379 and
988 4337 1031 4379 not
1048 4336 1072 4378 to
1090 4328 1204 4379 continue
1220 4327 1257 4376 sor

60 4434 121 4488 „ff”
149 4436 235 4499 frop,
249 4421 305 4477 xii.
319 4416 471 4478 concerning
482 4416 598 4481 Baptism,
610 4415 732 4480 Barcley's
743 4416 863 4481 Apulogy.

81 4522 115 4594 (5)
131 4524 203 4576 593,
217 4511 270 4568 vii.
287 4517 350 4557 cam
362 4498 427 4550 iidc
438 4500 506 4569 Bepr.
