2774 5056
468 318 525 381 Du
548 319 855 383 CONFESSIONE.
1203 324 1264 384 tet

61 490 163 537 essent
176 479 358 538 consessione
369 480 569 556 aperienda.'’²
590 480 634 540 lta
644 479 806 540 Tridentini
821 491 924 558 patres.
947 480 1033 559 Apud
1046 480 1156 555 aliquas
1163 479 1265 541 Eccle-

61 577 124 635 siae
137 594 172 635 ea
192 575 344 654 disciplina
365 589 480 654 recepta
503 577 574 637 olim
588 578 650 646 luit,
665 591 697 636 ut
721 587 901 655 peccatorum
917 576 1105 652 quommdam
1120 578 1265 638 consessio

61 671 179 753 publice
198 675 287 733 lieret.
329 673 451 742 Quando
472 675 564 753 palam
588 685 695 751 patrata
714 685 782 736 sunt
801 674 926 733 facinora
947 694 1012 733 cum
1037 675 1117 753 gravi
1130 674 1263 734 fidelium

61 770 237 840 offensione,
252 770 286 828 ad
309 771 465 847 peccatoris
492 771 720 831 humiliationem
744 782 772 830 et
793 772 1000 849 reparationem
1014 770 1150 839 ‘scandall
1167 773 1264 850 exige·

62 868 267 945 batursaepius
288 868 402 945 publica
424 867 519 928 delicti
543 869 670 946 agnitio;
692 867 743 926 sed
765 877 882 946 peccata
896 868 1008 927 occulta
1023 869 1191 946 plemmque
1205 869 1265 928 lue·

63 966 167 1024 bantur
181 965 361 1024 consessione
375 979 495 1025 secreta.
517 966 624 1025 Saltem
636 965 715 1025 nulla
723 965 863 1025 Ecclesiae
877 965 1046 1025 universalis
1060 967 1123 1046 lege
1138 985 1265 1041 unquam

62 1075 240 1142 praeceptum
264 1073 308 1121 est
333 1074 365 1122 ut
385 1064 561 1124 occultorum
583 1064 750 1124 delictorum
773 1065 854 1123 fieret
874 1064 988 1141 publica
1012 1064 1178 1124 confessio:
1209 1083 1265 1124 nec

63 1181 193 1237 unquam
207 1164 310 1221 alicubi
325 1165 447 1223 obtinuit
460 1183 524 1223 mos
545 1166 642 1223 omnia
662 1165 769 1236 absque
789 1162 954 1222 discrimine
974 1173 1092 1241 peccata
1105 1161 1218 1240 publice
1233 1162 1265 1222 iu

63 1271 139 1319 centu
153 1259 283 1319 fidelium
298 1260 471 1320 confitendi:
487 1261 536 1335 qui
549 1279 619 1318 sane
634 1260 683 1318 vix
697 1260 779 1318 bouis
794 1260 922 1318 moribus
936 1259 1111 1328 conveniret,
1126 1267 1155 1317 et
1167 1258 1266 1337 gravia

63 1367 93 1416 et
107 1356 244 1415 immania
257 1375 356 1414 secum
372 1357 493 1415 traheret
506 1356 699 1417 incommoda.
1251 1412 1253 1417 .

108 1458 174 1513 124.
196 1454 245 1513 Ex
260 1455 323 1532 ipsa
336 1455 527 1514 consessionis
542 1465 641 1514 natura
649 1455 778 1529 sequitur
786 1453 992 1513 confessarium
1004 1453 1162 1512 arctissime
1172 1451 1265 1513 teneri

63 1552 103 1613 ad
115 1550 234 1613 celanda
247 1554 345 1613 omnia
358 1572 421 1628 quae
445 1553 552 1612 suerint
571 1553 648 1632 apud
668 1571 735 1612 eum
755 1550 1019 1620 sacramentaliter,
1041 1553 1082 1611 uti
1103 1551 1192 1620 aiunt,
1215 1551 1265 1611 de-

63 1653 171 1731 posita,
185 1651 214 1710 in
229 1652 410 1711 consessione
424 1652 534 1711 scilicet
548 1652 582 1711 ad
604 1662 787 1730 peccatorum
810 1651 1010 1710 remissionem
1030 1649 1264 1725 consequendam

63 1749 182 1809 directa.
225 1749 303 1808 Hinc
318 1749 482 1810 Concilium
498 1749 691 1809 Lateranense
705 1749 759 1808 IV.
774 1748 919 1808 decrevit:
942 1758 962 1786 ‘⁸
974 1748 1083 1809 Oaveat
1095 1749 1213 1809 omuino
1227 1766 1265 1808 ne

64 1848 165 1917 verbo,
180 1848 341 1926 vel-signo,
364 1848 409 1907 rel
430 1848 610 1921 alloqueris
632 1846 718 1906 modo
740 1846 840 1924 prodat
863 1846 1041 1920 aliquatenus
1062 1855 1264 1924 peccatorem

63 1945 157 2006 sedai
176 1948 353 2024 prudentiori
374 1946 497 2006 consilio
518 1945 680 2024 indiguerit,
702 1943 771 2004 illud
793 1945 902 2018 absque
922 1943 981 2003 ulla
1000 1944 1187 2020 expressione
1202 1963 1266 2022 per·

63 2062 120 2105 eon
141 2053 248 2103 eoaute
268 2044 409 2118 requirat:
431 2043 567 2118 quoniam
588 2043 638 2117 qui
661 2053 808 2120 peccatum
830 2041 861 2099 in
881 2039 1066 2119 poenitentiali
1084 2040 1196 2118 judicio
1209 2040 1267 2101 sibi

64 2140 209 2201 detectum
223 2143 439 2220 presumpserit
452 2141 588 2206 revelare.
603 2159 661 2200 non
675 2140 770 2199 solum
789 2159 806 2198 a
826 2137 993 2198 sacerdotali
1008 2137 1105 2199 officio
1119 2138 1266 2217 deponen-

63 2240 135 2300 dum
159 2239 349 2309 decernimus,
371 2258 469 2298 verum
494 2240 580 2298 etiam
604 2238 639 2297 ad
664 2238 803 2318 agendam
825 2248 989 2317 perpetuam
1016 2238 1213 2315 poenitentiam
1234 2237 1277 2300 in

64 2339 271 2399 monasterium
286 2336 543 2396 dctmdendum.’'⁹
982 2394 985 2399 .

109 2440 177 2496 tue.
201 2434 284 2495 Nihil
298 2434 373 2494 aliud
389 2455 406 2493 a
424 2434 548 2493 concilio
562 2433 746 2494 Lateranensi
761 2432 796 2493 de
817 2431 988 2512 obligatione
1005 2431 1160 2492 confitendi
1174 2442 1263 2492 statu·

63 2541 128 2592 tum
140 2530 316 2591 censendum
328 2542 383 2598 est,
399 2549 484 2604 quam
508 2541 541 2589 ut
562 2531 660 2590 divino
681 2538 823 2608 precepto
843 2529 898 2588 hac
917 2528 953 2587 de
967 2547 997 2587 re
1012 2528 1103 2588 semel
1116 2526 1219 2588 saltem
1234 2527 1266 2590 in

63 2648 142 2689 anno
155 2629 284 2697 satisfiat,
299 2647 385 2706 pona
399 2629 704 2687 excommunicationis
720 2627 930 2706 negligentibus
945 2627 1099 2686 intentata:
1124 2635 1144 2664 “
1159 2624 1265 2687 Omnis

63 2727 214 2800 utriusque
229 2744 316 2783 sexus
331 2723 435 2792 fidelis,
449 2728 599 2802 postquam
621 2724 655 2783 ad
677 2744 767 2784 annos
788 2724 969 2784 discretionis
984 2723 1154 2802 pervenerit.
1168 2724 1267 2785 omnia

65 2842 119 2884 sua
131 2823 210 2884 eolus
224 2834 339 2901 peccata
353 2823 521 2881 confiteatur
533 2821 664 2891 fideliter,
680 2822 779 2880 saltem
791 2821 882 2882 semel
897 2822 928 2881 in
939 2840 1027 2890 anuo,
1041 2822 1158 2900 proprio
1172 2834 1266 2882 sacer·

64 2923 137 2991 doti,
151 2933 180 2982 et
193 2921 349 3000 injunctam
371 2920 427 2978 sibi
441 2920 636 2997 poenitentiam
658 2921 768 2980 studeat
790 2939 843 2999 pro
868 2921 976 2979 viribus
989 2919 1159 2998 adimplere,
1173 2921 1266 2981 susci·

65 3020 149 3100 piene
164 3026 325 3077 reverenter
337 3015 373 3074 ad
387 3016 482 3074 minua
497 3016 527 3077 in
547 3017 661 3076 Pascha
674 3016 852 3077 eucharistia
867 3027 1098 3076 sacramentumr
1119 3016 1176 3076 nisi
1191 3016 1265 3077 lcrte
1327 3074 1330 3081 .

64 3115 103 3176 de
116 3113 239 3174 consilio
252 3112 359 3191 proprii
372 3109 540 3181 sacerdotis,
555 3114 593 3171 ob
606 3114 731 3187 aliquam
745 3111 942 3173 rationabilem
956 3131 1082 3181 causam,
1097 3111 1133 3171 ad
1148 3121 1263 3191 tempus

63 3216 101 3276 ab
115 3215 178 3292 ejus
192 3211 375 3289 perceptione
396 3209 509 3269 duxerit
529 3210 748 3270 abstinendum:
768 3211 894 3285 alioquin
915 3221 944 3268 ct
958 3211 1058 3270 vivens
1073 3211 1107 3269 ab
1121 3211 1264 3272 Ecclesiae

63 3313 198 3392 ingressu
212 3300 349 3374 arceatur,
364 3316 393 3365 et
407 3305 531 3365 moriens
546 3305 807 3373 christianacareat
820 3305 1014 3384 sepulture.''⁸

433 3462 474 3533 (1)
493 3456 863 3531 mancepsrsnoenn.
921 3442 924 3447 ’

343 3548 350 3569 ·
436 3548 479 3616 (a)
499 3548 562 3615 cap.
575 3548 627 3601 nu

420 3634 488 3703 ,(3)
507 3634 609 3688 ibidem.
644 3710 648 3716 ἡ
