2774 5056
394 295 454 361 DE
473 294 750 359 SAORAMENTI
770 297 998 361 vautram.
1234 306 1295 365 407

94 456 197 517 borum
210 454 386 516 habebantur
399 473 503 525 mnae,
517 455 735 534 intelligendum
751 466 813 525 eat3
834 475 901 516 nam
915 457 953 517 de
972 458 1098 536 peccatis
1111 460 1295 534 quibuscum·

94 570 151 628 que
164 553 190 612 ei
203 552 377 629 loqueretur,
391 552 470 614 nulla
491 552 595 612 fuisset
608 554 780 631 apponenda
800 553 938 624 conditio,
963 575 1053 630 quum
1073 574 1160 616 nemo
1181 560 1292 634 estqui

94 668 154 711 non
170 659 281 728 peccet.

132 748 224 828 Recp.
245 749 298 810 Nil
309 749 399 828 exigit
411 759 443 809 ut
456 748 492 809 de
508 750 634 829 peccatis
649 749 813 810 morborum
827 750 922 810 cauria
937 768 971 809 ea
984 751 1071 810 rerba
1084 750 1288 831 intelligantur,

93 866 185 924 quum
198 846 235 907 de
248 848 373 926 peccatis
386 848 520 927 gravibus
534 849 763 924 quibuscumque
784 849 869 909 obvio
890 867 978 908 aenou
999 849 1137 929 explicari
1158 850 1290 911 valeant:

93 955 162 1006 eunt
175 956 269 1006 autem
284 946 334 1020 qui
347 945 452 1006 nullius
466 946 576 1024 peccati
590 945 703 1005 lethalia
717 946 812 1007 labem
823 955 1036 1006 contraxerunt.

132 1048 184 1103 27.
208 1040 276 1122 obj.
290 1047 320 1102 8.
340 1042 430 1101 Juxta
445 1042 522 1103 hanc
541 1041 763 1120 explicationem
784 1051 901 1120 peccata
921 1042 1036 1102 lethalia
1048 1044 1184 1103 unctione
1198 1045 1296 1103 remit·

91 1149 208 1198 territur:
237 1137 313 1218 apud
338 1137 506 1199 Catholicae
528 1157 597 1199 vero
622 1139 791 1217 predicatur
810 1139 942 1200 rivorum
966 1152 1186 1210 sacramentum,
1215 1140 1294 1216 qnod

91 1238 173 1299 nefas
186 1247 231 1297 eet
243 1237 403 1316 suscipere,
416 1237 596 1298 conscientia
609 1248 726 1316 peccato
740 1239 819 1317 gravi
831 1238 948 1300 irretita.

130 1334 220 1415 Reop.
242 1335 389 1395 Remissio
416 1346 603 1414 peccatorum
627 1336 794 1413 impetratur
819 1347 950 1399 extrema
968 1340 1114 1409 unctione,
1135 1338 1290 1399 venialium

92 1433 210 1510 quidem
224 1452 262 1493 ex
275 1434 333 1493 fine
346 1434 410 1512 ejus
424 1433 571 1511 primario,
585 1433 661 1493 eicut
673 1444 702 1492 et
722 1435 905 1510 reliquiarum
931 1449 1112 1517 peccatorum
1131 1437 1291 1506 lethalium,

92 1530 279 1606 quaeaoilicet
292 1548 330 1590 ex
343 1529 468 1609 peccatis
484 1530 547 1609 jam
567 1530 695 1589 remieeia
726 1542 875 1591 remanent
894 1533 1086 1594 incommoda.
1126 1533 1193 1612 ipsa
1206 1532 1296 1592 letha·

90 1628 161 1689 lium
177 1635 356 1706 peccatorum
370 1626 456 1686 venia
469 1625 648 1705 impetranda
662 1637 706 1686 eat
716 1639 896 1689 sacramento
911 1631 1096 1709 punitentia,
1109 1628 1291 1689 confessione

91 1734 216 1804 peracta,
237 1722 279 1781 uti
302 1723 429 1783 insinuat
451 1721 591 1791 Jacobue,
605 1722 725 1783 dicerer
749 1724 970 1786 “Confitemiui
990 1727 1155 1786 alterutrum
1177 1734 1296 1803 peccata

91 1819 221 1890 restra;”
234 1839 301 1881 nam
314 1820 423 1898 optime
436 1820 603 1898 intelligitur
618 1818 699 1894 loqui
713 1819 748 1878 de
762 1821 944 1883 confessione
958 1824 1145 1903 presbyteris,
1168 1823 1204 1882 de
1228 1824 1292 1899 qui·

89 1920 144 1980 bue
158 1938 228 1980 mox
248 1920 359 1998 agebat,
374 1918 457 1978 iacta.
498 1917 636 1978 Profecti
660 1919 863 1979 Roseumiiller
885 1921 949 1999 ipae
963 1920 999 1979 de
1022 1933 1143 1999 peccato
1163 1940 1290 1981 cenaene

90 2035 254 2077 sermonem
267 2033 344 2083 ease,
359 2013 437 2090 quod
449 2033 536 2074 cauea
551 2015 653 2074 fuisset
666 2016 769 2084 morbi,
790 2015 893 2075 fatetur
906 2016 1118 2077 consessionem
1130 2017 1290 2077 faciendam

88 2114 202 2194 injungi
215 2112 402 2192 presbyteria,
417 2131 490 2187 quoa
506 2112 635 2191 jusserat
656 2111 783 2171 lacobus
805 2115 930 2174 arcessi:
953 2114 1072 2175 “Hunc
1095 2114 1287 2194 (infirmum)

89 2231 127 2273 ne
150 2211 265 2290 pudeat,
290 2219 440 2288 peccatum
466 2208 523 2269 hoc
547 2209 578 2268 in
607 2219 764 2287 conspectu
788 2211 1026 2288 presbyterorum
1050 2211 1166 2271 fateri.”
1188 2252 1197 2270 .
1220 2253 1229 2271 .
1252 2252 1295 2271 ..

89 2320 111 2350 ⁴⁶
121 2310 222 2379 Recte,
236 2316 269 2368 ut
281 2307 354 2368 mihi
366 2306 483 2382 quidem
498 2305 619 2376 ridetur,
632 2325 677 2375 ea,
689 2325 755 2380 qua
769 2306 826 2366 hoc
837 2319 979 2368 commate
991 2309 1134 2378 dicuntur,
1144 2310 1295 2369 trahuntur

89 2409 126 2469 ab
148 2407 348 2486 interpretibus
372 2404 408 2465 ad
433 2412 591 2484 aegrotum,
613 2414 641 2464 et
663 2404 699 2463 ad
715 2404 914 2486 preabyterou,
930 2426 1051 2482 quorum
1071 2409 1179 2468 mentio
1194 2427 1236 2467 vr.
1256 2413 1294 2467 14

88 2505 163 2566 facta
182 2503 274 2564 eat.”²
314 2500 473 2563 Catholicae
493 2499 629 2561 doctrinm
656 2500 810 2560 admodum
831 2502 963 2579 congruit
976 2503 1063 2562 totius
1078 2512 1172 2562 textus
1190 2505 1292 2574 eariee,

88 2621 157 2664 nam
181 2600 363 2662 consessione
383 2600 564 2661 remittuntur
583 2609 700 2677 peccata
719 2598 856 2668 letiralia;
878 2601 1012 2659 unctione
1026 2605 1093 2660 vero
1112 2601 1243 2672 venialia,
1264 2613 1293 2662 et

89 2711 272 2782 peccatorum
286 2699 413 2774 reliquie
422 2698 629 2777 absterguntur,
641 2708 679 2766 et,
697 2698 724 2756 si
736 2698 833 2757 tonan
844 2698 1020 2757 conscientia
1030 2700 1109 2777 gravi
1124 2699 1235 2759 macula
1250 2701 1293 2760 iu·

90 2801 207 2877 quinata
227 2799 277 2868 eit,
291 2817 377 2873 quam
393 2796 523 2856 confiteri
536 2815 594 2856 non
610 2794 889 2865 vaietmoribuudue,
899 2795 1292 2875 alioquiuanimopoenitena,

90 2897 143 2959 aed
153 2897 269 2973 loquela
283 2914 393 2965 carena,
406 2893 452 2953 vel
465 2895 574 2972 peccati
589 2894 644 2952 sibi
660 2912 717 2953 non
727 2893 871 2963 conscius,
882 2893 1052 2954 emundatur
1062 2896 1148 2954 etiam
1163 2907 1192 2955 et
1208 2916 1290 2957 sana·

90 3006 146 3058 tur.
187 2994 230 3055 Ita
238 2994 322 3055 docet
332 2994 365 3052 S.
378 2991 501 3053 Gurolua
515 2992 723 3062 Borromaeus,¹
735 2990 981 3066 quodconaonum
998 3002 1043 3052 est
1053 2993 1290 3057 'l'ridentinorum

89 3105 202 3175 patrum
222 3091 421 3153 documentis:
444 3089 577 3149 “delicta
596 3090 670 3167 ipra,
691 3088 717 3147 ei
738 3107 802 3163 qua
816 3090 876 3152 aiut
895 3089 988 3150 adhuc
1007 3088 1160 3170 expianda,
1176 3111 1210 3151 ac
1222 3111 1290 3170 pec·

91 3194 147 3254 cati
160 3191 296 3267 reliquias
310 3186 488 3267 abstergit.”⁸

130 3294 181 3350 28.
206 3287 273 3369 otj.
288 3291 318 3348 9.
341 3286 449 3347 Totum
469 3285 556 3346 ritum
577 3282 613 3343 ad
633 3283 785 3343 sanitatem
805 3281 1027 3361 recuperandam
1042 3284 1137 3364 dirigi,
1152 3297 1230 3364 patet
1249 3305 1288 3347 ex

90 3390 139 3460 iia,
153 3406 218 3465 qua
238 3385 385 3465 subjungit
404 3383 703 3464 Apostolus-eterne
714 3384 776 3452 turp
787 3377 1186 3457 &immuunt-orare
1215 3385 1288 3445 aliua

90 3505 144 3566 pro
158 3485 226 3554 alio,
240 3492 272 3543 ut
285 3482 437 3543 sanemini.

129 3582 220 3661 Rcap.
242 3581 310 3640 Vox
323 3580 372 3647 illa
392 3576 511 3638 arnaudi
531 3577 640 3658 paasim
659 3577 691 3637 iu
710 3575 866 3654 Scripturia
886 3587 1038 3656 usurpatur
1050 3596 1103 3657 pro
1124 3580 1227 3639 anime
1242 3599 1287 3638 aa·

87 3680 173 3751 lute,⁴
194 3677 273 3754 quod
290 3675 502 3737 'Roseumtiller
521 3686 588 3753 poet
605 3674 802 3753 Oarpzorium
825 3674 903 3733 haud
923 3674 1068 3735 diffitetur.
1110 3675 1188 3736 Hinc
1202 3678 1287 3737 vertit

90 3779 291 3859 Oarpzoviue:
313 3784 333 3814 ‘⁸
343 3781 378 3834 ut
391 3772 431 3834 ud
448 3779 577 3834 mentem
588 3772 737 3832 acriorem
751 3771 886 3843 redeatia,
899 3779 927 3833 et
941 3772 1025 3834 vobio
1045 3773 1189 3835 condonet
1201 3774 1286 3835 Deua

83 3875 251 3959 peccatam
293 3871 496 3935 Roaenmilller
503 3870 621 3947 quidem
634 3880 734 3931 censet
744 3871 873 3948 corporis
886 3872 1036 3932 uanitatem
1046 3871 1095 3931 hic
1108 3874 1263 3952 significari
1277 3893 1286 3945 3

87 3976 141 4039 aed
154 3975 190 4038 de
205 3975 307 4034 anime
322 3973 413 4033 salute
425 3969 560 4050 precipue
569 3969 617 4048 agi
631 3977 706 4028 totus
719 3966 861 4029 sermonis
880 3978 1030 4029 contextus
1044 3970 1229 4030 demonstrat.

124 4173 169 4240 (l)
186 4170 218 4222 In
228 4170 319 4222 locum.

122 4261 162 4320 (2)
179 4256 293 4308 Inetruct.
304 4255 336 4306 de
345 4253 464 4305 Extrema
474 4247 606 4304 Unctione

125 4346 169 4412 (8)
189 4344 247 4395 Sere
257 4344 308 4395 xiv.
319 4337 438 4394 Extrema
449 4339 582 4391 Unctione.

124 4431 166 4498 (4)
184 4429 256 4482 Matt
266 4428 319 4480 xiii.
333 4431 379 4478 15:
395 4426 566 4496 increpitare,
576 4446 620 4480 m
631 4422 738 4495 limpor
754 4416 889 4488 ἆυτούς-*ῑ
896 4430 1069 4477 convertantur
1085 4431 1110 4476 et
1120 4440 1207 4477 renem
1220 4421 1288 4477 eoe.'’

84 4517 156 4572 Vide
165 4525 191 4568 et
201 4517 265 4567 Heb.
275 4516 319 4566 xii.
332 4516 373 4564 te.

124 4604 167 4672 (5)
185 4602 261 4671 Apud
272 4600 444 4653 Roeenmuller
454 4598 482 4651 in
492 4599 585 4651 locum.
