<?xml version="1.0" encoding="UTF-8"?>
<!DOCTYPE html PUBLIC "-//W3C//DTD XHTML 1.0 Transitional//EN"
    "http://www.w3.org/TR/xhtml1/DTD/xhtml1-transitional.dtd">
<html xmlns="http://www.w3.org/1999/xhtml" xml:lang="en" lang="en">
 <head>
  <title>
</title>
<meta http-equiv="Content-Type" content="text/html;charset=utf-8" />
  <meta name='ocr-system' content='tesseract 3.04.00' />
  <meta name='ocr-capabilities' content='ocr_page ocr_carea ocr_par ocr_line ocrx_word'/>
</head>
<body>
  <div class='ocr_page' id='page_1' title='image "./theologidogmati03kenrgoog_0319.png"; bbox 0 0 2774 5056; ppageno 0'>
   <div class='ocr_carea' id='block_1_1' title="bbox 142 310 1174 376">
    <p class='ocr_par' dir='ltr' id='par_1_1' title="bbox 142 310 1174 376">
     <span class='ocr_line' id='line_1_1' title="bbox 142 310 1174 376; baseline 0.005 -5"><span class='ocrx_word' id='word_1_1' title='bbox 142 316 201 373; x_wconf 82' lang='lat' dir='ltr'><strong>alc</strong></span> <span class='ocrx_word' id='word_1_2' title='bbox 311 312 367 373; x_wconf 87' lang='lat' dir='ltr'><strong>DE</strong></span> <span class='ocrx_word' id='word_1_3' title='bbox 388 310 641 373; x_wconf 81' lang='lat' dir='ltr'><strong>POTESTATE</strong></span> <span class='ocrx_word' id='word_1_4' title='bbox 662 312 938 373; x_wconf 75' lang='lat' dir='ltr'><strong>REMI&#39;I&#39;TENDI</strong></span> <span class='ocrx_word' id='word_1_5' title='bbox 957 310 1174 376; x_wconf 68' lang='lat' dir='ltr'><strong>auectus.</strong></span> 
     </span>
    </p>
   </div>
   <div class='ocr_carea' id='block_1_2' title="bbox 138 470 1355 1314">
    <p class='ocr_par' dir='ltr' id='par_1_2' title="bbox 180 470 852 550">
     <span class='ocr_line' id='line_1_2' title="bbox 180 470 852 550; baseline 0 -21"><span class='ocrx_word' id='word_1_6' title='bbox 180 470 334 531; x_wconf 80' lang='lat' dir='ltr'><strong><em>Probatur</em></strong></span> <span class='ocrx_word' id='word_1_7' title='bbox 347 470 404 531; x_wconf 87' lang='lat' dir='ltr'><strong>IV.</strong></span> <span class='ocrx_word' id='word_1_8' title='bbox 412 470 647 550; x_wconf 78' lang='lat' dir='ltr'><strong>prescriptionis</strong></span> <span class='ocrx_word' id='word_1_9' title='bbox 660 478 852 550; x_wconf 74' lang='lat' dir='ltr'><strong>argumento.</strong></span> 
     </span>
    </p>

    <p class='ocr_par' dir='ltr' id='par_1_3' title="bbox 138 566 1355 1314">
     <span class='ocr_line' id='line_1_3' title="bbox 180 566 1355 645; baseline 0.001 -18"><span class='ocrx_word' id='word_1_10' title='bbox 180 572 230 627; x_wconf 78' lang='lat' dir='ltr'><strong>at.</strong></span> <span class='ocrx_word' id='word_1_11' title='bbox 254 569 370 643; x_wconf 85' lang='lat' dir='ltr'>Ubique</span> <span class='ocrx_word' id='word_1_12' title='bbox 385 569 415 626; x_wconf 91' lang='lat' dir='ltr'><strong>in</strong></span> <span class='ocrx_word' id='word_1_13' title='bbox 428 568 562 627; x_wconf 72' lang='lat' dir='ltr'>Ecclesia</span> <span class='ocrx_word' id='word_1_14' title='bbox 576 577 747 645; x_wconf 85' lang='lat' dir='ltr'><strong>potestatem</strong></span> <span class='ocrx_word' id='word_1_15' title='bbox 768 567 933 627; x_wconf 89' lang='lat' dir='ltr'><strong>remittendi</strong></span> <span class='ocrx_word' id='word_1_16' title='bbox 959 578 1078 645; x_wconf 86' lang='lat' dir='ltr'><strong>peccata</strong></span> <span class='ocrx_word' id='word_1_17' title='bbox 1100 566 1270 628; x_wconf 72' lang='lat' dir='ltr'><strong>sacerdotes</strong></span> <span class='ocrx_word' id='word_1_18' title='bbox 1296 567 1355 628; x_wconf 90' lang='lat' dir='ltr'><strong>sibi</strong></span> 
     </span>
     <span class='ocr_line' id='line_1_4' title="bbox 141 663 1353 743; baseline 0.001 -20"><span class='ocrx_word' id='word_1_19' title='bbox 141 665 295 733; x_wconf 82' lang='lat' dir='ltr'><strong>vindicant,</strong></span> <span class='ocrx_word' id='word_1_20' title='bbox 309 676 339 723; x_wconf 88' lang='lat' dir='ltr'><strong>et</strong></span> <span class='ocrx_word' id='word_1_21' title='bbox 349 677 503 733; x_wconf 80' lang='lat' dir='ltr'><strong>exercent3</strong></span> <span class='ocrx_word' id='word_1_22' title='bbox 525 664 594 738; x_wconf 90' lang='lat' dir='ltr'><strong>quin</strong></span> <span class='ocrx_word' id='word_1_23' title='bbox 608 663 720 723; x_wconf 89' lang='lat' dir='ltr'><strong>ostendi</strong></span> <span class='ocrx_word' id='word_1_24' title='bbox 736 666 899 743; x_wconf 85' lang='lat' dir='ltr'><strong>possitque</strong></span> <span class='ocrx_word' id='word_1_25' title='bbox 912 679 1026 724; x_wconf 88' lang='lat' dir='ltr'><strong>auctore</strong></span> <span class='ocrx_word' id='word_1_26' title='bbox 1041 665 1088 724; x_wconf 85' lang='lat' dir='ltr'><strong>rel</strong></span> <span class='ocrx_word' id='word_1_27' title='bbox 1101 684 1161 740; x_wconf 83' lang='lat' dir='ltr'><strong>qus</strong></span> <span class='ocrx_word' id='word_1_28' title='bbox 1174 677 1260 725; x_wconf 80' lang='lat' dir='ltr'><strong>aetate</strong></span> <span class='ocrx_word' id='word_1_29' title='bbox 1275 664 1353 725; x_wconf 88' lang='lat' dir='ltr'><strong>fides</strong></span> 
     </span>
     <span class='ocr_line' id='line_1_5' title="bbox 140 763 1354 842; baseline 0.002 -22"><span class='ocrx_word' id='word_1_30' title='bbox 140 773 223 822; x_wconf 76' lang='lat' dir='ltr'><strong>tants</strong></span> <span class='ocrx_word' id='word_1_31' title='bbox 237 764 383 840; x_wconf 86' lang='lat' dir='ltr'><strong>potestatis</strong></span> <span class='ocrx_word' id='word_1_32' title='bbox 398 765 521 840; x_wconf 88' lang='lat' dir='ltr'><strong>primum</strong></span> <span class='ocrx_word' id='word_1_33' title='bbox 536 763 705 821; x_wconf 86' lang='lat' dir='ltr'><strong>obtinuerit:</strong></span> <span class='ocrx_word' id='word_1_34' title='bbox 727 775 850 822; x_wconf 82' lang='lat' dir='ltr'>attamen</span> <span class='ocrx_word' id='word_1_35' title='bbox 876 774 904 821; x_wconf 91' lang='lat' dir='ltr'><strong>et</strong></span> <span class='ocrx_word' id='word_1_36' title='bbox 925 774 1073 822; x_wconf 83' lang='lat' dir='ltr'><strong>auctorat</strong></span> <span class='ocrx_word' id='word_1_37' title='bbox 1093 774 1164 823; x_wconf 77' lang='lat' dir='ltr'><strong>artas</strong></span> <span class='ocrx_word' id='word_1_38' title='bbox 1178 764 1248 824; x_wconf 83' lang='lat' dir='ltr'><strong>novi</strong></span> <span class='ocrx_word' id='word_1_39' title='bbox 1283 763 1354 842; x_wconf 81' lang='lat' dir='ltr'><strong>dog·</strong></span> 
     </span>
     <span class='ocr_line' id='line_1_6' title="bbox 139 858 1354 939; baseline 0.002 -21"><span class='ocrx_word' id='word_1_40' title='bbox 139 861 223 918; x_wconf 88' lang='lat' dir='ltr'><strong>matis</strong></span> <span class='ocrx_word' id='word_1_41' title='bbox 248 859 356 918; x_wconf 89' lang='lat' dir='ltr'><strong>inducti</strong></span> <span class='ocrx_word' id='word_1_42' title='bbox 376 858 461 917; x_wconf 89' lang='lat' dir='ltr'><strong>debet</strong></span> <span class='ocrx_word' id='word_1_43' title='bbox 484 859 674 928; x_wconf 74' lang='lat' dir='ltr'><strong>innotescere,</strong></span> <span class='ocrx_word' id='word_1_44' title='bbox 689 860 714 918; x_wconf 91' lang='lat' dir='ltr'><strong>si</strong></span> <span class='ocrx_word' id='word_1_45' title='bbox 728 859 813 919; x_wconf 85' lang='lat' dir='ltr'><strong>fuerit</strong></span> <span class='ocrx_word' id='word_1_46' title='bbox 826 860 985 936; x_wconf 88' lang='lat' dir='ltr'><strong>apostolica</strong></span> <span class='ocrx_word' id='word_1_47' title='bbox 998 870 1081 919; x_wconf 77' lang='lat' dir='ltr'><strong>etate</strong></span> <span class='ocrx_word' id='word_1_48' title='bbox 1097 861 1261 939; x_wconf 82' lang='lat' dir='ltr'><strong>posterius,</strong></span> <span class='ocrx_word' id='word_1_49' title='bbox 1283 878 1354 921; x_wconf 90' lang='lat' dir='ltr'><strong>nam</strong></span> 
     </span>
     <span class='ocr_line' id='line_1_7' title="bbox 139 959 1354 1037; baseline -0.001 -18"><span class='ocrx_word' id='word_1_50' title='bbox 139 978 227 1035; x_wconf 90' lang='lat' dir='ltr'><strong>quum</strong></span> <span class='ocrx_word' id='word_1_51' title='bbox 242 960 345 1019; x_wconf 85' lang='lat' dir='ltr'><strong>dirime</strong></span> <span class='ocrx_word' id='word_1_52' title='bbox 360 960 506 1037; x_wconf 69' lang='lat' dir='ltr'><strong>poteratis</strong></span> <span class='ocrx_word' id='word_1_53' title='bbox 520 959 778 1019; x_wconf 81' lang='lat' dir='ltr'><strong>communicatione</strong></span> <span class='ocrx_word' id='word_1_54' title='bbox 794 960 908 1028; x_wconf 88' lang='lat' dir='ltr'><strong>nitatur,</strong></span> <span class='ocrx_word' id='word_1_55' title='bbox 924 977 982 1019; x_wconf 90' lang='lat' dir='ltr'><strong>non</strong></span> <span class='ocrx_word' id='word_1_56' title='bbox 1002 959 1087 1018; x_wconf 85' lang='lat' dir='ltr'><strong>facilc</strong></span> <span class='ocrx_word' id='word_1_57' title='bbox 1109 960 1205 1037; x_wconf 89' lang='lat' dir='ltr'><strong>potuit</strong></span> <span class='ocrx_word' id='word_1_58' title='bbox 1216 959 1354 1030; x_wconf 75' lang='lat' dir='ltr'><strong>suaderi,</strong></span> 
     </span>
     <span class='ocr_line' id='line_1_8' title="bbox 138 1056 1351 1136; baseline -0.001 -19"><span class='ocrx_word' id='word_1_59' title='bbox 138 1058 295 1136; x_wconf 71' lang='lat' dir='ltr'><strong>presertim</strong></span> <span class='ocrx_word' id='word_1_60' title='bbox 309 1076 398 1132; x_wconf 86' lang='lat' dir='ltr'><strong>quum</strong></span> <span class='ocrx_word' id='word_1_61' title='bbox 412 1075 485 1116; x_wconf 91' lang='lat' dir='ltr'><strong>onus</strong></span> <span class='ocrx_word' id='word_1_62' title='bbox 500 1058 700 1134; x_wconf 77' lang='lat' dir='ltr'><strong>gravissimum</strong></span> <span class='ocrx_word' id='word_1_63' title='bbox 721 1058 819 1117; x_wconf 91' lang='lat' dir='ltr'><strong>omnia</strong></span> <span class='ocrx_word' id='word_1_64' title='bbox 838 1076 891 1116; x_wconf 82' lang='lat' dir='ltr'><strong>sus</strong></span> <span class='ocrx_word' id='word_1_65' title='bbox 904 1056 1008 1116; x_wconf 86' lang='lat' dir='ltr'><strong>delicta</strong></span> <span class='ocrx_word' id='word_1_66' title='bbox 1020 1057 1057 1116; x_wconf 86' lang='lat' dir='ltr'><strong>ad</strong></span> <span class='ocrx_word' id='word_1_67' title='bbox 1072 1057 1239 1117; x_wconf 82' lang='lat' dir='ltr'><strong>secerdotes</strong></span> <span class='ocrx_word' id='word_1_68' title='bbox 1254 1057 1351 1117; x_wconf 87' lang='lat' dir='ltr'><strong>defer·</strong></span> 
     </span>
     <span class='ocr_line' id='line_1_9' title="bbox 138 1154 1354 1234; baseline -0.001 -17"><span class='ocrx_word' id='word_1_69' title='bbox 138 1155 205 1218; x_wconf 85' lang='lat' dir='ltr'><strong>cudi</strong></span> <span class='ocrx_word' id='word_1_70' title='bbox 219 1157 322 1231; x_wconf 92' lang='lat' dir='ltr'><strong>cuique</strong></span> <span class='ocrx_word' id='word_1_71' title='bbox 337 1157 475 1234; x_wconf 88' lang='lat' dir='ltr'><strong>imponat.</strong></span> <span class='ocrx_word' id='word_1_72' title='bbox 498 1156 577 1234; x_wconf 80' lang='lat' dir='ltr'><strong>Ergo</strong></span> <span class='ocrx_word' id='word_1_73' title='bbox 588 1154 730 1234; x_wconf 75' lang='lat' dir='ltr'><strong>dogmmis</strong></span> <span class='ocrx_word' id='word_1_74' title='bbox 741 1155 831 1234; x_wconf 87' lang='lat' dir='ltr'><strong>hujus</strong></span> <span class='ocrx_word' id='word_1_75' title='bbox 846 1156 928 1233; x_wconf 84' lang='lat' dir='ltr'><strong>origo</strong></span> <span class='ocrx_word' id='word_1_76' title='bbox 941 1154 977 1214; x_wconf 89' lang='lat' dir='ltr'><strong>ad</strong></span> <span class='ocrx_word' id='word_1_77' title='bbox 992 1156 1035 1215; x_wconf 90' lang='lat' dir='ltr'><strong>rei</strong></span> <span class='ocrx_word' id='word_1_78' title='bbox 1048 1155 1215 1215; x_wconf 73' lang='lat' dir='ltr'><strong>christiane</strong></span> <span class='ocrx_word' id='word_1_79' title='bbox 1229 1156 1354 1217; x_wconf 87' lang='lat' dir='ltr'><strong>initium</strong></span> 
     </span>
     <span class='ocr_line' id='line_1_10' title="bbox 140 1252 356 1314; baseline -0.014 0"><span class='ocrx_word' id='word_1_80' title='bbox 140 1252 290 1314; x_wconf 88' lang='lat' dir='ltr'><strong>referenda</strong></span> <span class='ocrx_word' id='word_1_81' title='bbox 302 1263 356 1311; x_wconf 85' lang='lat' dir='ltr'><strong>cst.</strong></span> 
     </span>
    </p>
   </div>
   <div class='ocr_carea' id='block_1_3' title="bbox 537 1430 944 1473">
    <p class='ocr_par' dir='ltr' id='par_1_4' title="bbox 537 1430 944 1473">
     <span class='ocr_line' id='line_1_11' title="bbox 537 1430 944 1473; baseline 0.002 -2"><span class='ocrx_word' id='word_1_82' title='bbox 537 1430 739 1473; x_wconf 68' lang='lat' dir='ltr'><strong>omcatostss</strong></span> <span class='ocrx_word' id='word_1_83' title='bbox 759 1430 944 1473; x_wconf 71' lang='lat' dir='ltr'><strong>sotvuuautt.</strong></span> 
     </span>
    </p>
   </div>
   <div class='ocr_carea' id='block_1_4' title="bbox 132 1567 1355 4074">
    <p class='ocr_par' dir='ltr' id='par_1_5' title="bbox 136 1567 1355 2502">
     <span class='ocr_line' id='line_1_12' title="bbox 180 1567 1355 1649; baseline 0.001 -20"><span class='ocrx_word' id='word_1_84' title='bbox 180 1575 230 1629; x_wconf 80' lang='lat'><strong>23.</strong></span> <span class='ocrx_word' id='word_1_85' title='bbox 256 1568 324 1649; x_wconf 87' lang='lat' dir='ltr'><strong>Obj.</strong></span> <span class='ocrx_word' id='word_1_86' title='bbox 340 1574 365 1628; x_wconf 85' lang='lat' dir='ltr'><strong>l.</strong></span> <span class='ocrx_word' id='word_1_87' title='bbox 389 1567 512 1627; x_wconf 84' lang='lat' dir='ltr'><strong>Constat</strong></span> <span class='ocrx_word' id='word_1_88' title='bbox 525 1567 637 1628; x_wconf 88' lang='lat' dir='ltr'><strong>solvere</strong></span> <span class='ocrx_word' id='word_1_89' title='bbox 646 1580 675 1629; x_wconf 91' lang='lat' dir='ltr'><strong>et</strong></span> <span class='ocrx_word' id='word_1_90' title='bbox 688 1569 788 1647; x_wconf 84' lang='lat' dir='ltr'><strong>ligare,</strong></span> <span class='ocrx_word' id='word_1_91' title='bbox 803 1578 823 1607; x_wconf 79' lang='lat'><strong>‘⁶</strong></span> <span class='ocrx_word' id='word_1_92' title='bbox 833 1571 895 1629; x_wconf 71' lang='lat' dir='ltr'><strong>bien</strong></span> <span class='ocrx_word' id='word_1_93' title='bbox 910 1579 939 1628; x_wconf 89' lang='lat' dir='ltr'><strong>et</strong></span> <span class='ocrx_word' id='word_1_94' title='bbox 950 1575 1017 1633; x_wconf 70' lang='lat' dir='ltr'><strong>abac</strong></span> <span class='ocrx_word' id='word_1_95' title='bbox 1031 1569 1149 1646; x_wconf 89' lang='lat' dir='ltr'><strong>quaudo</strong></span> <span class='ocrx_word' id='word_1_96' title='bbox 1162 1568 1199 1630; x_wconf 92' lang='lat' dir='ltr'><strong>de</strong></span> <span class='ocrx_word' id='word_1_97' title='bbox 1213 1569 1355 1630; x_wconf 72' lang='lat' dir='ltr'><strong>clooibsu</strong></span> 
     </span>
     <span class='ocr_line' id='line_1_13' title="bbox 139 1664 1353 1746; baseline 0 -19"><span class='ocrx_word' id='word_1_98' title='bbox 139 1677 184 1728; x_wconf 88' lang='lat' dir='ltr'><strong>est</strong></span> <span class='ocrx_word' id='word_1_99' title='bbox 195 1686 301 1735; x_wconf 90' lang='lat' dir='ltr'><strong>sermo,</strong></span> <span class='ocrx_word' id='word_1_100' title='bbox 316 1667 393 1726; x_wconf 89' lang='lat' dir='ltr'><strong>idem</strong></span> <span class='ocrx_word' id='word_1_101' title='bbox 407 1684 472 1724; x_wconf 89' lang='lat' dir='ltr'><strong>esse</strong></span> <span class='ocrx_word' id='word_1_102' title='bbox 486 1686 519 1724; x_wconf 91' lang='lat' dir='ltr'><strong>ac</strong></span> <span class='ocrx_word' id='word_1_103' title='bbox 534 1664 678 1735; x_wconf 81' lang='lat' dir='ltr'><strong>claudere,</strong></span> <span class='ocrx_word' id='word_1_104' title='bbox 694 1677 723 1726; x_wconf 92' lang='lat' dir='ltr'><strong>et</strong></span> <span class='ocrx_word' id='word_1_105' title='bbox 733 1665 858 1746; x_wconf 78' lang='lat' dir='ltr'><strong>aperire.</strong></span> <span class='ocrx_word' id='word_1_106' title='bbox 879 1665 990 1727; x_wconf 80' lang='lat' dir='ltr'><strong>Junuae</strong></span> <span class='ocrx_word' id='word_1_107' title='bbox 1000 1668 1079 1728; x_wconf 90' lang='lat' dir='ltr'><strong>enim</strong></span> <span class='ocrx_word' id='word_1_108' title='bbox 1094 1666 1353 1728; x_wconf 83' lang='lat' dir='ltr'><strong>veterumclaude-</strong></span> 
     </span>
     <span class='ocr_line' id='line_1_14' title="bbox 138 1762 1352 1840; baseline 0.001 -15"><span class='ocrx_word' id='word_1_109' title='bbox 138 1767 239 1825; x_wconf 85' lang='lat' dir='ltr'><strong>bantur</strong></span> <span class='ocrx_word' id='word_1_110' title='bbox 252 1762 378 1830; x_wconf 90' lang='lat' dir='ltr'><strong>funibus,</strong></span> <span class='ocrx_word' id='word_1_111' title='bbox 399 1763 502 1837; x_wconf 89' lang='lat' dir='ltr'><strong>quibus</strong></span> <span class='ocrx_word' id='word_1_112' title='bbox 523 1762 646 1840; x_wconf 84' lang='lat' dir='ltr'><strong>ligandis</strong></span> <span class='ocrx_word' id='word_1_113' title='bbox 661 1764 707 1823; x_wconf 83' lang='lat' dir='ltr'><strong>vel</strong></span> <span class='ocrx_word' id='word_1_114' title='bbox 728 1763 875 1824; x_wconf 88' lang='lat' dir='ltr'><strong>solvendis</strong></span> <span class='ocrx_word' id='word_1_115' title='bbox 896 1765 993 1824; x_wconf 88' lang='lat' dir='ltr'><strong>clares</strong></span> <span class='ocrx_word' id='word_1_116' title='bbox 1015 1764 1246 1826; x_wconf 86' lang='lat' dir='ltr'><strong>adhibebantur:</strong></span> <span class='ocrx_word' id='word_1_117' title='bbox 1270 1766 1352 1826; x_wconf 86' lang='lat' dir='ltr'><strong>unde</strong></span> 
     </span>
     <span class='ocr_line' id='line_1_15' title="bbox 137 1850 1350 1940; baseline 0.001 -20"><span class='ocrx_word' id='word_1_118' title='bbox 137 1860 214 1936; x_wconf 89' lang='lat' dir='ltr'><strong>quod</strong></span> <span class='ocrx_word' id='word_1_119' title='bbox 228 1860 310 1920; x_wconf 90' lang='lat' dir='ltr'><strong>uobis</strong></span> <span class='ocrx_word' id='word_1_120' title='bbox 325 1871 369 1919; x_wconf 89' lang='lat' dir='ltr'><strong>cst</strong></span> <span class='ocrx_word' id='word_1_121' title='bbox 384 1860 488 1938; x_wconf 87' lang='lat' dir='ltr'><strong>januas</strong></span> <span class='ocrx_word' id='word_1_122' title='bbox 502 1857 636 1918; x_wconf 82' lang='lat' dir='ltr'><strong>claudere</strong></span> <span class='ocrx_word' id='word_1_123' title='bbox 649 1871 678 1919; x_wconf 91' lang='lat' dir='ltr'><strong>et</strong></span> <span class='ocrx_word' id='word_1_124' title='bbox 691 1858 807 1938; x_wconf 82' lang='lat' dir='ltr'><strong>operire</strong></span> <span class='ocrx_word' id='word_1_125' title='bbox 821 1859 851 1919; x_wconf 92' lang='lat' dir='ltr'><strong>id</strong></span> <span class='ocrx_word' id='word_1_126' title='bbox 866 1850 901 1919; x_wconf 90' lang='lat' dir='ltr'><strong>ils</strong></span> <span class='ocrx_word' id='word_1_127' title='bbox 916 1860 971 1921; x_wconf 90' lang='lat' dir='ltr'><strong>fuit</strong></span> <span class='ocrx_word' id='word_1_128' title='bbox 984 1859 1085 1940; x_wconf 79' lang='lat' dir='ltr'><strong>ligure</strong></span> <span class='ocrx_word' id='word_1_129' title='bbox 1105 1871 1135 1921; x_wconf 90' lang='lat' dir='ltr'><strong>et</strong></span> <span class='ocrx_word' id='word_1_130' title='bbox 1155 1860 1282 1922; x_wconf 81' lang='lat' dir='ltr'><strong>solorre.</strong></span> <span class='ocrx_word' id='word_1_131' title='bbox 1306 1905 1315 1922; x_wconf 90' lang='lat'><strong>.</strong></span> <span class='ocrx_word' id='word_1_132' title='bbox 1341 1905 1350 1921; x_wconf 91' lang='lat'><strong>.</strong></span> 
     </span>
     <span class='ocr_line' id='line_1_16' title="bbox 138 1953 1352 2037; baseline 0.007 -27"><span class='ocrx_word' id='word_1_133' title='bbox 138 2001 146 2016; x_wconf 85' lang='lat'><strong>.</strong></span> <span class='ocrx_word' id='word_1_134' title='bbox 169 2000 177 2014; x_wconf 90' lang='lat'><strong>.</strong></span> <span class='ocrx_word' id='word_1_135' title='bbox 199 1958 267 2012; x_wconf 69' lang='lat' dir='ltr'><strong>uteo</strong></span> <span class='ocrx_word' id='word_1_136' title='bbox 278 1956 374 2034; x_wconf 83' lang='lat' dir='ltr'><strong>igitur,</strong></span> <span class='ocrx_word' id='word_1_137' title='bbox 389 1954 504 2031; x_wconf 90' lang='lat' dir='ltr'><strong>qnando</strong></span> <span class='ocrx_word' id='word_1_138' title='bbox 525 1953 559 2013; x_wconf 91' lang='lat' dir='ltr'><strong>de</strong></span> <span class='ocrx_word' id='word_1_139' title='bbox 580 1956 712 2032; x_wconf 87' lang='lat' dir='ltr'><strong>personis</strong></span> <span class='ocrx_word' id='word_1_140' title='bbox 726 1964 889 2034; x_wconf 88' lang='lat' dir='ltr'><strong>usurpatur,</strong></span> <span class='ocrx_word' id='word_1_141' title='bbox 904 1956 968 2026; x_wconf 89' lang='lat' dir='ltr'><strong>erit,</strong></span> <span class='ocrx_word' id='word_1_142' title='bbox 986 1954 1122 2037; x_wconf 82' lang='lat' dir='ltr'><strong>repellere</strong></span> <span class='ocrx_word' id='word_1_143' title='bbox 1135 1968 1166 2017; x_wconf 88' lang='lat' dir='ltr'><strong>et</strong></span> <span class='ocrx_word' id='word_1_144' title='bbox 1180 1955 1352 2028; x_wconf 78' lang='lat' dir='ltr'><strong>recludere,</strong></span> 
     </span>
     <span class='ocr_line' id='line_1_17' title="bbox 136 2049 1349 2130; baseline 0.007 -25"><span class='ocrx_word' id='word_1_145' title='bbox 136 2050 200 2106; x_wconf 73' lang='lat' dir='ltr'><strong>rbem</strong></span> <span class='ocrx_word' id='word_1_146' title='bbox 214 2050 378 2111; x_wconf 84' lang='lat' dir='ltr'><strong>admittere.</strong></span> <span class='ocrx_word' id='word_1_147' title='bbox 420 2050 466 2109; x_wconf 90' lang='lat' dir='ltr'><strong>Dc</strong></span> <span class='ocrx_word' id='word_1_148' title='bbox 475 2049 614 2130; x_wconf 83' lang='lat' dir='ltr'><strong>personia</strong></span> <span class='ocrx_word' id='word_1_149' title='bbox 628 2060 722 2110; x_wconf 91' lang='lat' dir='ltr'><strong>autem</strong></span> <span class='ocrx_word' id='word_1_150' title='bbox 738 2053 855 2110; x_wconf 90' lang='lat' dir='ltr'><strong>omniuo</strong></span> <span class='ocrx_word' id='word_1_151' title='bbox 870 2051 900 2111; x_wconf 90' lang='lat' dir='ltr'><strong>h.</strong></span> <span class='ocrx_word' id='word_1_152' title='bbox 915 2051 935 2111; x_wconf 91' lang='lat' dir='ltr'><strong>l.</strong></span> <span class='ocrx_word' id='word_1_153' title='bbox 954 2063 1000 2112; x_wconf 89' lang='lat' dir='ltr'><strong>est</strong></span> <span class='ocrx_word' id='word_1_154' title='bbox 1014 2072 1129 2123; x_wconf 83' lang='lat' dir='ltr'><strong>sermo3</strong></span> <span class='ocrx_word' id='word_1_155' title='bbox 1145 2063 1251 2113; x_wconf 88' lang='lat' dir='ltr'><strong>neutro</strong></span> <span class='ocrx_word' id='word_1_156' title='bbox 1265 2054 1349 2115; x_wconf 92' lang='lat' dir='ltr'><strong>enim</strong></span> 
     </span>
     <span class='ocr_line' id='line_1_18' title="bbox 136 2133 1344 2228; baseline 0.001 -19"><span class='ocrx_word' id='word_1_157' title='bbox 136 2150 242 2227; x_wconf 84' lang='lat' dir='ltr'><strong>saepius</strong></span> <span class='ocrx_word' id='word_1_158' title='bbox 256 2161 373 2209; x_wconf 89' lang='lat' dir='ltr'><strong>utuntur</strong></span> <span class='ocrx_word' id='word_1_159' title='bbox 386 2148 590 2228; x_wconf 80' lang='lat' dir='ltr'><strong>Evangelistae,</strong></span> <span class='ocrx_word' id='word_1_160' title='bbox 605 2148 654 2206; x_wconf 90' lang='lat' dir='ltr'><strong>ubi</strong></span> <span class='ocrx_word' id='word_1_161' title='bbox 668 2147 704 2207; x_wconf 93' lang='lat' dir='ltr'><strong>de</strong></span> <span class='ocrx_word' id='word_1_162' title='bbox 718 2148 885 2209; x_wconf 89' lang='lat' dir='ltr'><strong>hominibus</strong></span> <span class='ocrx_word' id='word_1_163' title='bbox 899 2133 1049 2225; x_wconf 85' lang='lat' dir='ltr'><strong>utriusque</strong></span> <span class='ocrx_word' id='word_1_164' title='bbox 1063 2170 1154 2210; x_wconf 90' lang='lat' dir='ltr'><strong>sexus</strong></span> <span class='ocrx_word' id='word_1_165' title='bbox 1169 2170 1270 2212; x_wconf 89' lang='lat' dir='ltr'><strong>sermo</strong></span> <span class='ocrx_word' id='word_1_166' title='bbox 1284 2162 1344 2222; x_wconf 91' lang='lat' dir='ltr'><strong>est,</strong></span> 
     </span>
     <span class='ocr_line' id='line_1_19' title="bbox 137 2245 1351 2320; baseline 0.003 -13"><span class='ocrx_word' id='word_1_167' title='bbox 137 2266 201 2307; x_wconf 78' lang='lat' dir='ltr'><strong>ec.</strong></span> <span class='ocrx_word' id='word_1_168' title='bbox 217 2247 301 2307; x_wconf 88' lang='lat' dir='ltr'><strong>Matt.</strong></span> <span class='ocrx_word' id='word_1_169' title='bbox 316 2247 398 2308; x_wconf 87' lang='lat' dir='ltr'><strong>xviii.</strong></span> <span class='ocrx_word' id='word_1_170' title='bbox 419 2251 465 2305; x_wconf 93' lang='lat' dir='ltr'><strong>ll.</strong></span> <span class='ocrx_word' id='word_1_171' title='bbox 487 2245 573 2305; x_wconf 88' lang='lat' dir='ltr'><strong>Joan.</strong></span> <span class='ocrx_word' id='word_1_172' title='bbox 595 2245 633 2304; x_wconf 87' lang='lat' dir='ltr'><strong>vi.</strong></span> <span class='ocrx_word' id='word_1_173' title='bbox 674 2247 725 2305; x_wconf 83' lang='lat' dir='ltr'><strong>Sic</strong></span> <span class='ocrx_word' id='word_1_174' title='bbox 743 2247 829 2305; x_wconf 90' lang='lat' dir='ltr'><strong>totius</strong></span> <span class='ocrx_word' id='word_1_175' title='bbox 854 2248 1006 2307; x_wconf 84' lang='lat' dir='ltr'><strong>commatis</strong></span> <span class='ocrx_word' id='word_1_176' title='bbox 1032 2266 1136 2311; x_wconf 86' lang='lat' dir='ltr'><strong>sensus</strong></span> <span class='ocrx_word' id='word_1_177' title='bbox 1164 2250 1241 2309; x_wconf 83' lang='lat' dir='ltr'><strong>erit:</strong></span> <span class='ocrx_word' id='word_1_178' title='bbox 1265 2250 1351 2320; x_wconf 86' lang='lat' dir='ltr'><strong>Tibi,</strong></span> 
     </span>
     <span class='ocr_line' id='line_1_20' title="bbox 137 2342 1350 2427; baseline 0.002 -22"><span class='ocrx_word' id='word_1_179' title='bbox 137 2346 232 2413; x_wconf 88' lang='lat' dir='ltr'><strong>Petre,</strong></span> <span class='ocrx_word' id='word_1_180' title='bbox 248 2345 409 2404; x_wconf 81' lang='lat' dir='ltr'><strong>facultatem</strong></span> <span class='ocrx_word' id='word_1_181' title='bbox 423 2342 562 2412; x_wconf 90' lang='lat' dir='ltr'><strong>concedo,</strong></span> <span class='ocrx_word' id='word_1_182' title='bbox 577 2353 643 2420; x_wconf 90' lang='lat' dir='ltr'><strong>post</strong></span> <span class='ocrx_word' id='word_1_183' title='bbox 656 2361 754 2403; x_wconf 89' lang='lat' dir='ltr'><strong>meum</strong></span> <span class='ocrx_word' id='word_1_184' title='bbox 776 2343 806 2402; x_wconf 93' lang='lat' dir='ltr'><strong>iu</strong></span> <span class='ocrx_word' id='word_1_185' title='bbox 819 2345 909 2404; x_wconf 84' lang='lat' dir='ltr'><strong>coelos</strong></span> <span class='ocrx_word' id='word_1_186' title='bbox 925 2344 1059 2416; x_wconf 88' lang='lat' dir='ltr'><strong>reditum,</strong></span> <span class='ocrx_word' id='word_1_187' title='bbox 1072 2344 1186 2407; x_wconf 84' lang='lat' dir='ltr'><strong>Judaeis</strong></span> <span class='ocrx_word' id='word_1_188' title='bbox 1200 2359 1232 2407; x_wconf 85' lang='lat' dir='ltr'><strong>ct</strong></span> <span class='ocrx_word' id='word_1_189' title='bbox 1255 2349 1350 2427; x_wconf 83' lang='lat' dir='ltr'><strong>genti·</strong></span> 
     </span>
     <span class='ocr_line' id='line_1_21' title="bbox 137 2439 864 2502; baseline -0.004 -1"><span class='ocrx_word' id='word_1_190' title='bbox 137 2442 190 2501; x_wconf 92' lang='lat' dir='ltr'><strong>bus</strong></span> <span class='ocrx_word' id='word_1_191' title='bbox 206 2443 313 2502; x_wconf 90' lang='lat' dir='ltr'><strong>aditum</strong></span> <span class='ocrx_word' id='word_1_192' title='bbox 328 2441 364 2501; x_wconf 88' lang='lat' dir='ltr'><strong>ad</strong></span> <span class='ocrx_word' id='word_1_193' title='bbox 378 2441 541 2502; x_wconf 87' lang='lat' dir='ltr'><strong>Ecclesiam</strong></span> <span class='ocrx_word' id='word_1_194' title='bbox 555 2459 648 2499; x_wconf 91' lang='lat' dir='ltr'><strong>meam</strong></span> <span class='ocrx_word' id='word_1_195' title='bbox 665 2439 864 2500; x_wconf 88' lang='lat' dir='ltr'><strong>reserandi.”¹</strong></span> 
     </span>
    </p>

    <p class='ocr_par' dir='ltr' id='par_1_6' title="bbox 132 2536 1347 4074">
     <span class='ocr_line' id='line_1_22' title="bbox 177 2536 1347 2616; baseline 0.006 -22"><span class='ocrx_word' id='word_1_196' title='bbox 177 2537 265 2616; x_wconf 78' lang='lat' dir='ltr'><strong>Hesp.</strong></span> <span class='ocrx_word' id='word_1_197' title='bbox 288 2540 404 2596; x_wconf 85' lang='lat' dir='ltr'><strong>Frustra</strong></span> <span class='ocrx_word' id='word_1_198' title='bbox 417 2549 536 2596; x_wconf 90' lang='lat' dir='ltr'><strong>conatur</strong></span> <span class='ocrx_word' id='word_1_199' title='bbox 556 2536 759 2595; x_wconf 86' lang='lat' dir='ltr'><strong>Rosenmiiller</strong></span> <span class='ocrx_word' id='word_1_200' title='bbox 780 2539 864 2594; x_wconf 88' lang='lat' dir='ltr'><strong>verba</strong></span> <span class='ocrx_word' id='word_1_201' title='bbox 886 2537 995 2596; x_wconf 83' lang='lat' dir='ltr'><strong>Christi</strong></span> <span class='ocrx_word' id='word_1_202' title='bbox 1018 2539 1105 2598; x_wconf 91' lang='lat' dir='ltr'><strong>Petro</strong></span> <span class='ocrx_word' id='word_1_203' title='bbox 1127 2539 1205 2599; x_wconf 91' lang='lat' dir='ltr'><strong>dicta</strong></span> <span class='ocrx_word' id='word_1_204' title='bbox 1225 2541 1261 2600; x_wconf 91' lang='lat' dir='ltr'><strong>de</strong></span> <span class='ocrx_word' id='word_1_205' title='bbox 1285 2542 1347 2602; x_wconf 89' lang='lat' dir='ltr'><strong>sola</strong></span> 
     </span>
     <span class='ocr_line' id='line_1_23' title="bbox 136 2633 1343 2714; baseline 0.003 -21"><span class='ocrx_word' id='word_1_206' title='bbox 136 2637 267 2694; x_wconf 85' lang='lat' dir='ltr'><strong>facultate</strong></span> <span class='ocrx_word' id='word_1_207' title='bbox 293 2635 400 2692; x_wconf 89' lang='lat' dir='ltr'><strong>aditum</strong></span> <span class='ocrx_word' id='word_1_208' title='bbox 426 2634 565 2692; x_wconf 70' lang='lat' dir='ltr'><strong>Ecclesiae</strong></span> <span class='ocrx_word' id='word_1_209' title='bbox 591 2633 790 2709; x_wconf 85' lang='lat' dir='ltr'><strong>patefaciendi‚</strong></span> <span class='ocrx_word' id='word_1_210' title='bbox 817 2635 861 2692; x_wconf 89' lang='lat' dir='ltr'><strong>vel</strong></span> <span class='ocrx_word' id='word_1_211' title='bbox 887 2635 1036 2693; x_wconf 90' lang='lat' dir='ltr'><strong>claudendi</strong></span> <span class='ocrx_word' id='word_1_212' title='bbox 1060 2638 1259 2714; x_wconf 82' lang='lat' dir='ltr'><strong>interpretari3</strong></span> <span class='ocrx_word' id='word_1_213' title='bbox 1277 2649 1343 2697; x_wconf 89' lang='lat' dir='ltr'><strong>sunt</strong></span> 
     </span>
     <span class='ocr_line' id='line_1_24' title="bbox 136 2724 1342 2807; baseline 0.007 -19"><span class='ocrx_word' id='word_1_214' title='bbox 136 2733 214 2789; x_wconf 88' lang='lat' dir='ltr'><strong>enirn</strong></span> <span class='ocrx_word' id='word_1_215' title='bbox 229 2732 412 2806; x_wconf 81' lang='lat' dir='ltr'><strong>amplissimas</strong></span> <span class='ocrx_word' id='word_1_216' title='bbox 427 2731 654 2807; x_wconf 86' lang='lat' dir='ltr'><strong>significationis,</strong></span> <span class='ocrx_word' id='word_1_217' title='bbox 670 2742 698 2787; x_wconf 88' lang='lat' dir='ltr'><strong>et</strong></span> <span class='ocrx_word' id='word_1_218' title='bbox 719 2749 804 2788; x_wconf 89' lang='lat' dir='ltr'><strong>omne</strong></span> <span class='ocrx_word' id='word_1_219' title='bbox 819 2724 998 2790; x_wconf 80' lang='lat' dir='ltr'><strong>auctoritatis</strong></span> <span class='ocrx_word' id='word_1_220' title='bbox 1013 2734 1220 2794; x_wconf 80' lang='lat' dir='ltr'><strong>ecclesiastIcae</strong></span> <span class='ocrx_word' id='word_1_221' title='bbox 1236 2738 1342 2797; x_wconf 83' lang='lat' dir='ltr'><strong>exerci-</strong></span> 
     </span>
     <span class='ocr_line' id='line_1_25' title="bbox 135 2827 1338 2911; baseline 0.006 -23"><span class='ocrx_word' id='word_1_222' title='bbox 135 2832 205 2888; x_wconf 87' lang='lat' dir='ltr'><strong>tium</strong></span> <span class='ocrx_word' id='word_1_223' title='bbox 221 2830 455 2904; x_wconf 87' lang='lat' dir='ltr'><strong>complectuntur.</strong></span> <span class='ocrx_word' id='word_1_224' title='bbox 498 2827 642 2900; x_wconf 88' lang='lat' dir='ltr'><strong>Equidem</strong></span> <span class='ocrx_word' id='word_1_225' title='bbox 662 2828 739 2885; x_wconf 92' lang='lat' dir='ltr'><strong>nulla</strong></span> <span class='ocrx_word' id='word_1_226' title='bbox 759 2838 803 2885; x_wconf 87' lang='lat' dir='ltr'><strong>est</strong></span> <span class='ocrx_word' id='word_1_227' title='bbox 824 2831 894 2888; x_wconf 82' lang='lat' dir='ltr'><strong>ratio</strong></span> <span class='ocrx_word' id='word_1_228' title='bbox 909 2850 958 2889; x_wconf 88' lang='lat' dir='ltr'><strong>cur</strong></span> <span class='ocrx_word' id='word_1_229' title='bbox 979 2831 1074 2890; x_wconf 90' lang='lat' dir='ltr'><strong>claves</strong></span> <span class='ocrx_word' id='word_1_230' title='bbox 1096 2835 1180 2911; x_wconf 86' lang='lat' dir='ltr'><strong>regui</strong></span> <span class='ocrx_word' id='word_1_231' title='bbox 1203 2837 1338 2894; x_wconf 86' lang='lat' dir='ltr'><strong>caelorum</strong></span> 
     </span>
     <span class='ocr_line' id='line_1_26' title="bbox 135 2924 1336 3001; baseline 0.006 -17"><span class='ocrx_word' id='word_1_232' title='bbox 135 2927 171 2984; x_wconf 91' lang='lat' dir='ltr'><strong>de</strong></span> <span class='ocrx_word' id='word_1_233' title='bbox 186 2926 319 2983; x_wconf 89' lang='lat' dir='ltr'><strong>Ecclesia</strong></span> <span class='ocrx_word' id='word_1_234' title='bbox 335 2929 362 2982; x_wconf 91' lang='lat' dir='ltr'><strong>in</strong></span> <span class='ocrx_word' id='word_1_235' title='bbox 378 2927 458 2983; x_wconf 89' lang='lat' dir='ltr'><strong>terris</strong></span> <span class='ocrx_word' id='word_1_236' title='bbox 474 2937 580 2982; x_wconf 87' lang='lat' dir='ltr'><strong>tanturn</strong></span> <span class='ocrx_word' id='word_1_237' title='bbox 596 2924 786 3001; x_wconf 85' lang='lat' dir='ltr'><strong>intelligendae</strong></span> <span class='ocrx_word' id='word_1_238' title='bbox 802 2928 868 2995; x_wconf 89' lang='lat' dir='ltr'><strong>sint,</strong></span> <span class='ocrx_word' id='word_1_239' title='bbox 894 2948 981 3001; x_wconf 89' lang='lat' dir='ltr'><strong>quum</strong></span> <span class='ocrx_word' id='word_1_240' title='bbox 998 2930 1026 2985; x_wconf 90' lang='lat' dir='ltr'><strong>vi</strong></span> <span class='ocrx_word' id='word_1_241' title='bbox 1048 2949 1101 2987; x_wconf 89' lang='lat' dir='ltr'><strong>sua</strong></span> <span class='ocrx_word' id='word_1_242' title='bbox 1121 2933 1210 2989; x_wconf 90' lang='lat' dir='ltr'><strong>obvia</strong></span> <span class='ocrx_word' id='word_1_243' title='bbox 1226 2933 1336 2991; x_wconf 88' lang='lat' dir='ltr'><strong>caeleste</strong></span> 
     </span>
     <span class='ocr_line' id='line_1_27' title="bbox 134 3023 1337 3100; baseline 0.007 -19"><span class='ocrx_word' id='word_1_244' title='bbox 134 3043 253 3100; x_wconf 88' lang='lat' dir='ltr'><strong>regnum</strong></span> <span class='ocrx_word' id='word_1_245' title='bbox 277 3024 437 3099; x_wconf 85' lang='lat' dir='ltr'><strong>respiciant,</strong></span> <span class='ocrx_word' id='word_1_246' title='bbox 452 3033 481 3079; x_wconf 92' lang='lat' dir='ltr'><strong>et</strong></span> <span class='ocrx_word' id='word_1_247' title='bbox 495 3023 610 3079; x_wconf 86' lang='lat' dir='ltr'><strong>nonnisi</strong></span> <span class='ocrx_word' id='word_1_248' title='bbox 625 3024 661 3079; x_wconf 91' lang='lat' dir='ltr'><strong>ob</strong></span> <span class='ocrx_word' id='word_1_249' title='bbox 682 3023 900 3084; x_wconf 88' lang='lat' dir='ltr'><strong>similitudinem</strong></span> <span class='ocrx_word' id='word_1_250' title='bbox 922 3026 1076 3099; x_wconf 87' lang='lat' dir='ltr'><strong>quamdam</strong></span> <span class='ocrx_word' id='word_1_251' title='bbox 1099 3039 1127 3086; x_wconf 91' lang='lat' dir='ltr'><strong>et</strong></span> <span class='ocrx_word' id='word_1_252' title='bbox 1151 3030 1337 3097; x_wconf 87' lang='lat' dir='ltr'><strong>relationem,</strong></span> 
     </span>
     <span class='ocr_line' id='line_1_28' title="bbox 134 3118 1332 3206; baseline 0.005 -26"><span class='ocrx_word' id='word_1_253' title='bbox 134 3122 296 3181; x_wconf 86' lang='lat' dir='ltr'><strong>Ecclesiam</strong></span> <span class='ocrx_word' id='word_1_254' title='bbox 311 3141 374 3195; x_wconf 86' lang='lat' dir='ltr'><strong>quae</strong></span> <span class='ocrx_word' id='word_1_255' title='bbox 390 3121 417 3178; x_wconf 91' lang='lat' dir='ltr'><strong>in</strong></span> <span class='ocrx_word' id='word_1_256' title='bbox 433 3120 513 3177; x_wconf 88' lang='lat' dir='ltr'><strong>terris</strong></span> <span class='ocrx_word' id='word_1_257' title='bbox 534 3131 669 3176; x_wconf 88' lang='lat' dir='ltr'><strong>versatur.</strong></span> <span class='ocrx_word' id='word_1_258' title='bbox 712 3118 786 3177; x_wconf 89' lang='lat' dir='ltr'><strong>Data</strong></span> <span class='ocrx_word' id='word_1_259' title='bbox 807 3123 892 3198; x_wconf 82' lang='lat' dir='ltr'><strong>igilur</strong></span> <span class='ocrx_word' id='word_1_260' title='bbox 913 3136 957 3182; x_wconf 92' lang='lat' dir='ltr'><strong>est</strong></span> <span class='ocrx_word' id='word_1_261' title='bbox 979 3125 1065 3182; x_wconf 83' lang='lat' dir='ltr'><strong>Petro</strong></span> <span class='ocrx_word' id='word_1_262' title='bbox 1091 3125 1215 3185; x_wconf 83' lang='lat' dir='ltr'><strong>facultas</strong></span> <span class='ocrx_word' id='word_1_263' title='bbox 1241 3129 1332 3206; x_wconf 90' lang='lat' dir='ltr'><strong>ipsum</strong></span> 
     </span>
     <span class='ocr_line' id='line_1_29' title="bbox 133 3215 1331 3293; baseline 0.003 -15"><span class='ocrx_word' id='word_1_264' title='bbox 133 3221 270 3278; x_wconf 89' lang='lat' dir='ltr'><strong>coelorum</strong></span> <span class='ocrx_word' id='word_1_265' title='bbox 294 3219 400 3276; x_wconf 88' lang='lat' dir='ltr'><strong>aditum</strong></span> <span class='ocrx_word' id='word_1_266' title='bbox 424 3215 621 3293; x_wconf 84' lang='lat' dir='ltr'><strong>patefaciendi,</strong></span> <span class='ocrx_word' id='word_1_267' title='bbox 637 3215 719 3292; x_wconf 85' lang='lat' dir='ltr'><strong>cujus</strong></span> <span class='ocrx_word' id='word_1_268' title='bbox 745 3221 892 3293; x_wconf 78' lang='lat' dir='ltr'><strong>potestatis</strong></span> <span class='ocrx_word' id='word_1_269' title='bbox 920 3222 1090 3279; x_wconf 83' lang='lat' dir='ltr'><strong>exercitium</strong></span> <span class='ocrx_word' id='word_1_270' title='bbox 1119 3223 1221 3283; x_wconf 84' lang='lat' dir='ltr'><strong>videre</strong></span> <span class='ocrx_word' id='word_1_271' title='bbox 1244 3236 1287 3282; x_wconf 88' lang='lat' dir='ltr'><strong>est</strong></span> <span class='ocrx_word' id='word_1_272' title='bbox 1306 3225 1331 3281; x_wconf 93' lang='lat' dir='ltr'><strong>in</strong></span> 
     </span>
     <span class='ocr_line' id='line_1_30' title="bbox 135 3313 1333 3397; baseline 0.003 -23"><span class='ocrx_word' id='word_1_273' title='bbox 135 3317 259 3394; x_wconf 90' lang='lat' dir='ltr'><strong>peccatis</strong></span> <span class='ocrx_word' id='word_1_274' title='bbox 284 3315 469 3381; x_wconf 87' lang='lat' dir='ltr'><strong>remittendis,</strong></span> <span class='ocrx_word' id='word_1_275' title='bbox 496 3313 599 3388; x_wconf 90' lang='lat' dir='ltr'><strong>quibus</strong></span> <span class='ocrx_word' id='word_1_276' title='bbox 621 3324 765 3386; x_wconf 89' lang='lat' dir='ltr'><strong>tamquam</strong></span> <span class='ocrx_word' id='word_1_277' title='bbox 786 3317 930 3393; x_wconf 86' lang='lat' dir='ltr'><strong>repagulis</strong></span> <span class='ocrx_word' id='word_1_278' title='bbox 952 3317 1122 3376; x_wconf 89' lang='lat' dir='ltr'><strong>clauduntur</strong></span> <span class='ocrx_word' id='word_1_279' title='bbox 1141 3321 1252 3397; x_wconf 79' lang='lat' dir='ltr'><strong>janum.</strong></span> <span class='ocrx_word' id='word_1_280' title='bbox 1292 3320 1333 3379; x_wconf 91' lang='lat' dir='ltr'><strong>De</strong></span> 
     </span>
     <span class='ocr_line' id='line_1_31' title="bbox 133 3411 1331 3491; baseline 0.001 -19"><span class='ocrx_word' id='word_1_281' title='bbox 133 3414 240 3491; x_wconf 83' lang='lat' dir='ltr'><strong>ligandi</strong></span> <span class='ocrx_word' id='word_1_282' title='bbox 255 3425 283 3472; x_wconf 89' lang='lat' dir='ltr'><strong>et</strong></span> <span class='ocrx_word' id='word_1_283' title='bbox 297 3412 426 3472; x_wconf 87' lang='lat' dir='ltr'><strong>solvendi</strong></span> <span class='ocrx_word' id='word_1_284' title='bbox 441 3411 615 3488; x_wconf 85' lang='lat' dir='ltr'><strong>metaphora,</strong></span> <span class='ocrx_word' id='word_1_285' title='bbox 633 3422 715 3486; x_wconf 87' lang='lat' dir='ltr'><strong>prout</strong></span> <span class='ocrx_word' id='word_1_286' title='bbox 729 3411 763 3468; x_wconf 89' lang='lat' dir='ltr'><strong>ad</strong></span> <span class='ocrx_word' id='word_1_287' title='bbox 781 3413 875 3470; x_wconf 84' lang='lat' dir='ltr'><strong>claves</strong></span> <span class='ocrx_word' id='word_1_288' title='bbox 889 3414 1016 3481; x_wconf 90' lang='lat' dir='ltr'><strong>refertur,</strong></span> <span class='ocrx_word' id='word_1_289' title='bbox 1030 3415 1108 3474; x_wconf 91' lang='lat' dir='ltr'><strong>haud</strong></span> <span class='ocrx_word' id='word_1_290' title='bbox 1126 3436 1230 3475; x_wconf 90' lang='lat' dir='ltr'><strong>sumus</strong></span> <span class='ocrx_word' id='word_1_291' title='bbox 1245 3417 1331 3476; x_wconf 89' lang='lat' dir='ltr'><strong>solici-</strong></span> 
     </span>
     <span class='ocr_line' id='line_1_32' title="bbox 133 3507 1325 3591; baseline 0 -23"><span class='ocrx_word' id='word_1_292' title='bbox 133 3513 236 3578; x_wconf 87' lang='lat' dir='ltr'><strong>tiores;</strong></span> <span class='ocrx_word' id='word_1_293' title='bbox 259 3528 438 3583; x_wconf 88' lang='lat' dir='ltr'><strong>quacumque</strong></span> <span class='ocrx_word' id='word_1_294' title='bbox 453 3509 529 3566; x_wconf 91' lang='lat' dir='ltr'><strong>enim</strong></span> <span class='ocrx_word' id='word_1_295' title='bbox 545 3508 653 3564; x_wconf 86' lang='lat' dir='ltr'><strong>ratione</strong></span> <span class='ocrx_word' id='word_1_296' title='bbox 668 3507 848 3583; x_wconf 77' lang='lat' dir='ltr'><strong>intelligatur,</strong></span> <span class='ocrx_word' id='word_1_297' title='bbox 865 3520 991 3585; x_wconf 87' lang='lat' dir='ltr'><strong>potestas</strong></span> <span class='ocrx_word' id='word_1_298' title='bbox 1010 3510 1169 3572; x_wconf 86' lang='lat' dir='ltr'><strong>affirmatur</strong></span> <span class='ocrx_word' id='word_1_299' title='bbox 1187 3511 1325 3591; x_wconf 86' lang='lat' dir='ltr'><strong>aperiendi</strong></span> 
     </span>
     <span class='ocr_line' id='line_1_33' title="bbox 133 3604 1326 3685; baseline 0.001 -20"><span class='ocrx_word' id='word_1_300' title='bbox 133 3609 231 3673; x_wconf 87' lang='lat' dir='ltr'><strong>coelos,</strong></span> <span class='ocrx_word' id='word_1_301' title='bbox 247 3609 295 3680; x_wconf 93' lang='lat' dir='ltr'><strong>qui</strong></span> <span class='ocrx_word' id='word_1_302' title='bbox 311 3608 450 3685; x_wconf 89' lang='lat' dir='ltr'><strong>peccatori</strong></span> <span class='ocrx_word' id='word_1_303' title='bbox 466 3607 521 3664; x_wconf 89' lang='lat' dir='ltr'><strong>nisi</strong></span> <span class='ocrx_word' id='word_1_304' title='bbox 536 3604 662 3662; x_wconf 87' lang='lat' dir='ltr'><strong>remissis</strong></span> <span class='ocrx_word' id='word_1_305' title='bbox 678 3606 802 3680; x_wconf 90' lang='lat' dir='ltr'><strong>peccatis</strong></span> <span class='ocrx_word' id='word_1_306' title='bbox 819 3619 963 3680; x_wconf 88' lang='lat' dir='ltr'><strong>nequeunt</strong></span> <span class='ocrx_word' id='word_1_307' title='bbox 979 3618 1084 3683; x_wconf 85' lang='lat' dir='ltr'><strong>patere.</strong></span> <span class='ocrx_word' id='word_1_308' title='bbox 1117 3612 1183 3670; x_wconf 88' lang='lat' dir='ltr'><strong>Nec</strong></span> <span class='ocrx_word' id='word_1_309' title='bbox 1201 3612 1326 3670; x_wconf 86' lang='lat' dir='ltr'><strong>diffitetur</strong></span> 
     </span>
     <span class='ocr_line' id='line_1_34' title="bbox 134 3700 1332 3783; baseline 0.004 -23"><span class='ocrx_word' id='word_1_310' title='bbox 134 3706 197 3779; x_wconf 89' lang='lat' dir='ltr'><strong>ipse</strong></span> <span class='ocrx_word' id='word_1_311' title='bbox 212 3705 414 3763; x_wconf 85' lang='lat' dir='ltr'><strong>llosenmiillsr</strong></span> <span class='ocrx_word' id='word_1_312' title='bbox 427 3712 487 3763; x_wconf 76' lang='grc' dir='ltr'>δέειν</span> <span class='ocrx_word' id='word_1_313' title='bbox 502 3715 530 3760; x_wconf 89' lang='lat' dir='ltr'><strong>et</strong></span> <span class='ocrx_word' id='word_1_314' title='bbox 542 3703 607 3756; x_wconf 75' lang='lat' dir='ltr'><strong>nisu</strong></span> <span class='ocrx_word' id='word_1_315' title='bbox 621 3700 656 3758; x_wconf 92' lang='lat' dir='ltr'><strong>dc</strong></span> <span class='ocrx_word' id='word_1_316' title='bbox 678 3705 809 3778; x_wconf 90' lang='lat' dir='ltr'><strong>personis</strong></span> <span class='ocrx_word' id='word_1_317' title='bbox 825 3720 1003 3783; x_wconf 87' lang='lat' dir='ltr'><strong>usurpatum,</strong></span> <span class='ocrx_word' id='word_1_318' title='bbox 1024 3706 1171 3766; x_wconf 87' lang='lat' dir='ltr'><strong>interdum</strong></span> <span class='ocrx_word' id='word_1_319' title='bbox 1183 3728 1250 3768; x_wconf 89' lang='lat' dir='ltr'><strong>esse</strong></span> <span class='ocrx_word' id='word_1_320' title='bbox 1261 3723 1332 3767; x_wconf 83' lang='lat' dir='ltr'><strong>reum</strong></span> 
     </span>
     <span class='ocr_line' id='line_1_35' title="bbox 133 3796 1327 3864; baseline 0.003 -7"><span class='ocrx_word' id='word_1_321' title='bbox 133 3798 281 3857; x_wconf 81' lang='lat' dir='ltr'><strong>declarare</strong></span> <span class='ocrx_word' id='word_1_322' title='bbox 295 3812 322 3858; x_wconf 88' lang='lat' dir='ltr'><strong>et</strong></span> <span class='ocrx_word' id='word_1_323' title='bbox 336 3801 492 3860; x_wconf 81' lang='lat' dir='ltr'><strong>absolvere.</strong></span> <span class='ocrx_word' id='word_1_324' title='bbox 535 3800 584 3856; x_wconf 83' lang='lat' dir='ltr'><strong>Sic</strong></span> <span class='ocrx_word' id='word_1_325' title='bbox 599 3796 761 3858; x_wconf 71' lang='lat' dir='ltr'><strong>Melanthius</strong></span> <span class='ocrx_word' id='word_1_326' title='bbox 775 3821 813 3859; x_wconf 85' lang='lat' dir='ltr'><strong>cx</strong></span> <span class='ocrx_word' id='word_1_327' title='bbox 837 3803 965 3861; x_wconf 87' lang='lat' dir='ltr'><strong>Diodoro</strong></span> <span class='ocrx_word' id='word_1_328' title='bbox 991 3804 1092 3864; x_wconf 88' lang='lat' dir='ltr'><strong>Siculo</strong></span> <span class='ocrx_word' id='word_1_329' title='bbox 1115 3807 1211 3864; x_wconf 86' lang='lat' dir='ltr'><strong>attulit</strong></span> <span class='ocrx_word' id='word_1_330' title='bbox 1232 3807 1327 3864; x_wconf 86' lang='lat' dir='ltr'><strong>verba:</strong></span> 
     </span>
     <span class='ocr_line' id='line_1_36' title="bbox 132 3893 1325 3981; baseline 0.008 -31"><span class='ocrx_word' id='word_1_331' title='bbox 132 3902 177 3952; x_wconf 76' lang='lat' dir='ltr'><strong>tec</strong></span> <span class='ocrx_word' id='word_1_332' title='bbox 187 3900 234 3966; x_wconf 77' lang='grc' dir='ltr'><strong>ἐγὼ</strong></span> <span class='ocrx_word' id='word_1_333' title='bbox 246 3895 309 3965; x_wconf 68' lang='grc' dir='ltr'><em>δήσω</em></span> <span class='ocrx_word' id='word_1_334' title='bbox 321 3902 381 3960; x_wconf 64' lang='lat' dir='ltr'><strong>scats</strong></span> <span class='ocrx_word' id='word_1_335' title='bbox 392 3900 491 3955; x_wconf 73' lang='lat' dir='ltr'><strong>obverse</strong></span> <span class='ocrx_word' id='word_1_336' title='bbox 502 3903 582 3956; x_wconf 67' lang='lat' dir='ltr'><strong>rbem.</strong></span> <span class='ocrx_word' id='word_1_337' title='bbox 597 3896 616 3952; x_wconf 88' lang='lat' dir='ltr'><strong>i.</strong></span> <span class='ocrx_word' id='word_1_338' title='bbox 629 3915 656 3952; x_wconf 88' lang='lat' dir='ltr'><strong>e.</strong></span> <span class='ocrx_word' id='word_1_339' title='bbox 672 3915 872 3976; x_wconf 77' lang='lat' dir='ltr'><strong>quoscumque</strong></span> <span class='ocrx_word' id='word_1_340' title='bbox 887 3919 941 3978; x_wconf 80' lang='lat' dir='ltr'><strong>ego</strong></span> <span class='ocrx_word' id='word_1_341' title='bbox 957 3903 1064 3961; x_wconf 79' lang='lat' dir='ltr'><strong>noxios</strong></span> <span class='ocrx_word' id='word_1_342' title='bbox 1080 3893 1325 3981; x_wconf 74' lang='lat' dir='ltr'><strong>procuracionem,</strong></span> 
     </span>
     <span class='ocr_line' id='line_1_37' title="bbox 134 3984 1326 4074; baseline 0.013 -33"><span class='ocrx_word' id='word_1_343' title='bbox 134 4002 218 4042; x_wconf 77' lang='lat' dir='ltr'><strong>tremo</strong></span> <span class='ocrx_word' id='word_1_344' title='bbox 240 3984 397 4055; x_wconf 83' lang='lat' dir='ltr'><strong>absolvere,</strong></span> <span class='ocrx_word' id='word_1_345' title='bbox 413 3995 467 4045; x_wconf 85' lang='lat' dir='ltr'><strong>out</strong></span> <span class='ocrx_word' id='word_1_346' title='bbox 481 4008 500 4047; x_wconf 90' lang='lat' dir='ltr'><strong>a</strong></span> <span class='ocrx_word' id='word_1_347' title='bbox 519 4008 600 4049; x_wconf 79' lang='lat' dir='ltr'><strong>noae</strong></span> <span class='ocrx_word' id='word_1_348' title='bbox 622 3991 771 4052; x_wconf 81' lang='lat' dir='ltr'><strong>immunes</strong></span> <span class='ocrx_word' id='word_1_349' title='bbox 783 3996 926 4074; x_wconf 83' lang='lat' dir='ltr'><strong>judicare</strong></span> <span class='ocrx_word' id='word_1_350' title='bbox 948 3999 1142 4059; x_wconf 81' lang='lat' dir='ltr'><strong>sustinebit.’&#39;</strong></span> <span class='ocrx_word' id='word_1_351' title='bbox 1184 4000 1326 4061; x_wconf 82' lang='lat' dir='ltr'><strong>Absolutis</strong></span> 
     </span>
    </p>
   </div>
   <div class='ocr_carea' id='block_1_5' title="bbox 132 4085 1329 4256">
    <p class='ocr_par' dir='ltr' id='par_1_7' title="bbox 132 4085 1329 4256">
     <span class='ocr_line' id='line_1_38' title="bbox 132 4085 1329 4177; baseline 0.014 -37"><span class='ocrx_word' id='word_1_352' title='bbox 132 4092 226 4140; x_wconf 88' lang='lat' dir='ltr'><strong>autem</strong></span> <span class='ocrx_word' id='word_1_353' title='bbox 252 4100 314 4154; x_wconf 87' lang='lat' dir='ltr'><strong>quac</strong></span> <span class='ocrx_word' id='word_1_354' title='bbox 338 4095 396 4140; x_wconf 88' lang='lat' dir='ltr'><strong>rata</strong></span> <span class='ocrx_word' id='word_1_355' title='bbox 420 4085 550 4145; x_wconf 90' lang='lat' dir='ltr'><strong>habenda</strong></span> <span class='ocrx_word' id='word_1_356' title='bbox 571 4098 615 4146; x_wconf 90' lang='lat' dir='ltr'><strong>est</strong></span> <span class='ocrx_word' id='word_1_357' title='bbox 639 4091 669 4148; x_wconf 92' lang='lat' dir='ltr'><strong>in</strong></span> <span class='ocrx_word' id='word_1_358' title='bbox 690 4093 780 4161; x_wconf 84' lang='lat' dir='ltr'><strong>coelis,</strong></span> <span class='ocrx_word' id='word_1_359' title='bbox 804 4097 896 4170; x_wconf 90' lang='lat' dir='ltr'><strong>ipsam</strong></span> <span class='ocrx_word' id='word_1_360' title='bbox 921 4097 1124 4157; x_wconf 88' lang='lat' dir='ltr'><strong>remissionem</strong></span> <span class='ocrx_word' id='word_1_361' title='bbox 1152 4114 1329 4177; x_wconf 89' lang='lat' dir='ltr'><strong>peccatorum</strong></span> 
     </span>
     <span class='ocr_line' id='line_1_39' title="bbox 141 4189 266 4256; baseline -0.008 -20"><span class='ocrx_word' id='word_1_362' title='bbox 141 4189 266 4256; x_wconf 84' lang='lat' dir='ltr'><strong>praestat.</strong></span> 
     </span>
    </p>
   </div>
   <div class='ocr_carea' id='block_1_6' title="bbox 132 4273 1336 4582">
    <p class='ocr_par' dir='ltr' id='par_1_8' title="bbox 132 4273 1336 4582">
     <span class='ocr_line' id='line_1_40' title="bbox 171 4273 1330 4366; baseline 0.014 -34"><span class='ocrx_word' id='word_1_363' title='bbox 171 4279 220 4332; x_wconf 77' lang='grc'><strong>24.</strong></span> <span class='ocrx_word' id='word_1_364' title='bbox 247 4273 312 4351; x_wconf 79' lang='lat' dir='ltr'><strong>Obj.</strong></span> <span class='ocrx_word' id='word_1_365' title='bbox 329 4279 357 4330; x_wconf 79' lang='lat'><strong>2.</strong></span> <span class='ocrx_word' id='word_1_366' title='bbox 381 4277 499 4335; x_wconf 82' lang='lat' dir='ltr'><strong>“Multi</strong></span> <span class='ocrx_word' id='word_1_367' title='bbox 526 4282 609 4337; x_wconf 81' lang='lat' dir='ltr'><strong>verba</strong></span> <span class='ocrx_word' id='word_1_368' title='bbox 622 4288 683 4341; x_wconf 81' lang='grc' dir='ltr'>δέειν</span> <span class='ocrx_word' id='word_1_369' title='bbox 697 4294 726 4342; x_wconf 79' lang='lat' dir='ltr'><strong>ei</strong></span> <span class='ocrx_word' id='word_1_370' title='bbox 745 4289 810 4338; x_wconf 79' lang='grc' dir='ltr'><strong>λύειν</strong></span> <span class='ocrx_word' id='word_1_371' title='bbox 833 4289 978 4366; x_wconf 77' lang='lat' dir='ltr'><strong>accipiunt</strong></span> <span class='ocrx_word' id='word_1_372' title='bbox 1002 4288 1037 4347; x_wconf 84' lang='lat' dir='ltr'><strong>de</strong></span> <span class='ocrx_word' id='word_1_373' title='bbox 1060 4292 1124 4349; x_wconf 89' lang='lat' dir='ltr'><strong>sola</strong></span> <span class='ocrx_word' id='word_1_374' title='bbox 1153 4291 1282 4352; x_wconf 80' lang='lat' dir='ltr'><strong>doctrina</strong></span> <span class='ocrx_word' id='word_1_375' title='bbox 1300 4292 1330 4350; x_wconf 84' lang='lat' dir='ltr'><strong>ab</strong></span> 
     </span>
     <span class='ocr_line' id='line_1_41' title="bbox 133 4371 1334 4470; baseline 0.017 -44"><span class='ocrx_word' id='word_1_376' title='bbox 133 4371 280 4445; x_wconf 81' lang='lat' dir='ltr'><strong>Apostolis</strong></span> <span class='ocrx_word' id='word_1_377' title='bbox 296 4371 519 4441; x_wconf 87' lang='lat' dir='ltr'><strong>determinanda,</strong></span> <span class='ocrx_word' id='word_1_378' title='bbox 537 4379 582 4434; x_wconf 87' lang='lat' dir='ltr'><strong>vcl</strong></span> <span class='ocrx_word' id='word_1_379' title='bbox 596 4379 696 4438; x_wconf 87' lang='lat' dir='ltr'><strong>saltem</strong></span> <span class='ocrx_word' id='word_1_380' title='bbox 710 4381 746 4440; x_wconf 86' lang='lat' dir='ltr'><strong>de</strong></span> <span class='ocrx_word' id='word_1_381' title='bbox 762 4387 911 4462; x_wconf 66' lang='lat' dir='ltr'><strong>praeceptis</strong></span> <span class='ocrx_word' id='word_1_382' title='bbox 926 4397 955 4444; x_wconf 89' lang='lat' dir='ltr'><strong>et</strong></span> <span class='ocrx_word' id='word_1_383' title='bbox 968 4388 1140 4447; x_wconf 85' lang='lat' dir='ltr'><strong>interdictis.</strong></span> <span class='ocrx_word' id='word_1_384' title='bbox 1166 4391 1233 4450; x_wconf 89' lang='lat' dir='ltr'><strong>Nec</strong></span> <span class='ocrx_word' id='word_1_385' title='bbox 1246 4380 1334 4470; x_wconf 75' lang='lat' dir='ltr'><strong>hatest</strong></span> 
     </span>
     <span class='ocr_line' id='line_1_42' title="bbox 132 4469 1336 4582; baseline 0.02 -58"><span class='ocrx_word' id='word_1_386' title='bbox 132 4469 229 4544; x_wconf 79' lang='lat' dir='ltr'><strong>negati</strong></span> <span class='ocrx_word' id='word_1_387' title='bbox 243 4487 329 4526; x_wconf 89' lang='lat' dir='ltr'><strong>voces</strong></span> <span class='ocrx_word' id='word_1_388' title='bbox 345 4469 472 4528; x_wconf 85' lang='lat' dir='ltr'><strong>hebraeas</strong></span> <span class='ocrx_word' id='word_1_389' title='bbox 486 4486 572 4570; x_wconf 51' lang='lat' dir='ltr'><strong>&#39;mg</strong></span> <span class='ocrx_word' id='word_1_390' title='bbox 597 4490 700 4582; x_wconf 52' lang='lat' dir='ltr'><strong>mppr,</strong></span> <span class='ocrx_word' id='word_1_391' title='bbox 716 4483 819 4553; x_wconf 89' lang='lat' dir='ltr'><strong>quibus</strong></span> <span class='ocrx_word' id='word_1_392' title='bbox 833 4484 1010 4561; x_wconf 88' lang='lat' dir='ltr'><strong>respondent</strong></span> <span class='ocrx_word' id='word_1_393' title='bbox 1026 4486 1138 4546; x_wconf 85' lang='lat' dir='ltr'><strong>Graecae</strong></span> <span class='ocrx_word' id='word_1_394' title='bbox 1153 4489 1219 4546; x_wconf 73' lang='grc' dir='ltr'>δέειν</span> <span class='ocrx_word' id='word_1_395' title='bbox 1234 4502 1263 4550; x_wconf 91' lang='lat' dir='ltr'><strong>et</strong></span> <span class='ocrx_word' id='word_1_396' title='bbox 1278 4495 1336 4550; x_wconf 69' lang='lat' dir='ltr'><strong>abac</strong></span> 
     </span>
    </p>
   </div>
   <div class='ocr_carea' id='block_1_7' title="bbox 465 4671 931 4737">
    <p class='ocr_par' dir='ltr' id='par_1_9' title="bbox 465 4671 931 4737">
     <span class='ocr_line' id='line_1_43' title="bbox 465 4671 931 4737; baseline 0.024 -20"><span class='ocrx_word' id='word_1_397' title='bbox 465 4672 507 4737; x_wconf 86' lang='lat'><strong>(1)</strong></span> <span class='ocrx_word' id='word_1_398' title='bbox 527 4671 697 4726; x_wconf 85' lang='lat' dir='ltr'><strong>Roscnmuller</strong></span> <span class='ocrx_word' id='word_1_399' title='bbox 707 4677 734 4726; x_wconf 92' lang='lat' dir='ltr'><strong>in</strong></span> <span class='ocrx_word' id='word_1_400' title='bbox 746 4676 816 4728; x_wconf 87' lang='lat' dir='ltr'><strong>Matt.</strong></span> <span class='ocrx_word' id='word_1_401' title='bbox 827 4678 877 4729; x_wconf 81' lang='lat' dir='ltr'><strong>xvi.</strong></span> <span class='ocrx_word' id='word_1_402' title='bbox 892 4681 931 4728; x_wconf 82' lang='lat'><strong>19.</strong></span> 
     </span>
    </p>
   </div>
   <div class='ocr_carea' id='block_1_8' title="bbox 0 0 1392 5056">
    <p class='ocr_par' dir='ltr' id='par_1_10' title="bbox 0 0 1392 5056">
     <span class='ocr_line' id='line_1_44' title="bbox 0 0 1392 5056; baseline 0 3"><span class='ocrx_word' id='word_1_403' title='bbox 0 0 1392 5056; x_wconf 95' lang='lat' dir='ltr'><strong> </strong></span> 
     </span>
    </p>
   </div>
  </div>
 </body>
</html>
