2812 5062
350 304 567 378 Dn'enxno
581 304 765 378 Δ,ΙΟΔΝΝΙΒ
787 316 950 378 ΟΑΡΙΊῈ.
1194 314 1249 378 13'7

53 491 197 535 cecorum
208 474 239 545 ;''
255 493 309 534 nec
322 475 379 535 nisi
400 476 530 554 precibus
546 476 718 554 specialibus
733 477 812 536 Petri
833 475 959 546 indulsit,
974 487 1005 535 ut
1026 489 1150 536 mentem
1165 494 1249 539 suam

52 571 222 650 explicaret.

92 668 185 748 Rcep.
208 670 338 729 Necesse
352 689 410 729 non
424 678 484 729 erat
496 678 528 728 ut
542 670 677 730 Christus
690 670 846 731 auditorum
862 671 1013 750 corrigeret
1026 690 1135 731 errores
1149 672 1199 747 qui
1213 691 1250 730 ex

55 784 191 845 perversa
205 787 322 827 suorum
336 770 486 827 verbomm
500 769 731 846 interpretatione
745 769 916 837 oriebantur,
932 768 1044 843 quando
1058 787 1096 827 ex
1110 768 1250 847 adjunctis

53 880 139 939 mens
152 863 217 940 ejus
232 861 312 922 facile
326 862 521 940 colligebatur,
536 883 589 923 nec
604 865 689 923 verba
703 874 767 922 nata
781 876 846 925 sunt
861 864 895 923 ad
910 883 1032 924 errorem
1053 865 1249 943 ingerendum.

54 957 195 1032 Loquens
220 957 255 1016 de
279 977 332 1018 suo
354 978 484 1038 corpore,
499 961 611 1019 vocavit
636 959 705 1018 illud
729 962 877 1039 templum,
897 960 972 1020 haud
995 962 1128 1020 inusitata
1149 962 1251 1040 ligura,

55 1055 152 1115 anima
163 1054 313 1115 scilicetin
322 1074 440 1133 corpore
452 1055 538 1115 veluti
551 1057 658 1134 templo
670 1056 785 1126 habitat,
798 1068 826 1117 et
837 1059 917 1116 Deus
932 1059 1055 1117 animam
1065 1058 1137 1135 justi
1151 1059 1250 1116 intime

54 1149 181 1228 replens,
196 1169 301 1227 corpus
315 1153 400 1210 etiam
421 1170 506 1210 suum
523 1152 661 1228 templum
675 1151 758 1221 facit3
784 1163 812 1211 et
826 1152 901 1228 qnod
925 1153 960 1211 ad
981 1153 1131 1213 Christum
1151 1154 1247 1231 ipsum

56 1246 166 1315 attinet,
181 1245 262 1306 Deus
286 1247 360 1325 ipse,
375 1247 501 1306 secunda
521 1247 669 1307 Trinitatis
692 1268 825 1326 persona,
839 1251 868 1308 in
890 1269 1018 1327 corpore,
1033 1250 1121 1309 veluti
1142 1251 1259 1329 templo*

56 1342 112 1402 sibi
125 1343 229 1412 electo,
251 1344 433 1422 hypostatica
452 1354 547 1404 tamen
561 1346 678 1414 unione,
694 1347 842 1406 habitabat.
886 1346 970 1414 Quod
985 1347 1004 1406 J
1006 1346 1079 1406 ndei
1091 1348 1175 1406 verba
1187 1348 1251 1425 ejus

56 1437 92 1498 ad
105 1439 247 1517 templum
267 1441 298 1499 in
319 1458 377 1515 quo
399 1441 510 1518 prolata
531 1451 597 1499 sunt
617 1441 772 1511 retulerint,
787 1460 884 1501 eorum
905 1461 998 1502 errore
1020 1443 1147 1521 contigit,
1163 1462 1252 1518 quum

56 1554 115 1596 non
129 1538 201 1596 satis
215 1537 342 1597 animum
358 1537 474 1596 adeum
489 1537 671 1597 attenderint:
694 1559 748 1598 nec
760 1541 906 1617 oportebat
925 1559 976 1600 cos
998 1541 1148 1618 corrigere,
1163 1559 1253 1615 quum

55 1636 295 1695 resurrectionem
309 1635 373 1713 ejus
388 1636 538 1695 emortuis
560 1635 694 1706 indicare,
709 1637 804 1714 potius
824 1656 911 1711 quam
924 1639 1075 1715 perspicuo
1098 1636 1255 1716 predicere

55 1742 212 1808 prestaret.
255 1731 399 1792 (letemur
413 1752 471 1793 non
485 1733 603 1792 omnino
614 1753 664 1792 eos
675 1735 756 1793 latuit
769 1735 832 1812 ejus
844 1753 936 1803 mens,
952 1755 1019 1794 nam
1032 1754 1069 1794 ex
1085 1736 1253 1814 hujusmodi

57 1827 141 1887 dictis
155 1839 341 1906 sumpserunt
353 1831 534 1890 occasionem
549 1851 566 1888 a
579 1831 672 1889 Pilato
693 1831 854 1908 postulandi
869 1831 1036 1901 custodiam,
1051 1851 1088 1890 ne
1104 1833 1185 1891 tertia
1206 1834 1254 1892 die

56 1943 206 2003 resurgere
216 1925 385 1985 crederetur.
408 1927 552 2004 Discipuli
564 1937 657 1986 autem
668 1939 733 2004 post
741 1929 977 1986 resurrectionem
989 1930 1090 1988 horum
1103 1931 1253 1990 verborum

57 2021 209 2091 recordati,
224 2023 254 2081 in
267 2023 325 2081 fide
339 2022 442 2082 firmati
457 2034 540 2093 sunt3
562 2023 638 2098 quod
653 2023 777 2082 ostendit
790 2043 840 2083 eos
855 2025 954 2084 saltem
966 2026 1012 2084 vel
1022 2026 1080 2084 vim
1092 2027 1253 2095 verborum,

59 2136 150 2191 quum
173 2117 344 2188 dicerentur,
365 2118 609 2188 animadvertisse,
629 2120 675 2178 vel
700 2120 736 2178 iis
761 2121 829 2194 quid
855 2139 989 2180 arcanum
1011 2122 1152 2181 enuntiari
1173 2124 1255 2182 intel·

56 2216 176 2275 lexisse.
217 2216 358 2275 Preterea
381 2217 471 2292 liquet
494 2217 607 2277 nullum
630 2219 823 2295 perniciosum
848 2237 972 2278 errorem
993 2237 1031 2277 ex
1060 2219 1116 2278 illis
1143 2220 1253 2280 Christi

60 2313 155 2372 verbis
180 2311 354 2372 auditoribus
375 2314 442 2373 oriri
467 2315 606 2392 potuisse,
621 2326 650 2372 et
663 2334 778 2373 omnem
794 2314 905 2372 errandi
925 2315 1106 2396 occasionem
1131 2319 1253 2392 posteris

58 2409 222 2488 ademptam
236 2411 425 2488 explicatione
441 2430 526 2486 quam
541 2413 614 2469 sacri
627 2413 780 2488 scriptores
794 2413 931 2488 prebent.
967 2412 1036 2470 Non
1048 2413 1087 2469 ita
1100 2411 1255 2473 dicendum

60 2506 95 2566 de
110 2507 250 2566 concione
261 2507 347 2566 relata
355 2509 387 2566 iu
397 2518 480 2566 sexto
491 2508 510 2567 J
511 2508 612 2566 oannis
624 2507 726 2584 capite,
736 2497 803 2565 nam
815 2509 899 2564 verba
910 2517 975 2564 nata
985 2515 1052 2564 eunt
1063 2506 1097 2565 ad
1108 2509 1256 2570 notionem

61 2604 150 2664 oralis
164 2603 389 2663 manducationis
403 2603 598 2683 ingerendam,
614 2592 642 2662 et
657 2603 790 2661 Christus
804 2622 838 2661 ea
851 2603 982 2680 plurimis
996 2603 1257 2683 vehementioribus

62 2700 253 2769 confirmavit,
268 2709 297 2759 et
310 2701 383 2759 nihil
406 2721 422 2758 a
444 2719 525 2759 sacro
540 2700 677 2778 scriptore
692 2699 854 2759 adnotatum
878 2712 922 2758 est
944 2710 975 2757 ut
995 2700 1115 2761 lectores
1138 2721 1255 2764 sensum

62 2798 229 2857 translatum
241 2797 373 2877 detegere
388 2798 509 2858 valeant.
539 2799 605 2857 Alio
619 2800 684 2857 loco
698 2798 810 2875 objecto
824 2816 926 2856 sensus
941 2797 1024 2856 facile
1038 2799 1133 2878 colligi
1148 2814 1258 2878 poterat

63 2914 100 2954 ex
114 2894 266 2955 occasione
281 2894 405 2963 dicendi,
421 2914 487 2954 nam
503 2895 609 2953 Scribe
624 2905 653 2952 et
674 2895 812 2953 Pharisai
833 2896 1045 2954 murmurabant
1057 2896 1095 2954 de
1108 2897 1257 2975 discipulis
1279 2904 1281 2911 '

61 2993 139 3052 haud
163 2993 322 3053 lavantibus
347 3012 448 3052 manus
474 3004 625 3066 antequam
650 2993 746 3050 cibum
768 3004 922 3051 sumerent.
965 2993 1050 3063 Quod
1074 2995 1159 3073 igitur
1186 2997 1259 3055 dixit

64 3089 220 3148 cbristus:
244 3098 264 3126 ‘⁶
274 3088 344 3149 Non
359 3089 435 3164 qnod
449 3090 533 3148 intrat
546 3089 576 3147 in
591 3108 634 3157 os,
649 3091 815 3162 coinquinat
833 3089 978 3151 hominem
990 3089 1021 3158 ;'’
1043 3076 1259 3170 intelligendum

63 3199 122 3246 erat
136 3186 174 3246 de
196 3186 254 3246 cibi
277 3186 468 3256 immunditia,
483 3197 585 3246 attactu
608 3206 742 3245 manuum
759 3186 920 3256 illotarum;
945 3199 974 3245 et
994 3187 1094 3248 meriti)
1118 3194 1260 3248 recusavit

64 3286 190 3363 amplius
204 3302 285 3343 snam
300 3286 443 3363 explicare
458 3296 581 3344 mentem
597 3284 763 3352 Phansaeis,
778 3286 829 3358 qui
847 3286 941 3343 animo
963 3286 1088 3362 maligno
1102 3286 1176 3345 dicta
1196 3290 1261 3365 ejus

65 3384 162 3443 omnia
170 3372 200 3440 ei
209 3400 255 3440 res
267 3392 361 3459 gestas
372 3383 633 3460 interpretabantur.
658 3381 825 3458 Discipulos
837 3391 932 3442 autem
941 3383 979 3439 ob
987 3381 1141 3440 tarditatem
1152 3385 1260 3461 ingenii

64 3498 154 3554 quum
169 3479 363 3555 corripuisset,
378 3497 438 3538 rem
460 3480 568 3557 quippe
583 3479 654 3537 adeo
675 3479 789 3537 obviam
810 3478 889 3536 haud
908 3478 1112 3555 intelligebant,
1127 3479 1259 3557 dignatus

65 3589 109 3637 est
121 3578 161 3636 iis
175 3595 245 3636 suos
255 3577 381 3636 revelare
396 3596 508 3636 sensus.
551 3577 611 3636 Sed
624 3577 653 3635 in
668 3586 751 3634 sexto
764 3575 885 3635 loannis
900 3575 1004 3652 capite,
1017 3577 1131 3636 occasio
1146 3578 1260 3639 dicendi

64 3684 123 3734 erat
146 3674 316 3733 miraculum
338 3674 590 3753 multiplicaturum
613 3692 729 3750 panum,
746 3680 774 3730 et
797 3671 968 3749 postulatum
983 3672 1121 3732 aJudaeis
1146 3677 1260 3757 signum
1352 3731 1365 3739 ..

67 3770 195 3839 celeste,
212 3769 302 3828 instar
313 3788 424 3829 manne
438 3789 454 3829 e
468 3769 542 3829 coelo
556 3768 732 3827 decidentis:
759 3787 881 3842 quornm
891 3777 1023 3828 neutrum
1037 3770 1181 3832 minuebat
1202 3775 1261 3839 vim

65 3867 276 3944 promissionis.
316 3867 425 3927 Judeis
446 3867 523 3927 haud
544 3868 639 3926 omnis
663 3867 800 3943 denegata
814 3876 857 3925 est
877 3867 1041 3944 explicatio,
1057 3888 1147 3942 quum
1168 3875 1261 3932 semel

66 3974 303 4032 murmurassent,
318 3964 369 4024 sed
383 3984 417 4024 ea
431 3966 616 4024 vehementer
629 3963 794 4023 confirmata
815 3975 860 4022 est
880 3965 1056 4041 promissi03
1077 3975 1107 4023 et
1127 3986 1190 4041 quae
1206 3973 1265 4047 pri.

67 4063 155 4121 ratim
169 4061 320 4138 discipulis
336 4072 403 4122 sunt
416 4062 491 4123 dicta
505 4063 546 4121 nil
560 4063 699 4141 mitigant.

104 4161 157 4216 41.
182 4156 251 4236 ooj.
266 4162 313 4218 10.
335 4157 477 4236 Origenes
499 4158 535 4218 de
557 4160 651 4218 verbis
673 4157 782 4217 Christi
807 4167 889 4216 sexto
910 4155 1030 4216 Joannis
1052 4161 1145 4238 capite
1168 4164 1263 4222 relatis

67 4270 167 4333 agens,
183 4252 269 4313 dicit:
292 4257 479 4334 “Agnoscite
505 4256 572 4330 quia
595 4250 692 4334 figure
714 4263 790 4322 sunt,
805 4272 868 4328 que
889 4253 920 4312 in
942 4252 1047 4314 divinis
1069 4257 1264 4318 voluminibus

67 4353 175 4430 scripta
195 4362 273 4419 sunt,
287 4361 316 4411 et
328 4351 395 4413 ideo
409 4363 553 4428 umquam
568 4353 720 4430 spiritales,
735 4362 764 4410 et
777 4369 836 4409 non
850 4360 994 4424 tamquam
1016 4353 1144 4413 carnales
1157 4359 1264 4415 errami-

64 4457 143 4518 nate,
157 4448 348 4527 etintelligite
363 4469 427 4525 que
450 4450 590 4509 dicuntur.
632 4450 664 4507 Si
678 4449 756 4508 enim
778 4448 860 4522 quasi
884 4448 1010 4508 carnales
1032 4451 1087 4511 ista
1108 4453 1264 4530 suscipitis,

64 4544 174 4606 ledunt
188 4563 252 4614 ros,
266 4555 295 4603 et
307 4563 367 4605 non
382 4547 470 4606 alunt.
511 4546 567 4605 Est
586 4545 664 4604 enim
685 4555 714 4603 et
726 4545 757 4603 in
780 4543 947 4623 Evangeliis
968 4543 1051 4603 litera
1073 4540 1138 4620 que
1151 4547 1265 4617 occidit,

61 4662 123 4706 non
138 4643 235 4706 solum
248 4643 280 4703 in
292 4643 381 4704 veteri
402 4652 575 4705 testamento
598 4642 734 4784 oceligpns
747 4642 830 4703 litera
844 4640 1072 4722 deprehenditur.
1115 4626 1171 4704 Ee't
1189 4657 1218 4704 et
1237 4651 1267 4706 in
