2774 5056
409 321 466 383 DE
487 318 710 381 undull-“1011
729 319 958 381 VERITATE.
1234 322 1293 380 333

128 486 182 544 29.
204 481 442 541 Tranummnos
455 482 512 540 ait:
535 490 555 519 ⁸⁴
564 480 765 539 Sacrificsmus
779 498 832 558 pro
846 480 935 539 salute
949 478 1175 556 imperatoria.'’¹

130 587 183 642 30.
202 581 236 640 8.
252 580 429 640 Orrnrsrrns
443 580 558 639 scribitr
580 587 601 617 ‘⁶
613 581 741 657 Apparet
753 579 922 656 sanguinem
936 577 1047 636 Christi
1066 596 1124 637 non
1146 577 1243 637 offerri
1268 578 1295 636 si

87 681 169 741 desit
176 679 275 738 noum
285 678 377 747 calici,
389 696 442 736 noc
456 677 628 736 sacrificium
642 675 828 735 Dominicunt
841 676 968 754 legitima
981 675 1207 735 sanctificatione
1221 675 1294 735 cele·

88 777 179 846 brari,
193 776 250 836 nisi
263 775 369 835 oblatio
384 783 413 833 et
429 774 603 833 sacrificium
624 784 752 833 nostrum
772 772 951 851 responderit
972 772 1145 850 passioni.'’²
1184 772 1292 832 Alias:

91 875 321 954 “Episcopatus
335 872 425 933 nostri
439 873 531 931 honor
544 871 659 949 grandis
673 881 702 931 et
714 872 805 950 gloria
824 882 878 940 est,
902 889 1003 949 pacem
1025 870 1139 930 dedisse
1160 871 1290 948 martyri·

91 976 159 1042 bus,
174 983 206 1031 ut
220 971 393 1040 sacerdotes,
413 972 462 1045 qui
477 972 617 1030 sacrificia
637 971 693 1031 Dei
717 970 843 1046 quotidie
858 971 1044 1041 celebramus,
1059 972 1168 1030 hostias
1183 971 1248 1030 Deo
1268 980 1297 1030 et

92 1073 227 1132 victimas
241 1069 484 1149 preparemus.'’³

134 1173 185 1228 31.
206 1169 239 1228 8.
255 1167 408 1227 Cumanus
424 1167 752 1228 Hrnnosonnrrrnanos:
775 1170 917 1229 “Deinde
929 1188 997 1230 vero
1011 1182 1161 1248 postquam
1176 1171 1291 1231 cousec-

92 1277 156 1327 tum
169 1275 214 1326 est
235 1265 306 1325 illud
327 1265 474 1344 spirituale
496 1266 685 1336 Sacrificium,
705 1279 734 1327 et
755 1268 802 1327 ille
824 1268 916 1327 cultus
937 1269 1112 1337 incruentus,
1127 1287 1216 1346 super
1228 1269 1294 1346 ipsa

92 1365 306 1445 propitiationis
320 1364 424 1432 hostia,
433 1366 617 1424 obsecramus
630 1366 724 1425 Deum
740 1386 792 1444 pro
806 1367 953 1426 communi
967 1367 1163 1426 Ecclesiarum
1179 1366 1297 1445 pace.’'⁴

136 1467 186 1522 32.
207 1463 240 1521 S.
257 1463 432 1521 Gnnoonrus
447 1463 664 1522 Naamuznnus
678 1463 714 1522 de
727 1464 842 1523 Juliano
857 1475 983 1543 apostata
1007 1466 1126 1524 scribit:
1149 1475 1168 1503 ‘¹
1179 1466 1297 1542 Impnro

94 1572 128 1621 et
139 1562 249 1622 nefario
260 1561 551 1638 sanguinelavacnrm
564 1563 704 1639 extergit3
720 1563 870 1622 initiationi
885 1573 989 1622 nostru
1003 1564 1191 1623 initiationem
1207 1583 1299 1642 oppo-

93 1677 189 1721 nens:
216 1677 377 1734 manusque
389 1677 455 1717 suas
470 1659 609 1736 profanat,
622 1668 653 1718 ut
666 1659 801 1719 nimirum
815 1679 864 1718 eas
879 1662 914 1719 ab
928 1662 1076 1720 incruento
1090 1663 1229 1720 sacrificio
1244 1680 1296 1739 per

96 1757 178 1832 quod
197 1775 251 1816 nos
280 1754 408 1824 Christo,
433 1755 583 1834 ipsiusque
606 1757 788 1834 passionibus
815 1777 848 1816 ac
868 1756 1009 1818 divinitati
1036 1760 1294 1827 communicamus,

95 1855 209 1915 elueret
219 1872 254 1912 ac
266 1851 477 1931 repurgaret.”⁶
1341 1920 1348 1927 ‚

137 1954 188 2009 33.
211 1950 244 2008 S.
253 1948 392 2011 Joauuns
414 1950 672 2010 Cnossosnorsnsr
695 1950 768 2009 “Ad
789 1969 919 2010 mensam
932 1953 1064 2011 veniente
1079 1951 1218 2020 Domino,
1242 1971 1300 2011 ser·

96 2064 150 2105 vos
165 2045 217 2119 qui
232 2045 389 2104 Dominum
413 2044 603 2115 offenderunt,
621 2046 722 2106 adesse
742 2065 802 2106 non
822 2057 943 2125 oportet,
958 2048 1009 2106 sed
1030 2050 1130 2126 procul
1145 2059 1298 2118 arcentur,

98 2145 139 2204 ita
151 2155 182 2203 et
193 2143 243 2203 hic
258 2142 326 2203 dum
340 2161 517 2203 racusanus
536 2164 736 2214 sacarrrcrnrs,
751 2163 792 2205 nr
813 2145 966 2207 Gauranos
987 2166 1172 2216 runonsnun,
1189 2160 1217 2206 et
1238 2132 1301 2207 oris

99 2242 267 2311 Dominica,
279 2260 345 2301 cum
356 2241 497 2301 audieris:
521 2252 529 2280 ⁶
541 2243 664 2302 Oramus
679 2263 779 2303 omnes
794 2245 1010 2314 communiter;’
1023 2265 1088 2304 cum
1102 2246 1196 2304 velum
1222 2245 1299 2302 vide·

100 2340 139 2399 ris
154 2338 272 2407 retrahi,
293 2347 361 2397 tunc
380 2356 503 2416 superne
524 2339 628 2398 coelum
650 2341 743 2417 cogita
764 2341 877 2417 aperiri,
892 2350 922 2399 et
941 2342 1057 2418 angelos
1078 2340 1301 2400 descendere.”⁰

102 2435 148 2497 Da
167 2437 226 2496 ritu
239 2456 256 2496 a
270 2435 381 2494 Graecis
401 2435 529 2495 adhibito
549 2437 580 2495 in
601 2436 766 2498 solemniori
786 2439 922 2516 Liturgioe
938 2449 1015 2516 parte
1035 2439 1181 2513 loquitur:
1205 2439 1301 2497 velum

105 2534 212 2595 seilicet
226 2533 379 2592 sanctuarii
393 2534 580 2593 retrahebant.

141 2635 189 2691 34.
213 2631 247 2689 8.
270 2632 459 2689 Anonosrnst
482 2630 636 2698 “Quando
652 2630 856 2700 sacrificamus,
872 2631 1006 2691 Christus
1031 2632 1120 2702 adest,
1144 2615 1301 2691 Gauranos

110 2726 327 2789 uscunnn.‘’⁷
683 2728 686 2735 “

141 2830 192 2885 35.
216 2825 249 2883 8.
265 2823 486 2883 Hranorrnnos:
510 2833 529 2863 ‘⁶
540 2825 590 2885 Sic
604 2824 701 2886 docuit
711 2827 866 2906 Apostolos
880 2846 959 2896 suos,
972 2837 1004 2886 ut
1016 2827 1143 2902 quotidie
1154 2828 1183 2886 in
1198 2845 1305 2886 conro-

108 2940 150 2985 1us
164 2940 267 2987 murus
281 2940 448 2982 sscarrroro
469 2923 617 2983 credentes
638 2925 872 3001 audeantloqui:
899 2927 1000 2986 ‘Pater
1013 2936 1120 2995 noster,
1136 2926 1227 2985 etc.'’⁸
1266 2927 1307 2985 Et

108 3019 305 3103 vigilantium,
330 3020 586 3097 reprehendentem
601 3022 785 3098 reliquiarum
800 3026 1023 3093 venerationem,
1053 3002 1189 3083 damnari
1207 3026 1308 3103 probat

106 3118 313 3183 consuetudine
330 3118 417 3177 totius
434 3120 585 3189 Ecclesiae,
601 3140 664 3197 quae
680 3124 855 3182 sacrificabat
870 3124 899 3183 in
914 3123 1030 3182 tumulis
1045 3134 1212 3198 martyrum.
1243 3123 1309 3180 lrri·

103 3216 175 3280 dens
190 3238 259 3279 eum
273 3219 342 3279 dicit
357 3241 364 3279 :
388 3230 408 3258 ‘⁶
420 3220 499 3280 Male
513 3238 581 3297 ergo
593 3220 660 3279 lacit
674 3220 822 3280 Romanus
837 3221 1001 3297 episcopus,
1019 3222 1066 3292 qui
1081 3238 1168 3296 super
1183 3232 1308 3278 mortuo·

101 3332 169 3378 rum
190 3317 343 3379 hominum
357 3318 436 3377 Petri
450 3327 480 3375 et
492 3316 575 3376 Pauli
601 3336 667 3375 ossa
688 3317 858 3385 veneranda,
873 3316 1030 3376 secundum
1054 3327 1080 3373 te
1102 3315 1308 3392 pulvisculum,

103 3416 192 3475 offert
205 3416 334 3475 Domino
348 3415 496 3482 sacrificia,
512 3424 540 3472 et
561 3414 685 3474 tumulos
707 3434 807 3474 eorum
835 3414 984 3473 arbitratur
1012 3413 1121 3481 altaria,
1143 3411 1230 3484 idque
1252 3431 1311 3471 non

100 3513 204 3573 solum
217 3515 304 3573 unius
319 3513 409 3581 urbis,
424 3511 475 3570 sed
491 3511 577 3570 totius
592 3512 668 3571 orbis
684 3512 791 3571 faciunt
804 3499 985 3589 episcopi.'’⁰

152 3616 198 3672 33.
220 3613 253 3671 8.
268 3613 484 3670 Annosnrnus:
506 3617 527 3646 ‘⁸
540 3608 633 3666 Veros
648 3609 696 3668 ille
718 3609 870 3677 Mediator,
887 3612 1067 3684 inquantum
1089 3606 1211 3666 formam
1233 3608 1310 3667 servi

104 3711 253 3790 accipiens
283 3709 427 3780 Mediator
453 3705 575 3765 effectus
595 3716 640 3766 est
661 3707 719 3766 Dei
732 3717 761 3766 et
773 3708 933 3778 hominum,
948 3708 1035 3767 homo
1057 3706 1192 3765 Christus
1213 3705 1312 3775 lasus,

107 3822 179 3868 cum
198 3810 335 3871 informa
358 3806 414 3866 Dei
428 3804 600 3864 sacrificinm
622 3824 688 3864 cnm
709 3806 794 3865 Patre
815 3817 919 3875 sumat,
936 3825 1001 3866 cum
1017 3824 1076 3880 qno
1090 3815 1119 3863 et
1132 3823 1207 3864 unus
1231 3803 1313 3865 Deus
1337 3796 1357 3819 ''

342 3967 386 4033 (l)
406 3964 435 4014 L.
443 3963 474 4014 ad
486 3963 618 4030 Scapulam
627 3979 650 4014 c.
660 3952 688 4013 ii.

347 4054 391 4119 (2)
411 4050 460 4117 Ep.
471 4050 504 4101 ad
516 4049 651 4099 Caecilium.

346 4141 391 4207 (3)
410 4138 459 4204 Ep.
471 4138 503 4189 ad
513 4137 655 4188 Cornelium
661 4136 719 4186 lxiv.

348 4226 392 4292 (4)
408 4222 509 4274 Catach.
520 4222 596 4287 Myst.
608 4237 631 4271 v.

347 4309 391 4374 (5)
412 4307 479 4357 Orat
489 4304 523 4356 iii.
532 4320 586 4368 quo
596 4310 634 4353 est
647 4305 669 4354 1.
679 4310 764 4354 contra
774 4301 909 4353 lulianum.

348 4394 392 4461 (6)
412 4392 487 4443 Hom.
499 4391 524 4442 ii.
535 4391 566 4441 ad
578 4390 700 4455 Populum
715 4388 832 4439 Antioch.

348 4483 392 4549 (l)
412 4478 510 4530 Corum.
520 4479 548 4529 in
559 4494 580 4528 o.
591 4477 608 4526 i.
620 4475 702 4527 Luce.

349 4568 393 4634 (8)
412 4564 445 4616 L.
454 4564 553 4615 iitsdv.
564 4563 647 4626 Pelag.

349 4653 393 4722 (9)
412 4650 442 4703 Ι..
452 4650 508 4703 adv.
519 4647 684 4713 vigilantium
696 4661 717 4697 o.
724 4644 755 4695 iv.
