2812 5062
101 331 158 390 146
328 330 386 392 DE
406 328 716 391 INSTITUTIONE
737 328 1052 392 aconitum.

141 496 190 552 57.
211 489 331 551 Accedit
344 501 542 567 argumentum
564 488 717 548 handlere
739 488 890 549 deductum
905 508 944 550 ex
968 488 1078 549 Christi
1102 486 1296 566 prescientia.

100 607 189 664 quum
204 589 280 648 enim
294 587 406 648 noverit
417 586 553 654 suturam,
568 596 600 644 ut
612 604 663 664 per
676 586 800 664 plurima
813 587 917 646 srecula
931 586 1060 664 plerique
1074 604 1128 663 ρετ
1142 585 1247 646 orbem
1257 584 1300 641 sni

102 685 237 763 discipuli
257 685 343 743 rerba
365 683 414 743 illa
433 684 518 743 obvio
538 684 705 760 exciperent
728 702 827 752 sensu,
841 682 975 761 {ideoque
999 683 1107 743 cultum
1129 698 1298 761 supremum

102 781 279 843 eucharistie
292 781 456 846 tribuerent,
470 798 529 839 non
544 781 655 840 ridetur
668 799 828 841 consonum
842 781 905 858 ejus
919 780 1123 841 misericordie
1135 790 1166 839 et
1179 777 1297 839 bonitati

102 900 137 940 ea
159 897 307 957 usurpare,
332 896 395 952 quas
414 887 491 937 tanto
512 877 601 936 errori
623 878 804 937 occasionem
825 878 994 956 preberent,
1009 887 1038 936 et
1051 894 1188 945 causamt
1212 893 1298 949 quum

102 977 204 1036 vocula
216 996 274 1036 una
293 974 388 1034 addita
409 993 523 1033 omnem
545 973 657 1034 errandi
677 993 793 1034 causam
817 975 997 1033 sustulisset:
1019 974 1118 1052 lingua
1138 973 1221 1032 enirn
1241 973 1297 1049 Sy·

102 1077 187 1145 riaea,
208 1093 260 1134 seu
285 1072 540 1151 Syro-chaldaica,
562 1092 619 1147 qua
639 1056 716 1132 ¹usus
743 1084 797 1142 ast,
827 1073 964 1151 plurimas
991 1073 1119 1132 continet
1140 1089 1231 1131 voces
1258 1088 1301 1131 ra·

102 1175 252 1248 tionesque
274 1170 412 1246 loquendi
436 1190 499 1246 quae
527 1172 642 1249 signnm
666 1181 695 1230 et
720 1172 839 1249 figuram
861 1174 1035 1249 exprimunt,
1050 1172 1091 1229 nti
1115 1170 1235 1248 egregie
1253 1168 1302 1229 da·

100 1271 270 1332 monstravit
291 1271 397 1348 lingum
411 1269 488 1328 illius
511 1271 704 1346 peritissimus
718 1271 772 1338 vir,
787 1288 874 1344 quem
897 1270 1004 1347 sapius
1021 1287 1087 1328 cum
1101 1267 1189 1327 laude
1211 1266 1304 1329 nont·
1326 1308 1329 1313 -

102 1371 233 1429 novimus
248 1367 424 1426 Wiseman.²
457 1366 536 1424 Hinc
550 1367 710 1444 Dionysius
725 1366 926 1435 Barsalibaeus,
939 1367 1031 1444 Syrus
1046 1367 1119 1444 ipse,
1134 1376 1166 1423 et
1179 1362 1304 1442 Syriaco

103 1467 231 1525 scribens
252 1464 397 1532 idiomate,
418 1462 550 1520 adnotat:
572 1463 752 1521 “Vocantur
771 1474 800 1522 et
824 1472 891 1521 sunt
911 1481 1016 1540 corpus
1040 1473 1069 1520 et
1089 1462 1213 1538 sanguis
1234 1458 1303 1529 nat,

103 1563 223 1622 Domini
237 1561 325 1620 nostri
339 1560 410 1619 Jesu
426 1559 545 1627 Christi,
561 1558 595 1618 in
608 1560 741 1627 υετὶιαιε,
753 1569 782 1617 ει
794 1577 855 1617 non
869 1557 1074 1638 symbolice.†’'
1112 1557 1305 1631 Equidemai

103 1663 138 1720 ab
152 1661 237 1720 obvio
253 1660 401 1718 verborum
423 1676 521 1726 sensu,
536 1668 612 1716 tanta
631 1676 697 1716 cum
717 1658 896 1716 solemnitate
917 1658 1100 1735 prolatorum,
1122 1657 1211 1715 liceat
1228 1676 1307 1717 rece·

105 1755 181 1824 dere,
196 1757 275 1815 nulla
287 1757 340 1814 erit
353 1757 424 1815 ratio
438 1775 494 1830 qua
515 1755 611 1814 divina
624 1756 725 1814 veritas
740 1775 756 1814 a
769 1755 887 1814 libidine
908 1757 1034 1833 figuratas
1055 1755 1304 1832 interpretationis

104 1854 210 1910 servari
224 1865 319 1927 queat.

143 1948 295 2010 Probatur
309 1949 353 2008 II.
368 1968 405 2009 es
419 1949 550 2009 Petrum
563 1949 812 2028 interpretatione.

145 2048 193 2102 58.
216 2047 248 2103 S.
264 2045 419 2112 Jusrrnus,
435 2046 463 2102 in
479 2044 620 2122 Apologia
634 2064 719 2117 quam
734 2064 786 2122 pro
800 2043 972 2103 Christianis
982 2043 1129 2102 Antonino
1142 2044 1202 2103 Pio
1217 2047 1308 2122 impe·

104 2141 190 2199 ratori
203 2142 314 2208 obtulit,
329 2141 474 2215 quomodo
489 2141 658 2199 haberentur
672 2141 799 2200 fidelium
815 2151 915 2209 custus,
930 2141 1078 2199 enarravit.
1116 2141 1193 2199 Post
1208 2160 1308 2218 preces

104 2250 132 2295 et
146 2227 276 2298 osculum
290 2249 439 2297 sanctum:
463 2248 483 2275 ‘⁶
493 2239 530 2306 ei,
546 2239 595 2309 qui
610 2238 742 2296 fratribus
756 2249 869 2315 praest,
885 2239 968 2316 panis
983 2237 1109 2305 affertur,
1123 2251 1155 2296 et
1169 2239 1307 2316 poculum

105 2355 185 2412 aquas
200 2338 320 2396 etvini:
342 2336 446 2411 quibus
461 2336 509 2395 ille
524 2338 648 2414 acceptis
662 2337 775 2395 laudem
791 2347 820 2395 et
833 2337 952 2414 gloriam
967 2337 1168 2395 universorum
1192 2338 1308 2396 Parenti

104 2453 156 2512 per
170 2453 276 2493 nomen
289 2435 357 2493 Filii
371 2446 399 2493 et
413 2435 538 2511 Spiritus
554 2435 651 2492 Sancti
666 2435 778 2502 emittit,
793 2445 822 2493 et
835 2433 1059 2501 Eucharistiam,
1073 2434 1135 2491 sive
1150 2435 1307 2510 gratiarum

106 2533 258 2601 actionem,
275 2552 327 2610 pro
347 2533 393 2590 his
415 2533 449 2589 ab
473 2533 522 2590 illo
544 2534 668 2608 acceptis
696 2532 779 2591 donis
802 2533 913 2610 prolixe
939 2531 1099 2605 exequitur.
1142 2531 1306 2608 Postquam

107 2648 207 2705 preces
221 2641 250 2686 et
263 2629 473 2686 Eucharistiam
488 2629 627 2696 absolvit;
649 2630 773 2705 populns
788 2629 882 2688 omnis
904 2628 1049 2693 acclamat,
1066 2625 1165 2687 Amen
1169 2670 1304 2687 .....

106 2727 211 2798 Neque
237 2726 314 2784 enim
342 2735 373 2783 ut
396 2744 577 2783 communem
605 2745 720 2802 panem,
745 2744 838 2801 neque
863 2739 895 2783 ut
918 2744 1100 2785 communem
1125 2737 1230 2803 potum
1256 2729 1307 2786 ista

106 2825 266 2892 sumimus3
288 2823 338 2881 sed
353 2823 594 2896 quemadmodum
608 2844 661 2902 per
674 2825 800 2883 Verbum
813 2825 870 2884 Dei
882 2844 947 2883 curo
962 2825 1051 2883 factus
1065 2824 1084 2883 J
1086 2843 1154 2882 esus
1170 2825 1305 2885 Christus

107 2921 236 2979 Salvator
250 2931 347 2979 noster
364 2931 392 2978 et
406 2939 518 2978 carnem
541 2931 570 2978 et
590 2923 759 2999 sanguinem
784 2923 881 2981 habuit
901 2933 1004 2982 nostrae
1021 2921 1121 2979 salutis
1142 2941 1242 2992 causa,
1265 2924 1305 2982 sic

107 3018 191 3076 etiam
206 3017 293 3084 illam,
308 3017 338 3075 in
353 3036 408 3089 qua
422 3035 473 3092 per
487 3035 600 3093 precem
616 3018 707 3094 ipsius
724 3019 808 3076 verba
822 3019 1014 3077 continentem
1030 3017 1126 3094 gratiae
1142 3029 1213 3077 actae
1228 3033 1304 3088 sunt,

107 3115 281 3182 alimoniam,
291 3133 329 3172 ex
343 3132 399 3187 qua
413 3115 529 3191 sanguis
544 3128 573 3172 et
586 3134 685 3174 carnes
700 3125 802 3175 uostrae
817 3116 1066 3193 permutationem
1081 3114 1205 3185 aluntur,
1215 3118 1306 3177 incar·

107 3214 165 3273 nati
179 3212 256 3271 illius
270 3212 342 3271 Jesu
356 3221 384 3269 et
404 3229 518 3269 carnem
533 3227 561 3270 et
585 3215 756 3291 sanguinem
777 3232 841 3272 esse
864 3213 958 3271 edocti
978 3231 1179 3288 sumus-rap
1198 3217 1307 3287 διέρχης

106 3323 163 3383 hoyi
174 3327 205 3366 τε
217 3319 267 3378 stud
278 3327 338 3365 curu
349 3317 531 3379 ευχαρισὲεισαν
541 3325 638 3380 τροφην,
649 3310 712 3382 ἑξῆς
722 3312 784 3380 ca‘pot
794 3333 836 3366 xus
851 3331 935 3381 σσρκες
945 3327 1011 3365 suro
1021 3317 1160 3380 μεταβολην
1178 3323 1307 3378 rpeqors'cr

105 3401 181 3471 ἡμων,
204 3403 281 3454 iaetus
308 3414 338 3453 rc
361 3405 578 3468 σαρκοποιηὲεντος
605 3405 662 3469 Ιησε
684 3422 728 3453 xus
757 3419 834 3469 σαρκο.
854 3422 898 3454 aaa
920 3397 981 3468 dina
1008 3403 1172 3468 ἐδιδαχὲημεν
1201 3417 1307 3450 surae·-

106 3488 240 3566 Apostoli
262 3488 339 3544 enirn
364 3487 395 3543 in
415 3486 627 3543 commentariis
649 3487 718 3554 suis,
744 3505 808 3560 quae
838 3497 973 3546 vocantur
997 3486 1157 3563 evangelia,
1185 3487 1224 3542 ita
1250 3481 1305 3541 sibi

107 3582 259 3642 mandasse
282 3582 383 3641 Jesurn
406 3582 595 3641 tradiderunt:
625 3602 690 3641 eum
715 3584 825 3642 scilicet
853 3593 971 3661 accepto
994 3603 1079 3660 pane,
1102 3567 1176 3640 curn
1202 3583 1305 3658 gratias

109 3680 226 3756 egisset,
241 3679 367 3736 dixisse:
392 3680 478 3738 ‘Hoc
492 3680 575 3738 sacite
590 3682 619 3738 in
634 3700 727 3739 meam
740 3681 1051 3743 commemorationem,
1068 3679 1135 3737 Hoc
1147 3689 1192 3736 est
1203 3697 1307 3754 corpus

109 3774 228 3842 meum,’
254 3785 282 3832 et
306 3776 410 3852 poculo
434 3778 563 3834 similiter
588 3789 714 3853 accepto,
740 3779 867 3851 actisque
894 3778 992 3855 gratiis
1020 3777 1130 3834 dixisse
1162 3775 1244 3834 ‘Hic
1267 3786 1309 3833 est

111 3873 226 3948 sanguis
241 3872 343 3941 meus,’
357 3874 486 3950 ipsisque
501 3873 569 3931 solis
585 3873 780 3933 tradidisse.'’³
819 3875 924 3948 Liquet
937 3875 956 3934 J
960 3876 1084 3932 ustiuum
1100 3883 1129 3931 et
1142 3873 1307 3931 Ecclesiam

109 4075 134 4116 at
141 4065 241 4116 arrhabo
251 4067 356 4130 corporis
368 4067 429 4117 mei:
448 4067 593 4118 scansurus.
611 4068 667 4118 Hoc
676 4077 713 4118 εει
721 4084 809 4133 corpus
817 4083 900 4118 meum
906 4068 933 4118 in
942 4068 1093 4130 divinitatem
1102 4067 1310 4120 transformatum:

109 4150 364 4220 Suenclrfield.-Hoc
375 4163 412 4205 est
424 4170 511 4221 corpus
522 4171 612 4215 meum,
623 4156 645 4205 si
656 4155 717 4204 fides
727 4155 796 4216 adsit,
807 4155 971 4221 hypothetice.
989 4152 1174 4206 Metamtthcn.
1197 4155 1310 4206 Videris

107 4243 139 4292 de
150 4239 252 4299 Luther,
264 4239 311 4288 vot.
320 4239 336 4288 i.
347 4240 386 4290 ch.
397 4242 457 4292 xxii.
469 4259 494 4308 p.
506 4245 564 4292 365.
582 4242 656 4292 Note.

144 4327 187 4393 (1)
206 4324 281 4375 Hora
293 4322 405 4388 Syriaca.
416 4325 499 4377 Rome
510 4343 704 4379 mccccxxvnr.
721 4327 786 4378 Miro
797 4327 897 4394 pudoris
908 4329 1028 4393 exemplo,
1038 4336 1123 4397 utpote
1134 4328 1200 4394 aputl
1212 4327 1311 4379 Protes-

108 4413 212 4464 tautioos
223 4410 351 4475 scriptores
361 4426 464 4475 perraro,
475 4411 593 4464 Horneus
605 4423 661 4479 post
670 4413 751 4466 Horas
763 4414 881 4482 Syriacus
892 4414 977 4474 editas,
985 4431 1055 4466 nova
1068 4415 1108 4467 sui
1116 4415 1197 4482 operis
1206 4414 1311 4465 editioni

108 4498 225 4551 subduxit
235 4511 291 4561 quae
297 4495 328 4546 de
339 4497 428 4559 lingua
440 4499 538 4563 syriaca
549 4497 652 4562 deiectu,
664 4502 710 4553 hac
718 4517 750 4553 ex
761 4508 836 4568 parta,
845 4500 980 4551 tradiderat.

145 4586 187 4649 (2)
207 4583 256 4633 (lit.
269 4580 432 4632 aWiseman.
941 4600 944 4605 ·

147 4669 189 4735 (³)
208 4669 282 4735 Apol.
293 4667 310 4718 i.
319 4683 345 4718 n.
358 4670 398 4728 65,
410 4667 451 4719 66.
