2812 5062
405 382 407 387 ·
430 348 487 410 ou
509 349 730 411 sucarrron
751 336 980 411 reamare.
1243 351 1303 410 ano

100 506 140 566 tio
155 506 266 566 claret²
307 508 392 575 Quod
407 518 502 567 autem
516 509 659 589 carnficia'
671 527 777 568 nomen
792 529 809 567 a
824 509 967 568 Malachia
987 509 1124 570 oblationi
1139 510 1302 569 christianae

101 622 160 664 non
175 607 213 664 sit
227 606 333 675 datum,
348 608 498 684 aptissime
513 609 642 685 contigit,
658 614 691 667 ut
713 607 867 667 discrimen
888 609 958 666 illud
980 609 1053 667 inter
1066 619 1094 667 et
1115 611 1302 670 animantium

102 702 331 763 immolationem
343 705 543 773 insinuaretur,
555 717 585 764 et
595 707 659 783 ipsa
673 707 796 783 species,
806 707 859 765 snb
871 725 927 780 qua
940 707 1007 766 latet
1020 709 1135 767 victima
1146 718 1250 777 nostra,
1261 711 1303 768 in·

104 796 262 859 dicaretur.'
296 801 400 860 Cultus
415 812 510 860 autern
525 804 575 876 qui
588 802 644 860 fide
659 813 687 860 et
707 803 835 861 oratione
856 814 1013 879 prestatur,
1029 823 1186 877 numquam
1207 804 1302 883 desig·

60 920 71 975 a
104 907 188 956 natur
202 897 232 955 in
249 897 396 975 seripturis
412 916 481 957 voce
493 899 542 957 illa
556 897 965 991 Hebraica-flyjyfl-quae
980 898 1015 957 de
1030 900 1219 958 oblationibus
1228 899 1302 957 Abel

104 1024 132 1073 et
148 1015 238 1084 Cain,
257 1015 334 1074 etde
348 1016 519 1091 quibusdam
542 1016 615 1094 legis
640 994 829 1076 oblationibds
844 1027 1010 1094 usurpatur;
1032 1036 1085 1076 nec
1099 1027 1192 1094 potest
1205 1017 1303 1076 haberi

101 1131 178 1171 novo
194 1112 560 1191 Testamento‘peculiaris,
576 1132 664 1187 quum
680 1115 786 1171 everis
808 1114 864 1173 Dei
879 1114 1035 1172 cultoribus
1050 1133 1166 1192 semper
1186 1126 1302 1192 praesta·

60 1206 63 1211 ’
101 1221 188 1268 retur.
232 1209 277 1269 De
291 1211 431 1270 sacrificio
447 1211 539 1270 crucis
562 1210 722 1269 Malachiae
738 1229 773 1269 eo
794 1211 860 1270 loco
874 1211 914 1269 nil
935 1211 1021 1279 dicit;
1044 1210 1095 1268 sed
1109 1220 1185 1270 totus
1207 1221 1251 1269 est
1271 1220 1303 1286 ut

64 1380 67 1385 Ι
102 1308 213 1368 cultum
228 1329 243 1367 a
258 1311 389 1388 gentibus
406 1311 511 1384 ubique
522 1320 659 1368 terrarum
674 1309 866 1386 praestandum
879 1311 1020 1368 veteribus
1033 1309 1051 1367 J
1054 1309 1200 1369 ndaeorum
1215 1311 1300 1371 sacri·

60 1412 67 1465 .‘
101 1405 179 1463 ficiis
196 1415 359 1483 anteponat.
390 1400 492 1485 Agitur
506 1406 625 1483 proinde
640 1406 675 1465 de
697 1407 812 1483 publico
826 1417 855 1466 et
869 1407 973 1465 visibili
988 1406 1140 1465 sacrificio.
1303 1481 1305 1484 y

142 1507 193 1562 56.
219 1502 284 1582 obj.
301 1509 328 1562 5.
351 1504 508 1580 Apostolus
523 1505 636 1562 unicam
651 1503 734 1562 docet
748 1523 812 1563 esse
826 1501 1010 1571 oblationem,
1026 1521 1090 1562 earn
1111 1504 1221 1562 scilicet
1236 1523 1299 1578 quae

101 1601 133 1658 iu
163 1619 248 1658 cruce
272 1614 316 1658 est
336 1601 427 1659 facta:
459 1601 665 1660 “Sanctificati
689 1620 789 1660 sumus
811 1620 862 1678 per
883 1601 1056 1660 oblationem
1078 1602 1206 1678 corporis
1227 1601 1300 1661 Jesu

100 1695 215 1754 Christi
228 1696 328 1756 semel.
370 1697 410 1756 Et
424 1699 518 1756 omnis
530 1697 649 1771 ‘quidem
660 1698 794 1756 sacerdos
808 1707 912 1775 praesto
927 1707 971 1756 est
982 1696 1108 1771 qnotidie
1121 1698 1297 1767 ministrans,

102 1801 132 1849 et
146 1792 264 1851 easdem
279 1813 356 1871 saepe
370 1794 496 1852 offerens
512 1793 630 1863 hostias,
646 1813 709 1867 quae
731 1812 888 1866 numquam
910 1802 1032 1870 possunt
1051 1794 1161 1851 auferre
1176 1808 1302 1870 peccata.

103 1888 163 1947 Hic
181 1900 276 1949 auteur
291 1905 378 1949 unam
392 1910 443 1968 pro
459 1892 583 1966 peccatis
604 1890 729 1950 offerens
750 1892 884 1959 hostiam,
900 1891 930 1948 in
950 1891 1157 1967 sempiternum
1171 1891 1252 1949 sedet
1272 1893 1303 1951 in

102 1983 221 2043 dextera
246 1985 331 2045 Dei.
355 2029 364 2045 .
386 2029 393 2045 .
417 2028 425 2045 .
448 1987 515 2045 Una
539 1987 616 2045 enim
639 1979 784 2045 oblatione
804 1985 1015 2043 consummavit
1036 1985 1066 2043 in
1095 1986 1303 2063 sempiternum

102 2082 293 2141 sanctificatos
316 2125 324 2142 .
347 2126 355 2143 .
379 2126 387 2142 .
410 2126 418 2142 .
442 2083 500 2142 Ubi
515 2095 611 2142 autem
625 2083 728 2142 horum
749 2083 893 2151 remissio,
910 2083 971 2160 jam
993 2075 1051 2142 non
1073 2093 1117 2142 est
1131 2085 1235 2143 oblatio
1250 2104 1302 2163 pro

103 2180 274 2256 peccarem

141 2277 233 2356 Reep.
255 2278 288 2337 In
304 2297 338 2336 eo
360 2289 404 2338 est
418 2279 461 2339 vis
476 2281 612 2339 orationis
627 2279 770 2358 Apostoli,
787 2278 862 2352 quod
884 2278 998 2337 unicam
1020 2280 1113 2337 crucis
1128 2281 1302 2340 oblationem

101 2372 197 2435 valere
215 2378 250 2434 ad
265 2379 360 2437 omnia
379 2378 499 2437 delenda
513 2390 640 2456 peccata,
655 2390 684 2439 et
698 2379 793 2456 gratiae
808 2388 837 2435 et
850 2377 1006 2435 sanctitatis
1028 2377 1104 2435 dona
1124 2379 1301 2455 impetranda

103 2473 247 2541 ostendat,
270 2495 358 2548 quum
387 2478 440 2535 sub
461 2478 550 2535 veteri
572 2477 635 2553 lege
657 2496 731 2535 nova
752 2474 878 2548 quotidie
901 2474 1118 2534 immolarentur
1138 2477 1302 2546 animantia,

107 2590 173 2644 quae
188 2591 246 2630 non
261 2583 391 2648 poterant
405 2574 514 2631 auferre
531 2582 656 2650 peccata.
698 2573 765 2632 Una
790 2581 834 2630 est
848 2572 951 2639 hostia,
967 2591 1023 2630 una
1036 2573 1153 2641 oblatio,
1169 2594 1232 2647 qnae
1247 2576 1308 2656 sul-4

103 2669 173 2727 secit
186 2668 298 2727 abunde
314 2668 349 2728 ad
364 2680 547 2746 peccatorum
562 2671 773 2737 remissionem,
788 2669 860 2728 adeo
874 2681 906 2728 ut
915 2671 978 2746 jam
992 2689 1050 2728 non
1065 2671 1103 2728 sit
1118 2671 1225 2732 oblatio
1245 2692 1304 2751 pro

98 2770 230 2840 peccato,
247 2764 359 2836 qualem
375 2763 485 2822 scilicet
499 2764 547 2822 lex
559 2765 628 2822 olim
643 2763 827 2841 praescripsit.
870 2763 1016 2822 Caeterum
1030 2765 1094 2840 ipsa
1113 2766 1197 2824 unica
1209 2766 1305 2825 hostia

102 2860 257 2919 exhibetur
278 2859 405 2934 qnotidie
425 2861 455 2920 in
476 2862 626 2936 mysterio,
650 2871 679 2919 ut
705 2850 787 2920 nobis
802 2861 962 2937 applicetur
982 2861 1075 2920 crucis
1097 2863 1213 2923 oblatio.
1256 2865 1305 2924 Ex

103 2975 195 3034 scopo
209 2957 342 3033 Apostoli
368 2975 449 3014 mens
472 2957 535 3033 ejus
556 2957 707 3034 colligitur,
723 2956 843 3015 edocere
864 2956 974 3014 scilicet
995 2956 1085 3014 voluit
1098 2957 1216 3017 Judaeos
1232 2959 1304 3037 legis

103 3056 246 3114 sacrificia
261 3073 326 3112 esse
340 3055 482 3130 abrogata,
505 3067 533 3112 et
554 3054 664 3114 Christi
691 3065 781 3112 morte
802 3054 951 3131 copiosam
971 3053 1199 3131 redemptionem
1221 3059 1305 3115 nobis

104 3154 279 3231 praestitam3
301 3173 354 3211 nec
369 3171 487 3211 necesse
503 3171 568 3211 esse
584 3153 707 3229 amplius
719 3153 821 3211 offerre
836 3151 945 3210 hostias
960 3171 1012 3228 pro
1028 3155 1162 3229 peccatis,
1179 3155 1223 3212 vel
1236 3156 1305 3212 alias

106 3269 301 3326 quascumque
318 3251 458 3310 victimas.
500 3251 560 3309 Res
582 3269 640 3308 non
665 3250 826 3326 postulabat
845 3260 876 3308 ut
890 3249 1047 3326 explicaret
1061 3251 1205 3322 quomodo
1227 3271 1304 3310 mors

106 3348 217 3407 Christi
239 3345 390 3406 recolenda
413 3349 486 3406 foret
506 3348 535 3404 in
558 3346 713 3422 mysteriis,
732 3355 763 3402 ut
782 3345 889 3403 fructus
911 3346 974 3421 ejus
1001 3346 1084 3402 nobis
1111 3347 1303 3422 provenirent,
1381 3396 1384 3402 .

104 3443 182 3520 quod
197 3442 313 3517 quidem
336 3444 405 3500 satis
420 3443 568 3501 constabat
581 3461 618 3500 ex
633 3441 799 3516 quotidiana
812 3438 953 3498 Ecclesia
967 3440 1120 3508 oblatione,
1136 3460 1191 3514 qua
1202 3441 1303 3501 eadem

104 3542 222 3601 victima
235 3558 300 3614 quae
314 3539 344 3598 in
361 3551 504 3599 cruce‘est
518 3540 664 3598 immolata
678 3541 778 3597 iterum
796 3538 955 3609 iterumque
967 3536 1146 3597 offerebatur.

145 3636 196 3700 57.
215 3636 273 3718 obj
285 3643 324 3697 .6.
338 3638 495 3716 Apostolus
503 3636 699 3711 qnotidianam
711 3636 1020 3695 sacrificiioblationem
1031 3637 1148 3695 omnino
1160 3637 1304 3697 excludit:

106 3750 126 3777 ‘⁶
140 3723 210 3798 Non
222 3738 299 3796 enim
315 3739 342 3795 in
360 3738 518 3795 manufacta
533 3745 630 3793 sancta
643 3736 731 3794 Jesus
746 3735 872 3794 introivit
893 3734 1067 3811 exemplaria
1079 3754 1231 3804 verorum3
1253 3736 1306 3796 sed

104 3837 135 3894 in
150 3836 246 3913 ipsum
262 3835 377 3902 coelurn,
398 3845 429 3891 ut
452 3841 587 3910 appareat
600 3851 677 3890 nunc
697 3832 787 3889 vultui
813 3831 869 3890 Dei
884 3851 936 3908 pro
950 3832 1051 3890 nobis:
1075 3851 1168 3905 neque
1184 3845 1214 3891 ut
1227 3853 1305 3912 saepe

103 3931 207 3993 offerat
228 3932 426 4008 semetipsum,
443 3927 684 4003 quemadmodum
699 3927 835 3986 Pontifex
850 3928 934 3986 intrat
949 3928 979 3986 in
994 3928 1098 3987 Sancta
1112 3947 1163 4004 per
1177 3930 1306 4008 singulos

104 4048 198 4091 annm
227 4028 256 4101 in
279 4029 424 4105 vsanguine
450 4026 562 4084 alieno:
594 4025 721 4099 alioquin
746 4025 896 4102 oportebat
919 4043 985 4083 eum
1007 4025 1170 4099 frequenter
1192 4029 1250 4104 pati
1272 4031 1306 4087 ab

103 4129 217 4208 origine
232 4127 350 4185 mundi:
373 4143 449 4183 nunc
464 4135 558 4182 autem
574 4123 664 4181 semel
679 4123 707 4181 in
729 4123 976 4182 consummatione
990 4122 1173 4193 seculorum,
1189 4125 1225 4184 ad
1240 4126 1304 4184 des·

139 4325 184 4392 (1)
204 4329 220 4354 ‘⁴
227 4321 283 4373 The
294 4321 406 4373 anciants
417 4320 510 4385 always
522 4319 597 4385 epoho
608 4320 636 4368 of
648 4319 690 4371 the
701 4319 833 4370 Eucharist
845 4335 872 4369 ae
882 4319 925 4369 the
941 4318 1058 4381 sacrifice,
1070 4335 1097 4370 or
1108 4319 1215 4370 oblation
1226 4320 1255 4369 of
1267 4321 1310 4372 the

102 4409 226 4469 Gentiles,
237 4407 265 4458 in
277 4405 417 4472 opposition
429 4413 455 4455 to
466 4404 536 4455 those
547 4403 576 4453 ol
589 4402 631 4454 the
642 4403 717 4466 Jews,
728 4404 801 4455 when
818 4403 876 4468 they
894 4403 985 4467 argued
996 4404 1094 4468 against
1104 4403 1171 4463 them
1187 4405 1250 4455 from
1267 4406 1310 4457 the

100 4496 229 4566 prophecy
241 4495 270 4544 os
278 4491 411 4544 Malacbi.”
431 4493 534 4550 Hiclres,
542 4491 679 4557 epiecopus,
689 4491 848 4556 Anglieenua,
856 4490 897 4541 the
909 4489 1035 4543 Christian
1044 4489 1186 4542 Priestbood
1196 4494 1309 4556 amnon,

99 4599 137 4651 pp
156 4585 200 4632 et.
211 4579 277 4647 apud
289 4579 445 4631 Oxonienses
456 4595 481 4646 p.
494 4581 554 4628 258.

139 4668 186 4737 (2)
205 4667 271 4719 Heb.
288 4684 314 4719 x.
327 4670 367 4718 10.

682 4755 739 4812 2³*
