2774 5056
382 307 440 371 DE
461 307 986 373 TRANSUBSTANTIATIONE.
1103 324 1108 335 ’
1228 314 1281 371 lul

92 465 199 541 aliquis,
214 464 347 527 delinitur
359 485 472 528 sensus.
513 467 572 527 Sed
586 469 667 546 panis
682 468 759 528 nulla
775 469 884 528 ratione
897 469 1073 529 connectitur
1085 487 1151 529 cum
1175 467 1286 528 Christi

91 581 219 642 corpore,
241 582 334 638 neque
361 565 577 634 consuetudine,
599 583 691 638 neque
712 566 826 645 reipsa:
849 565 970 639 ideoque
992 564 1104 624 Christi
1121 566 1206 625 verba
1228 585 1286 626 non

90 671 218 739 poterant
252 661 373 740 intelligi
406 662 442 721 de
476 663 570 740 signo,
599 663 729 739 pignore,
767 663 812 721 vel
853 663 1042 721 instrumento
1078 662 1125 721 sui
1157 665 1287 741 corporis

91 757 277 837 adipiscendi.
301 759 444 818 Caeterum
456 760 562 820 locutio
588 760 636 818 illa
650 761 791 820 testatoris
806 754 892 834 quam
908 760 991 839 tingit
1005 760 1132 819 Cosinus
1154 762 1289 820 inusitata

90 865 141 926 est,
155 867 186 915 et
199 857 320 916 insulsa.

128 957 197 1013 168.
223 953 292 1035 Obj.
309 958 336 1015 6.
359 954 516 1031 Apostolus
530 953 565 1012 de
577 973 650 1031 pane
664 954 797 1029 loquitur,
813 963 957 1027 tamquam
968 954 1018 1028 qui
1028 965 1160 1032 superest
1174 964 1202 1013 et
1213 955 1289 1015 fran-

91 1052 164 1130 gitur
176 1052 210 1111 in
223 1052 412 1112 eucharistia:
435 1061 455 1089 “
467 1053 550 1130 panis
565 1071 650 1126 quem
663 1051 831 1130 frangimus,
844 1071 939 1111 nonne
954 1053 1134 1131 participatio
1155 1055 1286 1130 corporis

91 1146 211 1207 Domini
224 1161 269 1207 est
277 1148 325 1206 l''²
367 1149 640 1223 “Quotiescumque
660 1149 737 1208 enim
759 1149 964 1209 manducabitis
980 1168 1084 1226 panem
1106 1150 1191 1208 hunc.
1216 1191 1223 1208 .
1247 1191 1255 1208 .
1278 1191 1286 1208 .

67 1315 74 1333 ·
93 1247 267 1321 quicumque
280 1247 492 1306 manducaverit
506 1266 608 1325 panem
621 1247 707 1306 hunc.
730 1288 738 1305 .
761 1289 769 1306 .
792 1289 800 1306 .
822 1248 927 1307 Probet
938 1259 1032 1308 autem
1047 1249 1174 1326 seipsum
1186 1249 1285 1318 homo,

92 1354 119 1405 11
130 1345 175 1404 111
185 1344 223 1404 (11
237 1364 311 1423 pane
324 1345 374 1405 illo
388 1345 500 1405 edat.”⁹
539 1345 736 1405 Inverosimile
757 1359 801 1405 est
820 1365 887 1406 eum
908 1364 1011 1423 panem
1025 1357 1082 1407 tam
1107 1366 1184 1426 sepe
1198 1347 1289 1407 nomi·

95 1461 191 1513 nasse,
205 1444 232 1503 si
244 1444 326 1521 panis
341 1462 521 1519 nequaquam
536 1444 657 1503 adesset.

125 1541 218 1621 Hesp.
241 1542 338 1610 Quum
352 1543 435 1619 panis
449 1542 485 1601 ad
498 1543 705 1602 conficiendam
719 1542 917 1603 eucharistiam
930 1543 1104 1612 adhibeatur,
1119 1555 1148 1603 11
1172 1553 1285 1604 maneat

103 1642 166 1719 111
182 1641 307 1718 species,
322 1641 426 1700 mirum
447 1660 505 1700 non
525 1652 569 1699 est
594 1660 660 1700 enm
682 1642 832 1710 nominari,
847 1642 913 1701 licet
932 1642 1088 1701 substantia
1107 1643 1169 1720 ejus
1197 1641 1293 1702 diviua

98 1746 233 1816 potestate
247 1738 278 1796 in
293 1736 402 1796 Christi
423 1757 527 1816 corpus
542 1738 693 1796 transierit.
735 1739 880 1797 Caeternm
902 1738 1059 1815 Apostolus
1073 1758 1138 1798 cum
1153 1739 1288 1816 emphasi
1324 1766 1327 1773 ¹

99 1834 216 1908 quadam
237 1853 304 1894 enm
324 1834 461 1903 nominat,
478 1845 507 1893 ut
531 1855 547 1892 a
568 1854 651 1912 pane,
673 1836 800 1912 corporis
822 1835 895 1904 cibo,
913 1834 1121 1912 distinguatur;
1143 1848 1171 1894 et
1186 1854 1291 1914 corpus

101 1931 215 1993 Domini
229 1931 353 1990 discerni
368 1943 396 1990 et
409 1933 527 2010 agnosci
540 1932 639 2009 exigit,
650 1949 729 1990 reum
742 1951 807 1990 esse
816 1931 943 2008 corporis
954 1932 1050 1990 violati
1064 1931 1212 1991 declarans
1224 1950 1291 1991 eum

104 2031 145 2104 qui
157 2029 284 2109 depone
296 2027 346 2087 tuo
361 2028 476 2107 indigne
486 2028 650 2088 comederit.
689 2014 844 2106 Frangitur
855 2029 937 2106 panis
951 2028 1011 2098 ille,
1025 2041 1164 2103 qnatenus
1178 2030 1292 2106 species
1341 2078 1344 2089 .

106 2126 272 2204 irangnntnr,
284 2125 381 2185 omnis
394 2127 471 2185 enirn
486 2124 584 2184 divino
594 2125 716 2185 consilio
729 2126 768 2185 ita
781 2126 914 2184 sensibus
928 2126 1099 2186 exhibentur
1114 2128 1195 2200 quasi
1210 2126 1293 2204 panis

110 2236 222 2283 naneret
236 2223 404 2282 substantia.

143 2325 205 2382 ltu.
231 2314 300 2401 obj.
314 2328 344 2383 7.
367 2322 470 2381 Patres
481 2339 581 2381 omnes
593 2321 748 2399 spiritalem
759 2334 789 2381 et
802 2321 955 2399 mysticam
968 2341 1032 2380 esse
1046 2321 1156 2380 Christi
1170 2338 1295 2398 praesen·

113 2419 166 2480 iam
177 2421 207 2481 in
221 2420 405 2481 Eucharistia
418 2418 569 2487 declarant,
584 2431 613 2478 et
627 2439 729 2496 panem
744 2431 773 2478 et
788 2420 886 2479 vinum
898 2438 1052 2497 superesse
1066 2429 1132 2496 post
1146 2436 1296 2477 consecra·

115 2516 214 2579 donem
255 2518 388 2579 Justinns
402 2516 471 2575 dicit
485 2517 515 2575 in
535 2526 613 2575 coetu
624 2515 751 2575 fidelium
776 2516 837 2574 dari
858 2517 941 2594 panis
955 2527 984 2574 et
998 2516 1056 2573 vini
1079 2516 1250 2593 portionem,
1265 2525 1296 2573 et

119 2630 211 2677 carnem
225 2625 255 2675 11
267 2615 436 2692 sanguinem
451 2615 489 2673 ali
502 2614 558 2673 hoc
572 2614 637 2672 cibo
657 2613 779 2692 digesto.

146 2708 224 2791 Resp.
247 2710 410 2790 Spiritalem
425 2720 454 2768 et
476 2711 627 2787 mysticam
643 2709 753 2769 Christi
775 2709 956 2788 praeentiam
971 2718 1000 2768 et
1020 2727 1073 2768 nos
1094 2709 1297 2786 agnoscimus,

122 2818 236 2878 quatenus
249 2828 355 2887 corpus
371 2819 400 2867 et
413 2808 530 2886 sangnis
546 2808 656 2866 Christi
671 2808 789 2867 naturali
804 2826 856 2865 sua
866 2807 1029 2867 conditione
1044 2826 1103 2866 non
1117 2807 1201 2866 nobis
1217 2806 1299 2865 exhi·

54 2890 59 2903 ’
122 2900 208 2977 benur,
222 2909 336 2987 species
350 2908 428 2968 enim
440 2905 659 2965 sacramentales
674 2915 781 2964 tantum
796 2904 938 2972 videmus,
954 2922 1059 2982 corpus
1073 2915 1102 2962 11
1123 2904 1297 2981 sanguinem

124 2996 424 3065 connecteremus.
467 3001 611 3061 Caeterum
627 3020 732 3070 veram,
754 3001 871 3070 realem,
887 3000 1102 3060 substantialem
1117 3002 1299 3077 praesentiam

125 3105 196 3170 putres
213 3114 315 3164 omnes
338 3103 488 3164 nobiscum
511 3101 642 3168 latentur,
658 3099 735 3173 quod
756 3099 881 3158 recitatis
905 3099 1078 3157 testimoniis
1106 3099 1298 3175 probavimus.

126 3190 211 3261 Panem
222 3211 250 3261 et
263 3202 363 3261 vinum
377 3218 528 3277 superesse
542 3217 600 3257 non
614 3196 797 3266 tradidemnt,
810 3196 862 3255 sed
873 3215 889 3255 e
901 3207 999 3256 contra
1012 3197 1173 3274 sepissime
1185 3215 1302 3255 monne·

128 3301 382 3361 1111111111
408 3299 461 3358 hac
484 3299 514 3356 in
536 3315 566 3355 re
588 3295 711 3373 decepti,
726 3296 904 3354 sacramenti
928 3295 1063 3361 veritatis,
1081 3295 1164 3371 juxta
1189 3293 1301 3353 Christi

134 3394 208 3467 rsus,
228 3398 441 3458 obliviscamur.
482 3394 626 3454 Ceterum
651 3411 740 3467 quum
763 3394 844 3471 panis
865 3404 894 3451 et
907 3394 1005 3451 vinum
1027 3391 1061 3449 ad
1086 3391 1302 3449 Sacramentum

132 3493 317 3556 confidendum
331 3495 526 3562 adhibeantur,
541 3502 680 3551 eteorum
695 3502 819 3549 externae
834 3490 946 3568 species
962 3498 1104 3554 maneant,
1119 3488 1223 3546 mirum
1245 3505 1304 3547 non

50 3568 53 3583 ¹
132 3591 194 3648 tstsi
205 3604 296 3671 patres
310 3590 463 3666 aliquando
478 3592 539 3649 haec
554 3590 671 3648 nomina
682 3597 830 3663 usurpent,
840 3586 970 3644 familiari
983 3585 1030 3643 illa
1041 3584 1150 3643 ratione
1164 3583 1303 3658 loquendi

50 3726 52 3737 ·
135 3679 312 3767 inscriptum
326 3690 432 3766 sapius
447 3687 581 3754 adhibita,
598 3687 682 3764 juxta
697 3704 781 3758 quarn
804 3702 860 3758 qua
880 3703 917 3742 ex
931 3704 961 3744 re
976 3683 1044 3759 quid
1069 3683 1173 3742 factum
1188 3684 1235 3754 sit,
1257 3684 1304 3744 vel

50 3768 52 3789 ²
134 3794 200 3851 1111
211 3786 372 3863 praseferat
385 3785 504 3844 formam
519 3783 680 3860 respicitur,
695 3801 751 3856 qua
766 3782 873 3840 ratione
887 3790 916 3840 et
929 3801 982 3841 nos
1003 3782 1156 3856 loquimur.
1195 3781 1304 3841 Justini

133 3877 677 3947 1111111111111111111111110611111,
693 3896 746 3936 nec
761 3879 837 3937 enim
852 3878 1014 3955 portionem
1029 3877 1110 3954 panis
1125 3877 1225 3935 etvini
1244 3876 1305 3935 dari

133 3970 283 4040 adrandum
296 3980 375 4050 dicit,
390 3977 441 4037 sed
463 3997 564 4056 panem
579 3987 607 4035 et
628 3976 762 4054 poculum
779 3996 859 4050 aquae
873 3985 903 4034 et
918 3976 975 4034 vini
997 3975 1092 4033 afferri
1107 3975 1233 4052 praesuli,
1255 3976 1305 4048 qui

134 4069 224 4143 prolixe
236 4095 320 4156 snper
333 4077 369 4135 iis
385 4094 485 4155 preces
498 4087 526 4133 et
540 4073 739 4133 eucharistiam
755 4073 830 4140 facit,
844 4073 947 4146 quibus
962 4072 1099 4130 absolutis
1114 4072 1195 4149 panis
1212 4088 1309 4130 conse·

142 4175 233 4242 1111111,
245 4193 376 4236 unacum
393 4176 461 4235 rino
473 4186 502 4233 et
516 4192 589 4248 aqua
602 4174 706 4250 pariter
720 4176 892 4233 consecratis
907 4170 1112 4231 distribuuntur
1126 4193 1141 4229 a
1156 4172 1306 4230 diaconis:

135 4258 330 4350 hamtunam
339 4278 419 4343 ἰκαςφ
429 4277 479 4328 τῶν
490 4288 610 4343 naporum
621 4277 769 4342 paratellam
779 4270 829 4326 doto
839 4287 869 4325 re
879 4270 1142 4342 loxuptmbsvrordprs
1152 4291 1196 4324 scs
1206 4275 1254 4323 oisc
1266 4290 1311 4324 scs

513 4472 555 4537 (1)
576 4467 755 4520 1611111.
846 4456 852 4473 ‘
940 4484 944 4497 ·

509 4560 550 4628 ta)
569 4559 590 4612 1.
603 4555 861 4620 6111111111.
