2774 5056
143 280 202 343 228
414 282 471 344 DE
491 280 775 343 PERMANENTI
796 280 1060 352 PRAESENTIA,

142 461 245 505 manus
273 442 391 501 Christo
415 441 446 524 in
471 459 575 500 curce:
597 460 614 499 a
636 440 716 499 vohis
739 458 893 517 percussus
914 450 959 501 est
978 441 1009 500 in
1023 440 1124 500 altari!
1147 482 1157 501 .
1180 483 1188 500 .
1211 482 1220 500 .
1243 482 1252 500 .
1274 441 1346 502 Hoc

141 550 238 598 mmen
251 539 375 596 immane
389 536 498 595 facinus
513 556 530 595 a
544 536 624 595 vohis
645 536 819 614 geminatum
842 546 895 605 est,
910 536 979 595 dum
993 536 1119 614 fregistis
1133 536 1221 595 etiam
1235 536 1346 596 calices

144 636 254 695 Christi
267 635 413 713 sanguinis
427 632 633 713 portatores.”²

181 738 252 792 262.
274 733 306 790 8.
331 733 467 792 loannes
494 731 731 792 Cunnsosuouus
757 730 793 789 ad
815 730 847 789 S.
869 730 1070 791 Innocentium
1091 731 1117 791 I.
1142 731 1284 802 scribens,
1308 731 1345 793 de

145 830 283 891 militibus
297 831 332 888 ab
346 831 515 908 imperatore
529 830 626 888 missis
642 829 697 886 ait:
720 828 863 888 “Locum
878 829 908 888 in
929 847 986 902 quo
1001 838 1098 889 sancta
1120 829 1234 889 condita
1247 848 1347 890 serso·

146 928 255 995 bantur,
270 927 393 1004 ingressi
409 936 475 985 suut
490 926 604 994 milites,
619 944 741 999 quorum
763 925 873 999 aliquos
887 925 994 984 scimus
1015 926 1101 983 nullis
1122 925 1248 987 initiatos
1262 946 1348 1006 mys·

144 1024 233 1092 teriis,
258 1034 286 1082 et
309 1022 440 1082 viderunt
461 1022 641 1096 omniaque
668 1022 744 1081 intus
764 1030 859 1091 erant3
880 1022 949 1096 quin
969 1031 998 1080 et
1022 1032 1109 1080 testes
1130 1041 1241 1093 sumus,
1263 1024 1346 1098 quod

143 1120 252 1182 christi
269 1122 397 1201 sanguis,
412 1121 530 1180 sicutin
552 1120 601 1180 tali
621 1120 743 1180 tumultu
767 1120 916 1199 contingit,
938 1121 968 1180 in
992 1119 1192 1198 praedictorum
1216 1123 1345 1185 militum

143 1232 237 1280 vestes
253 1219 362 1280 effusus
376 1218 467 1279 ost’'⁸
866 1283 867 1286 ,

178 1323 248 1378 263.
272 1317 739 1379 S.Can11.r.ushnuxsuonmus:
763 1314 886 1375 “Audio
900 1315 1011 1390 aliquos
1032 1316 1161 1390 sesequi
1181 1318 1355 1395 mysticam,

141 1415 294 1494 Eulogiam
309 1414 382 1474 nihil
396 1414 431 1473 ad
446 1414 698 1473 sanctificationem
715 1414 816 1492 juvare
830 1412 933 1481 dicant,
948 1412 974 1471 si
988 1412 1058 1487 quid
1071 1432 1109 1472 ex
1121 1432 1156 1472 ea
1169 1414 1220 1473 liat
1234 1416 1342 1493 reliqui
1357 1400 1365 1411 ⁸

144 1515 175 1573 in
190 1514 276 1573 alium
297 1513 384 1571 diem.
425 1511 575 1571 Insaniunt
595 1530 663 1570 vero
677 1511 727 1585 qui
746 1511 808 1570 hac
823 1519 970 1580 asserunt;
992 1529 1084 1585 neque
1104 1512 1181 1571 enim
1208 1513 1346 1575 alteratur

146 1612 291 1680 Christus,
306 1628 401 1683 neque
414 1619 544 1668 sanctum
558 1628 663 1686 corpus
683 1610 746 1686 ejus
761 1610 935 1677 immutatur,
950 1609 1001 1667 sed
1021 1609 1228 1671 benedictionis
1242 1613 1288 1672 vis
1309 1634 1345 1674 ac

144 1708 261 1767 facultas
277 1717 307 1765 ct
319 1705 467 1763 vivificans
481 1705 570 1783 gratia
583 1714 720 1783 perpetua
733 1705 763 1763 in
777 1705 827 1764 illo
840 1703 981 1763 existit'’⁸

176 1803 328 1863 Probatur
338 1801 399 1861 III.
411 1819 448 1861 ee
458 1800 673 1879 antiquissimu
684 1800 895 1860 consuetudine
905 1798 1098 1860 conservandi
1109 1800 1340 1866 eucharistiam.

87 1948 99 1977 ,3
178 1903 247 1960 264.
270 1899 301 1957 S.
316 1898 334 1958 J
338 1915 462 1957 osrrnus
478 1896 523 1957 M.
539 1906 655 1955 testatur
668 1914 731 1956 eam
748 1895 850 1955 deferri
864 1917 881 1955 a
901 1896 1029 1957 diaconis
1043 1896 1079 1955 ad
1090 1897 1341 1967 absentes-rust

71 1990 83 2067 :³
137 2013 223 2070 napae
240 1995 383 2063 ἀποφερκσιε
404 2001 424 2030 “
434 1993 469 2052 ad
483 1994 613 2053 absentes
634 1991 826 2070 perferunt.‘’⁴

57 2088 69 2165 ¹,‘
178 2092 247 2149 265.
270 2088 302 2147 8.
317 2089 458 2149 Inuumus
472 2090 584 2149 monuit
596 2088 743 2148 Victorem
758 2090 927 2168 episcopum
942 2091 1104 2151 Romanum
1119 2109 1189 2151 suos
1203 2091 1341 2154 decesso·

52 2208 57 2243 r
136 2204 181 2245 res
196 2188 380 2247 consuevisse
402 2189 600 2247 eucharistiam
624 2187 735 2247 mittere
756 2187 791 2246 ad
813 2189 977 2267 episcopos,
992 2189 1022 2248 iu
1045 2208 1168 2263 quorum
1200 2189 1347 2254 ecclesiis'

46 2288 53 2335 l
135 2283 248 2344 Pascha
269 2288 432 2346 servabatur
457 2286 502 2345 die
527 2286 630 2346 eodem
654 2305 713 2360 quo
738 2285 833 2345 Judaei
857 2306 942 2346 suum
967 2288 1336 2356 servabant-roissiacum

134 2397 266 2453 stupam
276 2398 386 2454 supponem
396 2385 505 2454 ἔπεμπον
515 2379 664 2453 ἐυχαριςίσν
666 2388 678 2420 ⁵

78 2520 99 2583 s
175 2487 245 2541 266.
267 2482 514 2552 Toronaicum,
539 2501 660 2541 uxorem
687 2499 769 2541 suam
796 2482 831 2540 ab
860 2481 991 2541 ineundis
1020 2482 1101 2541 novis
1130 2480 1240 2559 nuptiis
1268 2489 1340 2558 post

68 2622 72 2641 .-
135 2589 256 2637 mortem
279 2599 359 2638 suam
374 2599 438 2638 cum
461 2580 575 2637 ethnico
597 2579 714 2637 homine
741 2588 771 2636 ut
792 2577 939 2646 deterreat,
955 2578 984 2637 id
1007 2579 1080 2637 inter
1101 2589 1205 2637 oaetera
1218 2577 1339 2636 adducit

58 2676 65 2749 ζ’
138 2686 345 2753 argumentum,
363 2676 439 2748 quod
454 2677 571 2733 maritus
587 2676 726 2733 nonsatis
748 2687 930 2734 veneraretur
949 2676 1064 2734 coeleste
1088 2673 1144 2734 hoc
1165 2677 1338 2734 Sacramen-

136 2781 206 2843 tum,
221 2771 301 2844 quod
321 2773 404 2849 juxta
418 2771 493 2828 illius
509 2772 599 2828 aetatis
614 2771 805 2848 disciplinam,
821 2772 919 2831 fideles
934 2773 1011 2832 dorni
1027 2771 1055 2831 in
1070 2793 1134 2832 arca
1148 2792 1236 2851 parva
1255 2778 1337 2832 tene·

62 2926 65 2933 ,
134 2867 212 2934 bant,
228 2885 310 2925 mane
325 2867 394 2925 illud
408 2868 463 2924 sibi
477 2867 725 2926 administrantes:
749 2879 768 2905 “
780 2870 848 2927 Non
863 2871 934 2929 sciet
948 2871 1076 2937 maritus,
1089 2869 1158 2945 quid
1173 2871 1202 2929 in
1216 2870 1336 2929 occulto

134 2974 197 3022 ante
212 2982 327 3022 omnem
343 2965 437 3021 cibum
452 2964 593 3022 sumas.''³

84 3078 89 3135 ξ
173 3066 242 3120 267.
265 3061 296 3119 8.
314 3060 487 3120 cremanus
503 3073 613 3120 narrat:
637 3062 774 3122 “Mulier
788 3064 918 3137 quaedam
933 3085 998 3124 oum
1011 3084 1105 3123 arcam
1126 3084 1206 3123 suam
1223 3064 1256 3122 in
1277 3083 1338 3139 qua

74 3152 87 3205 ί
133 3160 278 3218 §morou
298 3158 414 3217 Doumr
438 3159 538 3227 fuerat,
564 3158 689 3237 indignis
715 3162 845 3220 manibus
871 3173 1006 3222 tentasset
1026 3163 1147 3240 aperire,
1171 3162 1239 3239 igne
1262 3162 1333 3222 inde

72 3208 93 3327 h
133 3268 265 3337 surgente
280 3258 410 3317 deterrita
423 3257 514 3316 est.”⁷
924 3302 930 3315 .

171 3361 240 3415 268.
263 3356 295 3412 8.
309 3356 448 3414 Brsmrus
464 3357 507 3414 M.
518 3355 604 3414 dicit:
628 3364 647 3392 ‘⁴
657 3356 837 3415 Alexandria
849 3368 878 3416 et
888 3378 939 3436 per
950 3359 1114 3437 AEgyptum
1126 3359 1335 3434 unnsquisque

134 3456 218 3514 eham
234 3454 269 3512 de
283 3454 376 3530 plebe,
392 3464 423 3511 ut
437 3453 591 3530 plurimum
604 3454 689 3512 habet
703 3453 780 3511 dorni
796 3474 854 3512 suae
869 3452 1149 3516 communionem.’'⁸

170 3554 239 3608 269.
262 3550 398 3608 Paulinus
420 3549 565 3608 Diaconos
580 3551 609 3608 in
624 3550 681 3607 vita
695 3549 727 3606 8.
743 3551 887 3608 Ambrosii
902 3563 995 3610 narrat
1011 3553 1042 3610 8.
1059 3553 1243 3615 Honoratum
1260 3557 1338 3617 Ver·

132 3645 284 3704 cellensem
306 3646 484 3723 episcopum,
500 3666 566 3705 oum
588 3646 618 3704 in
643 3646 784 3724 superiori
806 3647 928 3707 tabulato
949 3648 1140 3720 decumberet,
1156 3651 1274 3730 coelitus
1296 3654 1336 3714 da

479 3919 506 3974 ll
525 3913 555 3966 L.
568 3917 598 3966 de
609 3917 738 3969 schismate
749 3915 943 3981 Donatistarum,
954 3937 980 3972 n.
991 3922 1007 3972 i.
1020 3925 1045 3973 2.

461 4006 503 4070 (2)
524 4005 572 4069 Ep
584 4004 615 4054 ud
626 4005 710 4055 Innoc.

479 4094 507 4158 3)
528 4092 575 4156 Ep.
585 4091 615 4140 ad
628 4089 795 4157 Calosyrium.

460 4178 502 4243 (4)
522 4176 643 4242 Apologia
654 4176 671 4226 i.
679 4193 704 4226 n.
717 4180 756 4226 65.

461 4263 503 4329 (5)
523 4262 597 4327 Apud
609 4262 701 4313 Euseh.
713 4263 729 4314 l.
740 4280 763 4314 v.
774 4265 830 4316 hist.
843 4265 911 4317 Eool.
924 4281 947 4316 c.
958 4265 1027 4317 xxiv.

460 4347 501 4413 (6)
520 4346 579 4397 1..'·
562 4364 587 4397 n
599 4348 630 4397 ad
642 4347 760 4400 Uxorem.

462 4433 473 4496 (
492 4434 503 4498 )
523 4431 553 4483 L.
565 4433 595 4482 dc
606 4434 687 4499 lapsis.

461 4518 502 4583 (8)
523 4519 571 4584 Ep.
583 4535 721 4570 oenum.
737 4520 768 4571 ad
780 4520 910 4572 Cesariam
921 4521 1057 4573 Patricium.

464 3919 475 3984 (

466 4092 477 4157 (

475 4437 490 4481 r
