2812 5062
226 335 283 397 na
301 335 595 397 conuuuroun
618 338 697 399 sua
717 338 917 407 asaneus
937 294 1100 401 senata.
1200 346 1256 401 aa

10 480 22 515 ἓ
113 498 182 554 301.
204 493 250 553 De
261 487 461 555 communione
475 497 656 571 subatraque
670 497 766 575 specie
787 496 1051 576 decrevitsynodus
1066 499 1257 560 Tridentino:

10 578 20 611 ²
73 591 137 650 “Si
151 592 217 665 quis
230 591 343 661 dixerit,
357 611 394 652 ex
410 592 466 652 Dei
479 604 632 671 praecepto,
645 595 690 653 vel
701 597 868 655 necessitate
882 595 991 664 salutis,
1006 614 1107 655 omnes
1122 609 1150 657 et
1163 598 1261 676 singu·

10 700 14 775 ᾗ
71 689 117 749 los
136 688 344 750 Christifideles
366 700 515 764 utramque
537 692 661 768 speciem
688 693 859 752 sanctissimi
881 691 1059 751 eucharistiae
1084 694 1260 753 Sacramenti

10 780 15 803 ²
70 803 186 846 sumere
210 785 322 855 debere,
348 786 497 846 anathema
518 786 588 845 sit.”
629 787 691 845 “Si
716 789 781 860 quis
805 787 919 856 dixerit,
940 789 1075 848 Sanctam
1096 789 1258 849 Ecclesiam

34 888 37 893 '
69 880 252 942 catholicam
274 902 333 943 non
348 883 435 960 justis
455 884 559 952 causis,
574 894 602 942 et
625 885 778 944 rationibus
804 885 953 945 adductam
978 885 1078 955 fuisse,
1107 899 1138 946 ut
1158 888 1257 956 laicos,

33 968 36 975 ¹
67 991 156 1056 atque
170 983 254 1041 etiarn
267 981 385 1040 clericos
400 1001 457 1041 non
471 982 665 1052 conficientes,
686 984 738 1042 sub
758 984 840 1060 panis
855 982 1049 1045 tantummodo
1063 986 1160 1062 specie
1181 1004 1259 1044 com·

18 1112 22 1119 ,
67 1079 238 1146 manicaret,
253 1088 300 1136 aut
312 1078 342 1136 iu
356 1095 390 1136 eo
404 1096 523 1146 errasse,
538 1079 687 1138 anathema
700 1077 769 1137 sit.”
800 1079 939 1153 “Siquis
954 1080 1110 1158 negaverit,
1125 1092 1214 1140 toturn
1231 1091 1261 1139 et

67 1175 212 1252 integrum
226 1173 384 1243 Christum,
395 1175 523 1233 omniurn
537 1175 687 1252 gratiarnm
701 1175 808 1235 fonmm
824 1184 853 1234 et
866 1184 1021 1246 auctorem,
1036 1176 1089 1235 sub
1103 1195 1160 1235 una
1175 1177 1257 1253 panis

66 1274 169 1351 specie
183 1274 268 1342 sarni,
283 1272 359 1347 quia,
373 1282 405 1330 ut
416 1272 531 1346 quidam
545 1272 615 1333 saled
631 1283 769 1342 asserunt,
786 1294 844 1334 non
865 1276 1021 1335 secundum
1042 1276 1133 1353 ipsius
1149 1275 1257 1335 Christi

64 1370 275 1431 institutionem
285 1370 339 1429 snb
352 1376 471 1444 unaque
484 1371 581 1449 specie
595 1383 730 1441 sumatur,
746 1372 895 1432 anathema
907 1372 988 1432 sit''¹

573 1585 756 1627 PRCPOSITIC·

106 1722 202 1785 Nullo
217 1722 275 1784 Dei
282 1732 437 1807 precepto,
452 1722 590 1803 nudaque
603 1725 774 1785 necessitate
794 1723 901 1786 salutis
915 1726 1016 1785 omnes
1033 1723 1145 1786 Christi
1150 1724 1257 1806 fideles

64 1830 225 1903 utramque
238 1822 362 1903 specim
374 1822 559 1883 sanctissimi
578 1822 762 1883 mahumetis
778 1822 966 1884 Sacramcati
976 1841 1090 1884 sumere
1104 1822 1215 1885 dehent.

106 1920 260 1981 Probatur
273 1920 300 1981 1.
316 1939 352 1981 ea
365 1928 476 1982 natura
493 1917 687 1980 Sacramenti.

108 2023 179 2078 302.
195 2019 407 2079 Sacramentum
419 2027 530 2078 constat
541 2036 660 2095 corpore
674 2019 847 2097 etsanguine
859 2016 978 2080 Christi,
988 2035 1053 2090 quae
1064 2036 1119 2076 ase
1133 2018 1256 2080 invicem

64 2134 124 2176 non
136 2127 311 2195 separantur,
321 2136 386 2175 nam
400 2127 418 2153 ‘⁴
430 2116 564 2174 Christus
574 2112 723 2193 resurgens
735 2134 772 2173 cx
781 2116 899 2174 mortuis
905 2115 965 2193 jam
974 2133 1032 2173 non
1042 2115 1169 2185 moritur,
1179 2135 1255 2175 mors

62 2213 105 2272 illi
119 2213 192 2272 ultra
211 2232 270 2273 nou
284 2210 521 2271 dominabitur.’''
562 2210 641 2288 Ergo
663 2220 737 2269 totus
751 2211 886 2288 recipitur
899 2210 1032 2268 Christus
1047 2210 1100 2269 sab
1125 2210 1257 2269 alterutra

64 2312 186 2390 specie:
209 2312 338 2386 quamvis
353 2311 430 2370 enim
444 2311 472 2368 vi
484 2309 631 2368 verborum
648 2328 751 2387 corpus
766 2308 873 2368 Christi
887 2316 993 2367 tantum
1003 2308 1056 2366 snb
1067 2308 1148 2385 panis
1159 2309 1255 2385 specie

62 2418 196 2486 ponatur,
210 2407 428 2468 concomitantia
441 2417 544 2474 tamen,
561 2406 679 2465 naturali
693 2405 802 2463 scilicet
822 2404 1032 2482 conjunctione,
1047 2405 1163 2482 sanguis
1184 2422 1254 2479 quo·
1319 2433 1323 2437 ·

65 2522 122 2578 que
136 2503 225 2563 adest.

101 2600 255 2662 Probatur
268 2599 312 2660 II.
323 2607 501 2681 argumento
513 2596 664 2678 negativo.

102 2704 172 2761 303.
194 2701 228 2759 Si
242 2698 317 2774 qnod
329 2699 625 2778 sitDeipraecepturn,
639 2696 695 2755 illis
711 2696 818 2756 Christi
830 2695 922 2755 verbra
931 2695 1134 2755 continetur
1138 2696 1252 2758 ‘Bibits

63 2816 101 2859 ex
113 2800 171 2861 hoc
183 2818 305 2859 omnes:
298 2798 340 2834 ·'’⁸
361 2799 454 2872 siqua
467 2798 620 2858 necessitas
633 2796 740 2864 salutis,
751 2815 788 2855 ex
799 2795 855 2853 illis
864 2795 956 2854 verbis
968 2794 1160 2853 derivaturt‘
1164 2796 1252 2856 ‘Nisi

61 2898 297 2958 mandacaveritis
322 2916 435 2956 carnem
464 2896 531 2955 Filii
551 2895 688 2961 hominis,
709 2905 737 2952 et
756 2893 882 2952 biberitis
903 2893 966 2971 ejus
992 2894 1171 2970 sanguinem,
1193 2913 1252 2954 nou

59 2995 200 3055 hahebitis
210 2996 296 3059 vitam
311 2996 340 3055 in
352 2992 482 3053 vobis.”⁴
522 2994 652 3051 Attamen
672 2990 799 3050 divinum
824 3000 997 3068 preceptum
1012 3008 1114 3049 ornnes
1128 2991 1250 3050 obstrin-

63 3112 134 3171 gens
145 3091 243 3151 tideles
258 3093 344 3171 priori
358 3092 407 3151 illo
421 3090 583 3149 testimonio
592 3108 649 3147 non
663 3089 805 3167 probatur,
817 3106 883 3148 nam
892 3097 1064 3166 preceptum
1076 3087 1249 3147 adstantibus

62 3188 209 3268 Apostolis
230 3189 324 3248 datum
346 3199 398 3255 est,
420 3197 448 3246 et
468 3186 502 3245 ab
523 3186 594 3263 ipsis
615 3186 708 3243 statim
734 3183 892 3262 impletum,
906 3185 946 3242 uti
961 3183 1046 3241 refert
1065 3183 1249 3260 Evangelista

61 3287 230 3347 Marcusr‘
235 3285 293 3345 ‘Et
312 3286 441 3343 biberunt
460 3302 497 3342 ex
517 3284 566 3341 illo
586 3300 696 3340 omnes.
697 3278 731 3315 ”⁶
783 3279 911 3338 Alterum
932 3288 1025 3337 autem
1053 3278 1247 3337 testimonhrm

60 3392 233 3479 preceptum
248 3381 362 3455 quidem
386 3379 508 3440 ostendit
529 3396 632 3454 corpus
655 3387 683 3435 et
694 3394 860 3453 sangumem
887 3374 996 3433 Christi
1019 3372 1192 3450 recipiendi,
1200 3376 1247 3433 cui

10 3394 16 3507 l
59 3488 158 3541 umen
182 3468 286 3537 satisfit
305 3477 464 3536 alterutram
484 3473 623 3533 sumendo
648 3472 785 3550 speciem,
800 3488 904 3548 corpus
918 3470 993 3528 enirn
1009 3470 1175 3546 asanguine
1188 3488 1246 3528 non

10 3510 15 3607 l
59 3582 216 3654 separatur,
231 3573 352 3647 ideoque
364 3583 515 3644 utrumque
528 3569 648 3628 sumitur
662 3568 713 3626 sub
726 3568 856 3626 alterutra
866 3566 973 3643 specie,
989 3567 1029 3624 uti
1043 3566 1166 3643 ingenue
1180 3566 1246 3624 sate·

59 3684 106 3732 tur
119 3671 298 3731 Leibnitius:
322 3679 341 3707 ‘⁶
354 3669 395 3729 Et
408 3667 523 3743 quidem
537 3665 634 3742 negari
654 3683 712 3723 non
725 3673 828 3740 potest,
843 3663 896 3720 sub
916 3662 1047 3720 alterutra
1059 3663 1156 3740 specie
1176 3663 1246 3721 inte·

57 3790 142 3850 grum
157 3769 232 3828 sumi
246 3767 393 3828 Christum
408 3767 437 3825 vi
450 3764 686 3830 concomitantia,
700 3773 731 3820 ut
744 3762 897 3836 loquuntur
910 3759 1046 3838 theologi,
1061 3762 1244 3834 nequeenim

56 3887 124 3927 caro
138 3867 201 3944 ejus
216 3884 232 3923 a
245 3866 382 3942 sanguine
396 3874 524 3940 separata
537 3860 625 3919 cst.”⁰

96 3961 251 4021 Probatur
263 3959 324 4020 III.
340 3965 515 4038 argumento
530 3956 660 4036 positivo
674 3971 710 4015 aa
724 3951 897 4032 Scriptaris.

97 4063 168 4118 304.
186 4046 323 4119 Christos
337 4057 423 4116 dicite
444 4056 508 4114 “Si
522 4057 586 4129 quis
597 4053 810 4113 manducaverit
817 4070 854 4111 ex
867 4051 923 4111 hoc
934 4067 1018 4129 pane,
1032 4050 1109 4109 rivet
1122 4050 1151 4110 in
1166 4063 1246 4112 aeter·

357 4230 400 4298 (1)
418 4229 483 4281 Sese.
494 4229 546 4280 xxi.
558 4228 620 4280 Can.
631 4229 681 4279 iii.
691 4228 725 4280 iii.

356 4318 400 4383 (2)
419 4316 490 4366 Rom.
502 4316 534 4365 vi.
549 4318 589 4365 19.

356 4403 399 4471 (3)
418 4402 503 4451 Matth.
515 4401 581 4451 xxvi.
593 4404 634 4450 27.

359 4489 492 4555 )(4Joan.
503 4488 534 4537 vi.
547 4488 587 4537 st.

356 4576 399 4640 (5)
419 4573 502 4623 Marci
514 4571 611 4622 xiv.23.

357 4661 399 4726 (6)
419 4660 523 4725 System.
534 4658 651 4719 Theolog.
664 4672 688 4721 p.
699 4656 758 4706 330.

147 4822 160 4841 f
176 4746 252 4807 vor.
266 4744 397 4829 rra-ar
