2812 5062
146 324 184 381 lb
575 322 904 384 PROLEGOMENA.

144 474 285 536 tontiae.‘’¹
304 476 490 538 Melanchton
501 479 716 542 Matrimonium
728 484 830 542 habere
839 484 1051 543 Sacramentum
1062 481 1214 550 manaem
1228 476 1328 538 imcirr

143 583 284 642 conventu
297 575 442 655 Lipsiensi
456 596 530 639 anno
541 579 742 640 MDXLVIII.
752 585 848 641 omnia
858 583 1038 640 Sacramenta
1051 581 1207 658 excipere*
1227 576 1330 656 hZuin·

145 671 220 749 gliue
234 673 423 752 Baptismum,
439 676 559 736 Coenam
579 689 608 736 et
622 679 836 748 Matrimonium
857 681 1102 738 Sacramentorum
1117 678 1231 737 nemine
1246 672 1329 733 intel·

144 771 240 831 lexit.³
280 773 417 834 Calvinus
427 775 555 834 ordinem
563 776 638 835 haud
650 797 723 854 aegre
732 779 803 836 inter
812 779 993 836 Sacramenta
1005 777 1145 836 recensuit
1152 772 1330 848 aliquando·

144 868 258 942 quando
272 868 339 930 alias
350 871 407 930 duo
420 883 527 932 tantum
541 876 695 950 agnoverit.
737 874 917 933 Oxonieneea
931 875 965 932 de
981 874 1164 932 ordinatione
1184 884 1329 943 tamquam

145 963 280 1024 divinitus
307 968 434 1027 instituta
459 969 577 1038 ratione,
610 990 665 1044 qua
692 982 720 1029 et
742 983 867 1048 potestas
896 991 985 1038 sacra,
1008 980 1038 1028 et
1064 970 1152 1047 gratia
1174 967 1330 1031 confertur,

143 1060 342 1136 lequuntur.'’³

187 1162 234 1219 10.
256 1161 398 1220 Definitur
418 1163 631 1224 Sacramentum
653 1182 698 1222 res
713 1166 843 1223 sensibus
865 1167 1079 1241 subjectaque
1099 1181 1136 1222 ex
1150 1161 1205 1220 Dei
1221 1159 1333 1218 institn-

27 1296 35 1311 .
144 1258 221 1316 tione
235 1259 388 1316 sanctitatis
403 1271 431 1318 et
440 1261 557 1338 justitiae
573 1274 632 1319 turn
644 1260 837 1338 significandae
848 1274 906 1319 turn
922 1261 1080 1321 efficiendae
1092 1262 1149 1318 vim
1160 1256 1267 1316 babet.⁸
1286 1255 1332 1312 lta

145 1353 345 1414 Catechismua
369 1357 529 1418 Tridentini
553 1357 667 1416 concilii
687 1358 770 1434 jussu
786 1358 815 1415 in
839 1377 922 1415 uaum
937 1358 1128 1416 Parochorurn
1143 1353 1333 1431 compositus.

125 1456 128 1461 “
144 1451 229 1510 Ritus
242 1453 327 1529 igitur
340 1463 473 1512 externus
487 1455 516 1512 in
531 1454 720 1512 Sacramentis
735 1455 893 1526 requiritur,
910 1456 957 1527 qui
973 1455 1068 1531 gratiae
1083 1472 1167 1526 quam
1182 1450 1332 1508 conferunt

143 1549 281 1608 indicium
296 1551 342 1619 eit,
355 1570 420 1609 nam
433 1562 509 1610 recte
522 1550 605 1609 docet
618 1551 794 1628 Augustinus
811 1561 830 1587 “
843 1552 924 1628 signa
935 1571 999 1608 curn
1015 1550 1050 1608 ad
1064 1569 1108 1607 res
1122 1549 1232 1607 divinas
1245 1544 1333 1623 perti-

145 1655 225 1716 nent,
241 1648 423 1708 Sacramenta
436 1650 575 1708 nominari
585 1647 630 1718 ;”⁷
643 1658 672 1706 et
685 1648 764 1706 alias:
781 1650 843 1706 “Si
854 1649 1037 1707 Sacramenta
1050 1646 1190 1721 quandam
1205 1644 1338 1702 similitu·

144 1744 240 1805 dinem
267 1764 362 1804 earum
384 1765 478 1805 rerum
506 1765 624 1820 quarum
647 1745 830 1804 Sacramenta
850 1758 927 1813 sunt,
955 1765 1012 1804 non
1038 1746 1183 1810 haberent,
1211 1742 1334 1801 omnino

112 1863 116 1870 ’
144 1843 326 1903 Sacramenta
339 1861 397 1902 non
411 1843 554 1902 essent.”⁸

186 1945 233 2000 11.
256 1940 361 2000 Divina
372 1942 522 2015 requiritur
534 1941 674 2000 institutio
687 1942 717 2000 in
731 1951 912 2019 perpetuum,
926 1941 1035 1999 nullum
1050 1940 1127 1998 enim
1141 1939 1172 1996 in
1186 1956 1260 1996 nora
1270 1936 1336 2013 lege

144 2037 355 2117 agnoscmdum
376 2048 420 2096 est
443 2039 657 2098 Sacramentum
684 2039 761 2113 quod
786 2038 935 2097 Christum
957 2057 1014 2096 non
1038 2037 1140 2095 habeat
1167 2037 1339 2101 auctorem,⁹

144 2134 277 2210 quodque
291 2135 354 2212 ipse
368 2135 443 2194 haud
463 2136 590 2194 statuerit
609 2134 644 2193 ad
661 2136 750 2193 finem
770 2155 863 2209 usque
884 2135 983 2193 mundi
1004 2132 1220 2210 usurpandum:
1240 2131 1336 2206 ipsius

144 2233 256 2292 scilicet
273 2243 332 2291 erat
358 2250 393 2290 ea
410 2231 476 2292 dare
498 2231 625 2291 subsidia
647 2234 749 2306 quibua
772 2233 850 2290 salua
872 2232 1031 2308 comparari
1054 2240 1148 2304 queat,
1173 2247 1207 2286 ea
1229 2227 1335 2304 eligere

144 2329 331 2391 instrumenta
344 2330 447 2404 quibus
461 2331 559 2409 qratia,
574 2349 660 2404 quam
673 2330 755 2390 nobis
770 2349 822 2388 sua
835 2339 925 2390 morte
941 2330 1112 2407 promeritus
1125 2336 1179 2394 est,
1189 2326 1336 2384 tribuatur.

143 2427 354 2507 Distingueuda
366 2429 452 2508 igitur
465 2439 532 2488 sunt
545 2429 728 2488 Sacramenta
747 2429 875 2486 aritibus
902 2446 974 2501 quos
989 2426 1128 2486 Ecclesiae
1143 2423 1279 2502 praesules
1300 2421 1337 2482 ad

144 2526 278 2586 decorem
291 2526 379 2585 divini
393 2528 485 2586 cultus
497 2538 526 2585 et
538 2525 573 2585 ad
588 2527 721 2603 pictatem
735 2525 888 2586 fovendam
904 2527 1092 2585 instituerunt.
1359 2517 1366 2531 ⁵

185 2629 233 2686 12.
255 2624 349 2684 Nora
361 2624 434 2699 legis
460 2624 642 2682 Sacramenta
662 2625 780 2697 gratiam
795 2623 954 2687 conferunt,
974 2619 1097 2692 ideoque
1113 2622 1269 2690 continent,
1284 2621 1340 2680 aci·

145 2730 260 2788 licerer
275 2720 385 2781 Christi
399 2720 518 2778 Domini
528 2719 705 2777 institutione
715 2727 820 2777 certam
834 2719 892 2776 vim
904 2718 1008 2777 habent
1020 2719 1138 2796 gratiam
1147 2718 1340 2794 impertiendi,

145 2824 254 2887 meritis
269 2820 331 2897 ejus
345 2828 374 2877 et
395 2817 547 2884 voluntate,
562 2814 634 2873 adeo
648 2826 679 2874 ut
692 2816 867 2890 quicumque
881 2834 914 2874 ea
927 2817 1029 2894 recipit
1041 2835 1104 2874 eam
1120 2814 1195 2875 certb
1210 2817 1340 2893 recipiat,

146 2921 204 2982 nisi
217 2919 312 2978 forsan
336 2913 448 2973 obicem
461 2913 525 2988 ipae
540 2930 629 2988 pravo
642 2913 687 2971 eui
709 2913 796 2971 animi
816 2912 918 2971 affectu
932 2914 1055 2992 objiciat.
1099 2913 1140 2971 Ut
1153 2912 1225 2971 hanc
1241 2914 1341 2972 Sacra-

147 3019 251 3080 mentis
265 3014 378 3074 insitam
402 3012 533 3069 virtutem
553 3011 754 3086 exprimerent,
770 3022 798 3070 et
816 3022 914 3071 centra
933 3012 1129 3071 hereticorum
1144 3010 1338 3070 cavillationes

150 3125 296 3177 tuerentur
306 3109 469 3170 Tridentini
480 3118 584 3186 patres,
598 3109 768 3167 definierunt
777 3128 827 3186 per
841 3111 1022 3169 Sacramenta
1036 3129 1116 3168 novae
1132 3110 1203 3186 legis
1218 3110 1342 3168 conferri

149 3215 267 3294 gratiam
290 3226 326 3268 ea·
350 3223 433 3285 opere
446 3211 574 3285 operate,
595 3207 713 3264 vocibus
736 3226 753 3264 a
776 3205 889 3264 Scholoe
909 3206 1071 3265 doctoribus
1097 3207 1241 3264 mutuatis.
1282 3205 1340 3265 Ee

185 3373 224 3438 (l)
243 3371 296 3420 Art
307 3367 348 3417 aii.
359 3364 388 3416 de
399 3380 502 3415 numero
520 3369 544 3412 et
563 3379 610 3412 usu
633 3360 851 3415 Sacramentomm.
886 3363 966 3414 Verba
984 3364 1119 3415 referuntur
1140 3381 1155 3414 a
1175 3363 1291 3415 Walchio
1299 3365 1345 3429 qni

149 3460 237 3512 frustra
245 3457 336 3506 laborat
346 3460 375 3504 ut
384 3451 496 3502 ostendat
506 3449 680 3500 Poenitentiem
691 3451 769 3516 latiori
785 3467 859 3501 sensu
870 3451 1054 3502 Sacramentum
1065 3451 1152 3501 vocari.
1186 3450 1216 3500 1..
1227 3452 1243 3501 1.
1253 3451 1345 3501 Introd.

151 3545 181 3596 nd
189 3545 262 3594 libres
273 3541 375 3607 symbol.
386 3537 462 3589 Lnth.
473 3553 495 3587 c,
505 3535 537 3585 iv.
549 3533 582 3587 de
592 3535 714 3601 Apologia
725 3537 791 3600 Aug.
809 3535 880 3586 conf.
893 3540 907 3597 §
919 3536 1019 3586 xviii'*

186 3631 227 3695 (2)
245 3629 283 3678 Ita
290 3628 362 3676 refert
372 3625 501 3676 Sleidanue
511 3625 527 3674 1.
538 3638 581 3673 xx.
591 3622 648 3672 hiet

186 3715 227 3780 (3)
246 3712 276 3764 L.
287 3712 317 3762 de
328 3727 384 3761 vera
394 3720 419 3760 et
429 3711 489 3760 falae
500 3710 552 3758 not
574 3725 595 3759 c.
606 3708 636 3758 de
646 3707 707 3758 Met

191 3799 233 3865 (4)
252 3797 283 3846 In
292 3795 410 3846 Antidota
421 3809 489 3844 conc.
500 3792 570 3844 Trid.
581 3794 646 3842 Sera.
657 3793 698 3842 rii.
709 3809 730 3842 c.
743 3792 774 3842 iv.
830 3835 833 3839 .

187 3887 228 3952 (5)
249 3884 283 3933 “l
294 3885 369 3934 knew
380 3881 422 3931 the
432 3897 503 3944 grace
514 3882 542 3931 of
546 3881 709 3931 ordinationis
720 3879 847 3930 contained
858 3879 884 3929 in
896 3879 937 3929 the
947 3879 1031 3943 layinq
1041 3895 1073 3928 on
1088 3879 1117 3928 of
1123 3878 1201 3928 banda
1202 3912 1330 3930 ......

156 3977 171 4003 “
180 3969 301 4033 Through
311 3969 353 4019 the
364 3967 458 4032 Biahop
470 3967 525 4017 who
537 3967 651 4017 ordained
661 3983 698 4027 us,
709 3983 747 4016 we
757 3965 864 4016 received
876 3965 916 4015 the
938 3965 1005 4029 Hely
1025 3965 1110 4014 Ghost.
1127 3999 1133 4014 .
1151 4001 1157 4015 .
1175 4003 1180 4016 .
1199 3965 1226 4015 If
1244 3965 1352 4015 Ordine·

155 4056 209 4108 tion
219 4056 249 4104 be
261 4071 275 4103 a
286 4053 367 4103 divine
379 4050 515 4110 ordinance,
526 4052 546 4100 it
556 4061 621 4101 must
631 4053 661 4101 be
672 4067 816 4114 necessary3
834 4051 880 4099 end
893 4051 916 4100 if
922 4050 941 4100 it
952 4050 972 4099 ir
981 4056 1024 4099 not
1035 4050 1139 4100 edivine
1150 4050 1279 4099 ordinance
1290 4051 1348 4100 bow

157 4143 214 4193 dare
223 4157 260 4191 we
272 4155 315 4190 use
326 4139 355 4189 itt
375 4139 411 4188 Aa
422 4140 478 4188 well
489 4139 570 4201 might
577 4154 614 4187 we
622 4139 721 4202 pretend
728 4139 769 4187 the
781 4137 935 4186 Sacramenta
945 4153 984 4186 are
996 4144 1039 4187 not
1049 4153 1175 4201 necessary
1185 4144 1210 4186 to
1221 4138 1349 4197 salvationi,

158 4226 233 4279 while
244 4240 282 4274 we
291 4224 361 4273 matre
372 4237 416 4276 use
427 4224 455 4272 of
463 4222 504 4272 the
516 4223 597 4272 officea
604 4223 632 4271 of
639 4222 680 4272 the
691 4221 793 4286 Liturgy
804 4239 811 4281 ;
822 4222 858 4271 for
865 4221 938 4272 when
950 4221 1007 4272 God
1017 4221 1130 4288 appoints
1140 4236 1225 4272 meana
1234 4223 1263 4272 ef
1270 4239 1351 4286 grece,

159 4312 218 4376 they
230 4306 321 4360 arethe
332 4306 440 4358 meenr.''
474 4307 550 4359 Tract
564 4307 615 4358 No.
629 4311 650 4356 1.
683 4307 796 4369 houden,
809 4309 882 4358 teau.

196 4395 237 4462 (e)
256 4391 312 4443 Cat.
323 4391 394 4442 Rom.
402 4407 452 4457 per.
464 4392 489 4442 it.
499 4409 521 4443 e.
533 4392 549 4443 i.
560 4408 585 4443 n.
599 4394 638 4442 te.

197 4481 241 4547 (7)
259 4479 308 4544 Ep.
318 4477 350 4529 ad
360 4476 493 4530 Marcellin.

199 4569 237 4626 (8)
255 4563 302 4627 Ep.
315 4561 346 4611 ad
356 4561 439 4614 Bonif.

202 4650 246 4720 (t)
264 4647 562 4701 taraconensem
574 4647 629 4697 Sao.
637 4663 691 4698 cen.
703 4649 725 4698 1.
