2774 5056
389 328 445 390 DE
467 328 549 391 USU
568 327 879 391 EUCHARISTIAE.

532 864 673 925 CAPUT
695 864 733 923 V.

354 1075 410 1127 DE
445 1075 530 1128 USU
564 1074 916 1128 circumsutae.

99 1270 195 1330 Placuit
206 1272 271 1332 Deo
292 1272 415 1351 plurima
437 1276 629 1354 praeclaraque
650 1276 812 1335 testimonia
835 1275 865 1334 in
888 1275 1043 1352 scripturis
1065 1274 1100 1333 de
1123 1283 1228 1352 myste-

63 1366 285 1429 rioeucbaristioo
297 1371 380 1430 nobis
402 1384 544 1449 praestare,
558 1385 591 1432 ut
612 1370 766 1431 incredulis
786 1371 882 1430 omnis
902 1371 1050 1430 excusatio
1070 1370 1224 1437 tolleretur,

65 1469 233 1542 pratereuim
247 1470 469 1546 promissionem
483 1471 576 1529 verbis
591 1470 663 1529 adeo
677 1470 836 1547 perspicuis
851 1469 963 1539 factam,
978 1479 1007 1528 et
1020 1469 1226 1528 institutionem

62 1581 76 1618 a
88 1573 191 1635 quatuor
200 1567 287 1624 sacris
298 1566 482 1644 scriptoribus
493 1568 619 1636 relatam,
630 1568 768 1627 habemus
780 1566 898 1626 illustria
909 1565 1039 1644 Apostoli
1050 1564 1229 1631 documenta,

62 1677 119 1733 qua
129 1679 201 1723 usum
215 1666 382 1725 sacramenti
396 1667 560 1745 respiciunt.
593 1666 645 1725 llla
660 1666 722 1743 jam
737 1665 819 1725 nobis
833 1665 1037 1744 perpendenda
1050 1676 1125 1724 sunt.

544 1877 727 1919 Phorosmo.

101 2010 172 2083 Vero,
185 2015 281 2085 realis,
296 2025 323 2077 et
336 2017 541 2079 substantialis
557 2019 720 2098 prasentia
739 2019 868 2098 corporis
882 2025 909 2077 ct
923 2015 1084 2094 sanguinis
1101 2015 1227 2098 Domini

61 2111 143 2173 nostri
153 2111 221 2173 Jeau
237 2114 351 2174 Christi
364 2116 398 2175 in
411 2114 609 2176 Eucharistio
622 2115 730 2175 inuicte
744 2115 891 2195 probatur
904 2114 944 2174 iis
968 2113 1129 2194 Scriptura
1152 2120 1230 2179 testi.

60 2206 154 2267 moniis
165 2229 227 2288 quta
239 2230 331 2272 usum
344 2213 435 2293 liujus
452 2213 637 2274 sacrament
652 2212 822 2292 respiciunt.

94 2303 231 2369 Probatur
244 2310 271 2370 I.
287 2329 324 2370 es
337 2312 432 2372 verbis
446 2309 592 2390 Apostoli.

93 2408 136 2462 81·
154 2411 309 2487 Apostolus
323 2410 358 2470 ad
373 2411 540 2471 Corinthios
557 2410 695 2477 scribens,
710 2419 804 2467 utens
818 2409 853 2466 ab
866 2410 946 2468 omni
959 2409 1127 2470 idololatrici
1137 2413 1230 2473 cultus

64 2507 188 2565 consortio
211 2519 327 2577 avertat,
360 2521 526 2587 argumento
552 2508 638 2566 utitur
662 2507 697 2564 ab
724 2505 900 2564 eucharistia
925 2518 1023 2566 natura
1054 2511 1225 2588 desumpto:

61 2598 193 2680 “Propter
205 2605 293 2679 quod,
307 2607 470 2666 charissimi
488 2605 570 2674 mihi,
584 2605 673 2682 fugite
687 2602 721 2662 ab
742 2602 883 2663 idolorum
896 2605 1023 2665 cultura:
1045 2620 1076 2667 ut
1089 2608 1232 2686 prudenti·

59 2697 102 2757 bus
113 2699 216 2776 loquor,
231 2725 283 2765 vos
297 2707 354 2783 ipsi
364 2707 490 2784 judicate
504 2704 581 2779 quod
601 2703 676 2762 dico.
719 2701 805 2761 Calix
818 2702 1036 2774 benedictionis,
1052 2706 1099 2765 cui
1112 2707 1229 2767 benedi-

58 2794 144 2867 cimus,
158 2818 250 2860 nonne
265 2803 486 2862 communicatio
509 2799 657 2878 sanguinis
672 2797 782 2857 Christi
796 2798 861 2856 estl
882 2810 910 2857 et
924 2802 1005 2878 panis
1020 2820 1108 2877 quem
1127 2803 1230 2882 frangi·

57 2908 120 2963 runs,
132 2914 222 2958 nonne
237 2902 413 2977 participatio
427 2900 555 2978 corporis
569 2896 689 2956 Domini
701 2895 872 2957 sstl”¹-rb
891 2898 1007 2972 ποτήριον
1025 2901 1069 2973 τῆς
1086 2905 1200 2973 tumque,
1217 2909 1231 2959 ὅ

56 2991 188 3063 Miser,
199 2999 254 3063 duxi
271 2996 444 3054 sonoriores]
454 2997 558 3067 ἃιμΜος
574 2999 620 3051 τοῦ
637 3000 748 3064 xpnsou
762 2996 835 3054 lom
855 2990 991 3060 circipene,
1006 2993 1032 3043 dr
1050 2993 1156 3065 κλῶμεν,
1172 2992 1230 3056 οὐκὶ

55 3083 201 3142 mneos
212 3087 321 3157 σώματος
331 3090 375 3144 τοῦ
386 3096 496 3158 Xpmsou
506 3090 573 3142 ἐστιν
581 3083 703 3144 r-lllud
717 3082 802 3160 igitur
815 3079 1015 3159 gravissimum
1030 3092 1228 3157 argumentum

55 3172 173 3246 estquod
185 3193 250 3233 cum
264 3175 349 3235 idolis
374 3177 480 3237 nullam
501 3193 609 3257 partem
624 3181 727 3239 habere
748 3188 888 3255 oporteat,
904 3178 971 3251 quia
997 3175 1107 3233 Christi
1128 3195 1228 3236 sumus

56 3281 195 3340 consortes,
209 3273 362 3351 participes
376 3274 442 3335 facti
455 3278 583 3355 corporis
597 3290 626 3335 et
638 3277 785 3353 sanguinis
807 3275 880 3351 ejus,
896 3273 1088 3331 eucharistico
1110 3284 1228 3350 accepto

56 3381 126 3440 pane,
139 3379 166 3428 et
179 3370 283 3446 poculo
297 3370 456 3450 degustato.
487 3374 539 3434 llla
554 3376 635 3452 panis
649 3372 829 3432 eucharistici
844 3370 942 3429 fractio
956 3369 1176 3428 communicatio
1187 3385 1231 3428 est

58 3465 169 3540 torporis
184 3466 305 3537 Christi,
319 3469 386 3542 quia
399 3469 509 3529 scilicet
521 3471 617 3547 ipsum
638 3487 741 3547 corpus
762 3479 823 3525 est:
846 3465 894 3524 ille
914 3465 989 3523 calix
1013 3465 1233 3523 communicatio

10 3562 12 3603 ἲ
55 3562 186 3638 sanguinis
201 3562 311 3623 Christi
325 3577 379 3634 est,
394 3567 461 3640 quia
472 3585 507 3626 eo
518 3569 678 3628 continetur
691 3567 754 3643 ipse
768 3563 896 3640 sanguis.
1295 3563 1297 3567 ’

10 3608 13 3743 l
84 3659 129 3716 82.
161 3660 260 3720 Altero
286 3663 379 3740 capite
403 3663 511 3724 Paulus
532 3663 623 3742 arguit
635 3679 773 3721 excessus
788 3657 1003 3717 Corinthiorum
1017 3658 1047 3716 in
1062 3657 1232 3718 eucharistia
1254 3696 1256 3703 ·

10 3746 15 3835 l
54 3751 216 3826 celebranda,
242 3769 271 3817 et
295 3772 409 3819 revocat
431 3762 461 3821 in
483 3762 650 3821 memoriam
678 3757 884 3817 institutionem
908 3755 963 3815 sibi
987 3755 1138 3815 revelatam
1161 3757 1231 3817 diri-

10 3848 12 3861 '
52 3848 135 3923 nitos3
154 3872 193 3913 ex
207 3873 264 3929 qua
274 3854 337 3914 haec
350 3857 453 3917 infert:
476 3867 496 3896 ‘⁸
505 3858 604 3932 ltaque
618 3858 791 3933 quicumque
805 3852 1016 3913 manducaverit
1024 3872 1127 3931 panem
1142 3854 1229 3924 hunc,

10 3982 13 4029 Ι
28 3954 35 3977 ’
51 3949 87 4009 sel
99 3951 199 4014 biberit
205 3955 327 4031 calicem
340 3954 461 4016 Domini
472 3957 599 4036 indigne,
614 3974 680 4015 reus
692 3955 745 4013 erit
757 3953 885 4032 corporis
899 3963 927 4010 et
940 3953 1087 4030 sanguinis
1102 3951 1232 4013 Domini.

10 4036 12 4105 l
49 4051 235 4121 -s'mmisrss
245 4053 292 4109 coi
303 4053 413 4123 adanam
422 4051 465 4109 air
475 4053 629 4124 ἃιμωτοςτοῦ
640 4060 737 4123 Kopion·
759 4051 864 4111 Probet
877 4058 970 4109 autem
984 4050 1111 4127 seipsum
1127 4051 1233 4111 homo:

10 4110 16 4251 l
48 4156 71 4203 at
88 4144 132 4205 sic
150 4140 189 4225 de
211 4160 288 4220 pane
310 4140 360 4221 illo
373 4140 447 4214 edat,
462 4151 491 4201 et
504 4143 540 4203 de
553 4144 641 4204 calice
657 4148 742 4207 bibat.
784 4148 842 4216 Qui
856 4147 933 4206 anim
958 4147 1109 4206 manducat
1122 4162 1150 4206 et
1163 4150 1234 4207 bibit

10 4254 15 4283 '·
44 4238 161 4323 indigne,
172 4239 318 4321 judicium
330 4238 385 4297 sibi
399 4238 558 4310 manducat,
573 4253 602 4301 et
614 4243 695 4314 bibit,
710 4264 767 4304 non
780 4244 939 4323 dijudicans
949 4262 1052 4322 corpus
1067 4245 1234 4304 Domini.’'⁹

43 4337 113 4400 Reus
136 4339 224 4420 igitur
249 4337 381 4413 corporis
407 4347 435 4395 et
456 4339 603 4416 sanguinis
634 4341 752 4402 Domini
767 4351 812 4400 est
835 4342 885 4415 qui
899 4341 1015 4420 indigne
1029 4342 1116 4399 sumit
1129 4359 1231 4417 panem

474 4549 516 4616 ll)
536 4550 555 4602 1.
567 4549 624 4619 Cpr.
636 4568 662 4603 x.
675 4555 714 4605 16.

471 4634 514 4700 (2)
534 4633 555 4685 I.
566 4632 624 4693 Cor.
634 4637 668 4688 xi.
677 4640 718 4688 2'1.
