2774 5056
141 314 198 371 tac
434 315 492 375 DE
513 315 1043 383 TatnsunsTnN'rtauloNtt

181 474 247 531 147.
269 471 412 531 Luthsrus
426 493 483 533 non
499 484 607 534 tantum
623 491 727 550 corpus
742 483 771 531 et
790 477 958 552 sangumem
982 476 1090 536 Christi
1106 477 1136 535 in
1150 478 1344 537 Sacramenta

138 567 240 626 adesse
259 570 465 647 profitebatur,¹
479 572 531 630 sed
545 572 679 646 quoniam
695 573 838 650 paradoxa
860 574 981 641 amabat,
994 575 1092 650 ipsum
1112 593 1216 650 panem
1234 593 1345 650 corpus

140 665 250 725 Christi
265 686 339 736 esse,
356 688 415 729 rem
437 671 521 748 plane
543 671 704 741 absurdam,
726 691 757 731 se
779 671 894 730 credere
916 671 1044 730 dicebat:
1068 673 1195 732 “Credo
1209 673 1343 742 firmiter,

141 783 200 823 non
213 765 299 824 modo
313 785 417 844 corpus
434 768 544 827 Christi
558 789 623 829 esse
637 772 667 829 irr
688 789 779 837 amna,
794 768 846 828 sed
862 788 965 845 panem
980 789 1044 828 esse
1059 789 1164 848 corpus
1179 771 1345 830 Christi.”¹

142 860 209 919 Suis
221 864 544 925 transubstantiationem
566 866 710 933 credendi,
732 867 804 924 mira
825 864 1085 942 certe'dignatione‚
1099 866 1215 940 reliquit
1231 867 1347 927 liberta·

139 977 218 1027 tem:
242 969 413 1027 “Permitto
427 965 522 1038 itaque
537 965 587 1038 qui
604 966 679 1024 volet
699 975 847 1038 utramque
869 965 1033 1041 opinionem
1049 964 1193 1023 tenere.’'³
1234 956 1346 1024 Postea

138 1073 234 1122 tamen
254 1063 383 1123 Henrico
396 1062 480 1123 VIII.
496 1061 657 1138 indignatus
670 1062 744 1119 banc
764 1062 908 1119 revocavit
931 1060 1100 1119 licentiam*
1140 1061 1182 1120 Ut
1201 1081 1285 1121 suam
1308 1061 1345 1121 de

139 1157 250 1219 Christi
264 1162 393 1239 corporis
407 1170 436 1218 et
450 1158 598 1236 sanguInis
613 1157 764 1236 prasentia
778 1166 911 1225 tueretur,
926 1157 1045 1216 immani
1060 1176 1154 1217 errore
1168 1161 1348 1238 excogitavit

135 1257 289 1319 humanam
303 1257 412 1318 Christi
422 1268 548 1318 naturam
562 1276 598 1316 ex
609 1255 791 1333 hypostatica
800 1257 906 1314 unione
918 1255 1021 1315 divinas
1035 1267 1141 1317 nature
1150 1259 1344 1335 proprIetates

138 1353 277 1424 derivare,
299 1355 423 1430 ideoque
445 1355 549 1414 habere
573 1352 854 1429 omnIpraesentiams
877 1350 953 1425 quod
974 1371 1032 1413 non
1053 1353 1154 1429 puduit
1174 1353 1346 1415 Walchium

135 1451 227 1521 lateri,
242 1453 302 1511 imo
316 1452 461 1530 profiteri:
485 1450 749 1511 “Sacramentariis
770 1468 859 1523 quum
880 1467 911 1509 se
933 1459 1092 1527 opponeret
1111 1450 1268 1522 antherus,
1286 1455 1347 1532 pri·

135 1569 216 1610 mum
238 1562 337 1611 contra
361 1549 602 1617 Carolostadium,
629 1547 732 1607 deinde
759 1549 843 1607 etiam
872 1548 1040 1626 Zuinglium
1067 1548 1175 1619 docuit,
1204 1550 1343 1613 humana

137 1648 246 1707 Christi
261 1660 367 1708 naturae
381 1649 499 1707 omnino
523 1647 785 1725 omnipraescntiam
806 1645 1004 1716 tribuendam
1025 1665 1063 1706 ex
1083 1665 1116 1706 es
1130 1660 1227 1709 autem
1240 1648 1345 1709 funda·

135 1755 263 1817 mentum
278 1747 436 1824 presentiae
450 1746 534 1805 realis
548 1744 675 1823 corporis
690 1744 753 1821 ejus
768 1743 798 1803 in
809 1762 889 1803 sacra
903 1763 985 1803 coena
999 1745 1155 1821 petendum
1170 1746 1284 1805 esse.”⁵

179 1847 244 1902 148.
266 1843 299 1902 In
313 1843 449 1921 Georgia,
462 1856 490 1903 et
500 1843 609 1903 duabus
622 1842 777 1908 Carolinis,
789 1841 909 1915 aliisque
922 1843 1075 1919 provInciIs
1090 1841 1251 1903 Hinlsslitse
1264 1859 1344 1915 sunt,

138 1955 167 2001 et
181 1942 229 2007 alii
242 1961 259 2001 e
273 1942 501 2002 Lutheranorum
516 1951 605 2007 secta,
619 1941 669 2014 qui
691 1938 1010 1999 consubstantialitatis
1021 1940 1157 2017 placitum
1172 1956 1346 2023 sequuntur,

67 2030 70 2035 ⁵
135 2039 188 2099 sed
212 2041 342 2121 plerique
367 2040 523 2099 Lutherani
548 2039 616 2098 licet
636 2039 714 2107 dicti,
738 2037 873 2115 Zuinglio
903 2038 1105 2106 assentiuntur,
1126 2040 1174 2099 rel
1195 2041 1349 2101 Calvino.⁸

140 2139 369 2219 EpiscopalianI‚
385 2139 608 2216 Anglicanorum
621 2137 785 2195 insistentes
800 2137 938 2213 vestigia,
955 2137 1157 2197 Calvinianum
1172 2138 1348 2217 adoptarunt

138 2253 274 2306 errorem,
287 2245 317 2294 et
329 2235 364 2294 de
380 2234 453 2295 reoli
468 2234 578 2293 Christi
592 2234 744 2311 praesentia
755 2233 848 2291 verbis
860 2234 1046 2310 amplissimIs
1056 2235 1209 2309 aliquando
1220 2236 1346 2312 loquun-

136 2341 192 2399 tur,
208 2330 243 2391 de
268 2332 304 2389 iis
331 2330 515 2390 vehementer
541 2340 692 2405 querentes
714 2330 763 2402 qui
784 2326 949 2407 spiritalem
970 2331 1151 2408 presentiam
1171 2333 1346 2411 figmentum

48 2488 51 2495 ,
138 2444 204 2487 esse
219 2427 381 2487 affirmant:
405 2428 534 2505 plerIque
556 2440 651 2485 tamen
672 2425 789 2484 remotis
811 2425 961 2483 verborum
977 2426 1132 2486 involucris
1147 2428 1258 2490 realem
1273 2451 1347 2511 prae·

135 2525 258 2583 sentiam
290 2525 373 2601 plane
401 2525 550 2601 denegant.
594 2523 703 2582 Omnes
732 2521 799 2580 verd
820 2521 1170 2585 transubstantiationem
1191 2528 1340 2604 rejiciant,

138 2622 304 2695 nullamque
319 2622 522 2681 elementorum
540 2630 698 2697 agnoscunt
718 2621 914 2688 mutationem,
937 2631 1038 2698 praeter
1060 2626 1263 2701 symbolicam,
1286 2648 1346 2703 qua

137 2718 248 2775 scilicet
260 2720 341 2794 panis
351 2729 379 2775 et
388 2719 484 2776 vinum
501 2718 572 2774 fiunt
586 2716 718 2794 symbola
732 2718 859 2792 corporis
879 2728 907 2774 et
920 2720 1078 2796 sanguinis,
1091 2732 1119 2778 et
1132 2720 1204 2780 adeo
1217 2723 1344 2801 pignora

138 2813 268 2888 quaedam
283 2823 311 2872 et
325 2815 511 2873 instrumenta
525 2816 627 2888 quibus
643 2834 746 2890 corpus
761 2826 790 2872 et
803 2816 919 2892 sanguis
944 2818 1168 2894 suscipientibus
1190 2821 1341 2880 eucharis·

137 2911 206 2969 tiam
234 2913 490 2970 communicantur.
540 2912 690 2989 Anglicani
718 2913 847 2988 praesulis
876 2913 969 2971 verbis
998 2916 1167 2976 sententiam
1196 2917 1276 2977 illam
1305 2920 1343 2978 de

139 3005 215 3065 reali
229 3008 379 3084 prasentia
393 3009 484 3085 placet
498 3011 668 3086 exponere.⁷

171 3167 212 3232 (l)
232 3166 260 3216 In
270 3175 387 3216 tractatu:
405 3166 485 3216 “Dass
496 3167 535 3216 die
547 3167 634 3216 Worte
647 3167 746 3229 Christi,
758 3168 801 3218 das
813 3168 845 3218 ist
857 3168 1001 3230 meinLeib,
1012 3169 1078 3221 nocb
1087 3171 1136 3221 fest
1152 3172 1265 3236 steben,’'
1277 3191 1344 3226 anno

134 3266 277 3304 rrnxxrrrr.
289 3252 328 3302 cit.
341 3251 465 3302 Walcbio.

171 3340 214 3406 (2)
234 3339 265 3391 Ι..
276 3341 306 3390 de
318 3349 379 3406 capt
388 3340 508 3405 Babylon.
521 3358 542 3390 c.
555 3340 585 3390 de
594 3340 676 3391 Eucla

171 3428 213 3492 (3)
234 3425 334 3476 Ibidem.

171 3514 213 3578 (t)
233 3512 264 3562 In
275 3528 336 3577 resp.
348 3512 457 3563 Henrico
470 3513 539 3562 VIll.

173 3598 216 3662 (5)
236 3596 368 3647 Walcbius
381 3597 471 3647 Introd.
483 3598 513 3647 ad
526 3599 565 3646 lih.
578 3598 681 3662 symbol.
692 3596 767 3647 Lutb.
780 3598 796 3648 l.
806 3599 823 3647 i.
835 3615 856 3647 c.
868 3598 909 3648 vii.
922 3603 936 3658 ξ
950 3599 1020 3650 xxiii.
1032 3615 1055 3664 p.
1068 3603 1127 3650 829.

174 3683 216 3746 (6)
237 3681 275 3733 Dc
287 3682 484 3733 Lutberanorum
496 3684 670 3734 vananonibus
681 3683 773 3732 erudite
786 3684 836 3746 agit
853 3684 982 3749 episcopus
1000 3683 1220 3752 Carolopolitanus,
1232 3691 1334 3742 Ioannes

138 3768 262 3829 England,
273 3771 301 3817 in
312 3769 395 3818 litteris
404 3770 475 3819 editis
484 3770 511 3818 in
523 3769 717 3834 ephemeridibus
727 3769 805 3830 dictis,
820 3769 933 3821 Catholic
945 3770 1100 3840 Miscellany,
1112 3791 1179 3825 anno
1193 3779 1266 3828 1838.

175 3855 218 3919 (7)
237 3860 252 3884 “
262 3854 284 3904 lt
295 3855 316 3903 is
328 3863 372 3904 not
383 3855 526 3919 questioned
537 3855 646 3905 whether
657 3856 699 3905 the
708 3856 779 3920 Body
792 3857 820 3905 ol
829 3855 934 3906 Ouarar
943 3858 972 3906 be
985 3859 1071 3908 absent
1081 3860 1191 3911 homthe
1199 3862 1330 3914 Sacramant

139 3941 200 4005 duly
212 3941 381 3991 administered
393 3942 522 4003 according
533 3949 559 3991 to
571 3941 610 3991 bis
627 3942 774 4002 institution,
786 3943 868 3992 wbicb
879 3959 918 3994 we
935 3943 1084 3995 Protestants
1095 3946 1190 3997 neither
1201 3950 1277 4000 affirm
1291 3965 1342 3999 nat

139 4027 246 4086 bellarm
263 4028 299 4077 sor
310 4028 330 4077 it
340 4028 414 4090 being
425 4028 498 4090 giren
510 4028 559 4077 and
570 4028 679 4079 received
690 4029 717 4077 in
728 4029 770 4078 tbe
787 4029 962 4090 Communion‚
974 4030 994 4080 it
1010 4039 1076 4081 must
1087 4034 1163 4083 needs
1174 4036 1204 4084 be
1215 4036 1268 4086 that
1281 4037 1298 4086 it
1310 4034 1352 4090 is

140 4121 247 4178 present,
259 4113 354 4175 though
365 4113 392 4162 in
404 4131 471 4164 some
483 4130 586 4165 manner
597 4114 675 4164 veiled
686 4114 764 4164 under
776 4114 817 4164 tbe
834 4115 982 4176 sacrament,
993 4133 1021 4166 so
1032 4116 1085 4168 that
1101 4119 1131 4168 ol
1143 4119 1211 4171 itselt
1224 4122 1244 4172 it
1253 4131 1351 4173 annot

137 4202 167 4251 be
179 4216 245 4250 seen
279 4201 305 4250 N
307 4200 383 4251 either
394 4201 415 4250 ic
426 4202 446 4251 it
456 4201 562 4252 doubted
573 4218 600 4250 or
610 4201 723 4266 disputed
734 4201 843 4252 wbetbcr
854 4203 896 4253 tha
914 4201 993 4254 Bread
1004 4205 1052 4255 and
1065 4204 1145 4256 Wine
1160 4209 1192 4273 by
1205 4209 1247 4260 tbs
1257 4219 1346 4274 power

138 4288 167 4338 ol
182 4286 238 4336 Gon
251 4287 300 4337 and
312 4303 327 4336 a
338 4289 505 4351 supematural
517 4288 603 4349 virtue,
620 4289 651 4336 be
671 4295 708 4337 sat
725 4296 793 4352 spart
807 4289 855 4339 and
872 4289 940 4340 fitted
951 4291 989 4339 lor
1005 4306 1020 4340 a
1037 4291 1112 4342 much
1129 4295 1214 4345 nobles
1231 4293 1346 4356 amand

139 4374 219 4424 raised
230 4381 256 4425 to
267 4391 282 4424 a
292 4373 379 4436 higber
390 4373 484 4439 dignity
496 4374 556 4424 than
568 4375 630 4424 their
640 4383 727 4424 nature
738 4376 821 4434 beara;
839 4377 875 4425 lor
885 4392 923 4426 wa
934 4377 1030 4426 confess
1040 4378 1082 4428 tba
1094 4381 1216 4447 necessity
1234 4383 1263 4433 οἰ
1274 4391 1347 4433 asu·

138 4461 278 4525 pernatural
289 4460 338 4510 and
349 4460 468 4523 beavenly
481 4459 583 4521 change,
595 4460 643 4509 and
655 4459 708 4510 that
719 4461 760 4509 tbe
771 4462 839 4524 signs
856 4471 946 4512 cannot
963 4463 1062 4512 become
1080 4463 1236 4519 Sacramenta
1252 4470 1294 4519 bat
1302 4461 1347 4522 by

137 4548 183 4599 the
195 4549 291 4599 infinite
307 4565 390 4615 power
401 4549 430 4598 oi
443 4548 511 4604 Gon,
522 4548 605 4596 whose
624 4564 711 4612 proper
727 4549 792 4612 right
809 4551 828 4600 it
850 4550 871 4599 is
889 4557 914 4599 to
931 4550 1057 4601 introduce
1074 4550 1231 4606 Sacramenta
1248 4557 1274 4607 In
1290 4544 1354 4601 ffi‘

136 4631 245 4694 Cburcb,
260 4635 333 4697 being
345 4635 397 4685 able
408 4634 479 4684 alone
491 4642 516 4682 to
527 4632 607 4683 cadus
616 4632 683 4685 thern
694 4635 755 4686 with
766 4636 843 4687 virtue
855 4635 903 4685 and
915 4634 1040 4700 efficacy.’'
1070 4637 1148 4691 Cosin
1160 4642 1199 4694 ab.
1217 4643 1251 4695 iv.
1261 4630 1358 4710 op0¹³¹⁵

120 4719 179 4781 jam
191 4719 266 4772 citati.
