2812 5062
114 329 174 385 crs
273 322 330 383 nn
350 282 645 384 conuentione
667 320 745 381 sun
769 316 968 386 srmone
987 316 1150 379 sanem.

153 482 306 542 Probatur
325 482 356 541 V.
370 479 576 564 irrefragabili
588 478 860 559 Ecclesitrjudicio.

153 585 222 640 309.
244 581 339 647 Quum
356 580 490 657 praesules
510 578 650 638 Ecclesiae
665 578 801 637 divinitus
814 579 958 638 constituti
972 579 1030 637 sint
1042 575 1169 637 ministri
1183 570 1305 642 Christi,

113 690 142 739 st
165 679 373 758 dispensatores
399 679 597 757 mysteriorum
622 677 687 746 Dei,
708 678 801 750 iisque
824 677 859 736 ad
884 676 982 736 mundi
1009 694 1101 751 usqne
1121 692 1304 735 consumma·

113 775 218 835 tionem
233 795 264 833 se
279 774 439 834 adfuturum
460 774 603 852 pollicitus
617 775 656 831 sit
669 772 814 841 Christus,
830 793 984 848 numquam
1005 773 1069 833 fieri
1083 773 1189 850 poterit
1201 780 1234 829 nt
1247 771 1304 848 ipsi

112 893 164 933 sua
176 876 338 934 auctoritate
361 874 489 932 sanciant
507 872 614 947 aliquid
634 871 669 930 de
690 872 881 931 Sacramentis
900 872 1141 939 administrandis,
1156 869 1238 945 quod
1257 869 1302 928 rel

111 983 217 1031 natura
241 972 428 1039 sacramenti,
444 971 489 1029 vel
503 970 600 1029 divino
616 979 757 1047 precepto
771 969 943 1040 adversetur,
965 970 1011 1030 vel
1024 970 1125 1029 salutis
1139 967 1302 1028 subsidium

111 1069 302 1129 necessarium
316 1067 447 1128 fidelibus
461 1067 614 1127 subtrahat.

507 1261 704 1304 omnentottns
724 1262 906 1303 sottum.

149 1409 217 1463 310.
242 1403 309 1484 Obj.
327 1409 353 1463 1.
376 1404 542 1464 “Edictum
563 1403 660 1463 sterni
681 1403 737 1462 Dei
756 1413 810 1470 est,
826 1411 857 1460 nt
869 1420 971 1461 omnes
981 1403 1094 1462 bibant:
1117 1401 1196 1477 quod
1211 1402 1299 1463 homo

110 1519 183 1560 nova
196 1511 225 1559 et
237 1502 374 1561 contraria
387 1502 450 1579 legs
465 1502 610 1576 antiquare
625 1510 653 1558 et
670 1501 804 1578 abrogare
824 1499 918 1569 sudet,
941 1498 1068 1569 edicens,
1082 1518 1119 1559 ne
1142 1518 1246 1559 omnes
1260 1500 1300 1559 bi·

109 1596 207 1655 hsnt.”
248 1596 290 1654 lta
304 1596 466 1656 Calvinus.¹

146 1691 235 1771 Resp.
257 1692 391 1751 Edictum
405 1692 473 1751 illud
487 1692 646 1752 nullatenus
666 1692 808 1770 probatur,
823 1711 888 1751 nam
914 1694 1000 1752 verba
1020 1691 1130 1751 Christi
1153 1691 1190 1751 sd
1204 1693 1297 1769 Apos-

109 1790 181 1848 tolos
210 1789 317 1848 directa
342 1790 436 1868 legem
458 1789 592 1850 omnibns
612 1790 697 1849 latam
717 1808 775 1848 non
795 1788 998 1859 demonstrant,
1018 1790 1176 1869 praesertim
1197 1789 1301 1849 Marco

108 1896 225 1946 testante
250 1899 424 1966 praeceptum
447 1888 542 1948 statim
562 1887 722 1964 impletum.
769 1887 898 1963 Syriaca,
921 1888 1051 1957 Arabica,
1077 1898 1106 1946 et
1127 1887 1300 1965 AEthiopica

107 1984 263 2051 versiones,
278 1994 362 2063 prout
381 1984 551 2044 exhibentur
563 2004 580 2043 a
594 1984 740 2053 Waltono,
755 1984 878 2043 habent:
908 1992 928 2022 “
940 1984 1034 2045 Bibite
1057 2002 1095 2044 ex
1116 1984 1172 2044 hoc
1195 2002 1298 2045 omnes

107 2081 201 2152 oot,·”
222 2081 298 2156 quod
318 2081 442 2141 ostendit
461 2082 501 2140 ita
523 2080 633 2140 Christi
653 2084 738 2140 verba
750 2081 900 2141 intellecta.
942 2081 1025 2141 Onus
1044 2080 1184 2160 probandi
1202 2082 1238 2141 iis
1252 2091 1297 2141 est

106 2180 157 2254 qni
170 2180 293 2240 edictum
307 2180 456 2249 affirmant,
471 2179 548 2255 quod
561 2180 588 2239 si
608 2179 696 2239 latum
714 2178 808 2248 tuerit,
830 2199 916 2242 nemo
939 2189 985 2240 est
1002 2181 1052 2256 qni
1066 2179 1183 2241 auderet
1201 2180 1297 2259 legem

90 2274 260 2355 ‘humanam
273 2275 300 2334 ei
313 2276 449 2354 objicere.
813 2327 816 2333 .

145 2376 178 2431 st
188 2378 214 2432 1.
238 2372 304 2453 ooj.
318 2378 348 2433 2.
371 2381 390 2410 “
402 2372 464 2432 Cur
477 2371 513 2431 de
527 2388 601 2450 pane
614 2371 782 2448 simpliciter
795 2370 877 2441 dixit,
892 2381 925 2431 ut
944 2372 1070 2441 ederent,
1085 2372 1122 2431 de
1142 2372 1244 2441 calice,
1265 2381 1299 2433 nt

105 2487 205 2529 omnes
220 2471 369 2529 biberentl
390 2471 433 2530 Ac
448 2470 473 2528 si
485 2467 601 2530 Satanae'
607 2468 751 2529 calliditati
761 2487 799 2528 ex
812 2468 952 2529 destinato
965 2488 1113 2530 occurrere
1123 2468 1305 2530 voluisset.”¹
1327 2508 1334 2519 ·

106 2565 147 2624 lta
162 2568 324 2629 Calvinus.⁹

144 2665 231 2745 liesp.
255 2667 324 2724 Ideo
349 2668 403 2724 hoc
426 2675 569 2724 serratum
592 2676 635 2723 est
656 2663 819 2734 discrimen,
841 2665 908 2739 qnia
929 2667 1011 2744 panis
1026 2666 1056 2725 in
1077 2666 1175 2743 plures
1190 2667 1296 2727 fractus

104 2777 197 2841 partes
219 2776 399 2822 consecratus
413 2773 467 2830 est,
482 2762 604 2837 ideoque
616 2764 814 2837 unnsquisque
828 2783 933 2841 corpus
955 2763 1065 2822 Christi
1078 2767 1202 2825 seorsim
1218 2782 1297 2825 acce·

104 2861 166 2942 pin
187 2860 322 2940 poculum
347 2877 435 2918 unum
450 2859 582 2916 omnibus
603 2869 648 2916 est
667 2857 773 2918 datum.
815 2860 867 2918 Eae
888 2860 973 2938 igitur
993 2879 1097 2919 voces:
1120 2862 1244 2922 “bibite
1257 2880 1295 2923 ex

105 2963 159 3019 hoc
173 2976 273 3018 omnes
285 2957 314 3014 :”
330 2956 406 3014 idem
420 2965 503 3013 sonat
515 2974 558 3023 ac,
574 2954 719 3032 “accipite
733 2967 762 3014 et
774 2954 891 3015 dividite
905 2957 978 3016 inter
989 2957 1084 3016 vos.''³

143 3061 211 3116 312.
236 3054 303 3134 ooj.
318 3059 346 3112 3.
376 3052 556 3117 “Dominus,
578 3070 680 3129 panem
702 3051 865 3122 ostendens,
887 3073 990 3133 corpus
1011 3074 1096 3115 suum
1116 3075 1182 3116 esse
1203 3056 1292 3116 dicit:

104 3153 222 3212 calicem
242 3152 309 3211 dum
330 3149 463 3218 ostendit,
484 3149 602 3208 calicem
626 3158 717 3208 vocat
759 3150 895 3209 Humana
918 3152 1034 3211 rationis
1056 3152 1174 3212 audacia
1196 3165 1294 3214 conns

104 3253 246 3321 reclamat,
261 3269 364 3329 panem
379 3268 442 3307 esse
457 3249 637 3326 sanguinem,
649 3249 747 3307 vinum
762 3268 826 3307 esse
841 3268 963 3327 corpus:
979 3270 1011 3309 ac
1020 3252 1046 3309 si
1055 3250 1201 3313 Dominus
1215 3254 1295 3314 nulla

104 3369 188 3409 cansa
200 3367 303 3426 corpus
318 3365 401 3405 suum
416 3367 432 3404 a
445 3345 583 3422 sanguiue
594 3353 624 3403 et
635 3346 728 3403 verbis
742 3358 770 3403 et
781 3346 871 3422 signis
885 3345 1109 3407 distinxisset.”⁴

142 3448 230 3527 Roep.
253 3446 395 3506 Humanae
415 3444 530 3503 rationis
555 3442 672 3502 audacia
692 3444 723 3501 in
745 3462 780 3501 eo
802 3454 928 3521 apparet,
950 3444 1027 3519 quod
1048 3446 1166 3506 Christo
1184 3447 1293 3508 dicenti

104 3564 206 3623 corpus
221 3562 284 3602 esse
299 3553 328 3601 et
348 3540 515 3618 sanguinem
538 3558 623 3599 sunm
636 3557 700 3613 quae
715 3539 807 3609 tradit,
823 3540 898 3598 haud
912 3541 1050 3612 credatur,
1065 3554 1094 3601 st
1107 3544 1242 3621 symbola
1264 3558 1294 3604 et

103 3642 185 3718 signa
198 3659 249 3717 pro
264 3640 377 3696 veritate
392 3637 531 3695 donorum
545 3637 698 3694 celestium
709 3634 905 3712 predicentur.
926 3639 1117 3714 Agnoscimus
1129 3643 1184 3699 suh
1193 3645 1294 3719 specie

103 3737 194 3816 panis,
210 3736 238 3792 vi
253 3735 411 3801 verborum,
426 3751 490 3791 esse
505 3751 608 3810 corpus
623 3732 741 3800 Christi,
758 3734 810 3791 snb
825 3735 999 3810 specievini,
1010 3736 1038 3793 vi
1053 3739 1212 3808 verborum,
1225 3758 1293 3798 esse

102 3831 269 3909 sanguinem
284 3831 366 3907 ejus;
390 3847 443 3887 nec
467 3840 561 3886 tamen
583 3827 718 3887 audemus
743 3848 847 3906 corpus
870 3848 887 3887 a
909 3832 1047 3908 sanguine
1071 3853 1214 3911 separare,
1239 3836 1293 3896 sed

102 3942 252 4001 utrumque
277 3946 353 3986 nexu
378 3925 567 3985 indissolubili
595 3926 788 4003 conjunctum,
809 3944 846 3983 ex
871 3945 928 3999 quo
949 3930 1102 3988 resurrexit
1122 3951 1138 3988 a
1159 3935 1292 4003 mortuis,

101 4029 252 4088 eredimus.
307 4028 459 4103 Corpusa
490 4023 627 4100 sanguine
659 4022 794 4102 distingui
824 4024 917 4082 verbis
952 4024 1070 4087 Domini
1092 4029 1236 4100 novimus,
1265 4043 1294 4092 et

101 4125 216 4202 quidem
244 4123 455 4202 sapientissimo
479 4118 610 4189 consilio,
626 4129 655 4178 ut
669 4139 745 4179 mors
767 4121 840 4198 ejus,
855 4124 1001 4200 sanguinis
1025 4125 1136 4186 fusione
1150 4128 1181 4187 in
1195 4148 1291 4201 eruce,

490 4367 530 4433 (1)
549 4365 580 4418 L.
592 4368 624 4417 iv.
635 4367 716 4418 lnstc
736 4369 795 4420 xvii.
802 4388 829 4422 n.
839 4373 881 4421 tr.

494 4455 535 4519 (2)
555 4453 657 4511 Ibidem,
666 4470 694 4503 n.
706 4457 747 4504 bt).

492 4538 535 4604 (3)
554 4537 686 4588 Lucxxii.
700 4542 738 4589 17.

492 4623 534 4688 (4)
553 4623 614 4674 Inst.
625 4625 640 4674 Ι.
652 4624 684 4675 iv.
695 4626 786 4677 cxvii
798 4643 824 4678 n.
835 4628 875 4677 47.
