2774 5056
131 303 191 361 266
422 300 424 305 ’
448 297 506 358 DE
527 297 749 360 eleemon
769 298 999 360 VERl'l’d'l’E.

132 474 252 535 corpore
266 457 407 517 Ecclesia
428 468 533 523 sancte
555 457 752 518 catholice.”
794 456 910 517 Deinde
934 457 970 516 ad
991 457 1078 519 altare
1099 459 1258 521 inclinatus
1279 469 1344 520 orat

132 552 250 613 Deum:
273 562 355 631 “per
368 555 487 632 gratiam
501 554 717 614 inenarrabilem
728 555 875 613 sanctifica
888 554 1061 614 sacrificium
1076 554 1187 615 istud.”

127 669 130 677 ·
172 655 221 711 47.
243 649 371 728 Liturgia
384 651 438 709 sub
451 652 568 711 nomine
579 652 612 709 S.
625 650 732 728 cyrilli
746 651 821 728 apud
836 650 947 728 Copias
961 669 1181 726 nonnumquam
1197 651 1340 722 adhibita,

132 760 199 828 post
215 747 354 818 Sanctus,
367 749 454 809 babet
466 751 624 809 orationem
638 751 668 808 in
682 769 740 824 qua
753 748 887 808 sacerdos
905 759 1037 826 precatur
1051 770 1060 808 ι
1083 758 1103 815 ‘f
1116 749 1211 828 Imple
1226 750 1286 811 hoc
1297 770 1342 809 sa·

133 849 271 907 crificium
285 860 376 917 tuum,
397 847 534 917 Domine,
560 848 760 907 benedictione
782 867 846 922 qua
867 867 884 905 a
905 858 932 906 te
952 857 1006 916 est,
1028 866 1081 924 per
1094 848 1232 926 illapsum
1248 867 1342 928 super

132 947 202 1007 illud
216 947 340 1024 Spiritus
355 947 396 1006 tui
406 946 531 1006 sancti.’'
569 946 714 1006 Institutio
725 947 902 1006 Sacramenti
914 945 1051 1024 deinceps
1069 947 1213 1017 recitatur,
1223 948 1340 1026 populo

132 1045 239 1122 sepius
254 1044 434 1112 inclamante,
449 1044 554 1103 Amen.

172 1145 221 1199 48.
244 1141 278 1200 ln
297 1141 426 1219 Liturgia
447 1141 578 1200 Romana
598 1149 659 1200 orat
678 1139 830 1199 sacerdos:
852 1148 873 1176 ⁴⁴
885 1140 979 1207 Quam
993 1138 1168 1200 oblationem
1183 1150 1225 1210 tu,
1241 1140 1339 1209 Deus,

132 1240 162 1299 in
176 1238 321 1308 omnibus,
336 1257 511 1313 quesumus,
525 1237 714 1306 benedictam,
737 1236 919 1314 adscriptam,
940 1247 1040 1305 ratam,
1064 1239 1278 1307 rationabilem,
1293 1259 1341 1299 ac·

133 1338 362 1417 ceptahilemque
375 1337 467 1396 facere
481 1336 618 1414 digneris,
634 1345 665 1394 ut
678 1334 761 1395 nobis
781 1353 886 1412 corpus
908 1349 937 1393 et
957 1336 1074 1413 sanguis
1089 1336 1140 1394 fiat
1153 1336 1341 1397 dilectissimi

132 1435 200 1494 Filii
215 1436 255 1493 tui
270 1434 389 1493 Domini
404 1433 460 1492 Dei
474 1435 564 1492 nostri
577 1433 649 1492 Jesu
664 1431 808 1491 Christi.”
851 1432 990 1491 Sacrificii
1006 1434 1078 1492 ratio
1091 1433 1159 1493 inde
1181 1444 1274 1512 patet,
1289 1435 1342 1494 cb·-

132 1533 201 1593 latio
215 1534 291 1591 enim
317 1532 365 1590 illa
385 1531 583 1590 benedictione
608 1530 705 1589 divina
727 1530 759 1589 iit
781 1548 885 1606 corpus
906 1539 936 1589 et
956 1532 1073 1608 sanguis
1095 1531 1218 1590 Christi.
1264 1533 1339 1593 Post

132 1631 376 1691 consecrationem
399 1642 480 1688 vocat
493 1649 556 1687 eam
581 1628 732 1687 sacerdos:
757 1627 911 1687 “hostiam
925 1647 1037 1706 puram,
1054 1630 1177 1690 hostiam
1191 1643 1336 1700 sanctam,

134 1729 257 1788 hostiam
281 1726 525 1786 immaculatam.”
568 1727 646 1786 Hinc
658 1728 685 1785 in
699 1727 825 1785 oratione
836 1745 923 1803 super
940 1727 1032 1786 oblata
1046 1728 1077 1786 in
1097 1727 1145 1786 die
1160 1729 1340 1807 Epiphaniae

132 1825 168 1883 de
182 1824 266 1884 donis
281 1824 383 1884 oblatis
404 1823 526 1883 dicitur:
552 1833 572 1861 ‘⁶
583 1825 685 1898 quibus
698 1842 757 1882 non
767 1823 828 1900 jam
846 1841 956 1890 aurum,
969 1823 1045 1891 thus,
1057 1835 1087 1883 et
1101 1826 1219 1903 myrrha
1231 1826 1342 1904 profer·

132 1930 187 1988 tur,
209 1920 260 1978 sed
274 1919 351 1994 quod
372 1919 481 1979 eisdem
506 1920 672 1978 muneribus
687 1918 853 1987 declaratur,
867 1919 1041 1987 immolatur,
1061 1929 1092 1978 et
1104 1921 1230 1980 sumitur
1249 1921 1341 1981 Jesus

136 2018 282 2088 Christus,
298 2019 442 2079 Dominus
457 2017 590 2100 noster.”¹

170 2115 325 2176 Probatur
345 2114 413 2175 VII.
424 2121 606 2194 argumento
618 2113 866 2193 proscriptionis.

170 2219 221 2274 49.
242 2214 424 2274 Eucharistia
443 2232 547 2290 magns
566 2231 631 2271 cum
655 2212 834 2271 solemnitate
859 2214 964 2288 ubique
986 2224 1147 2292 portatam
1168 2216 1338 2277 Ecclesiam

131 2311 281 2371 consuevit
304 2309 450 2377 celebrari,
472 2328 538 2367 cum
556 2308 690 2367 omnibus
713 2309 819 2367 summi
839 2310 932 2368 cultus
946 2310 1073 2378 indiciis,
1089 2320 1119 2368 et
1131 2329 1169 2369 ex
1183 2322 1265 2371 certa
1278 2332 1341 2373 om·

131 2409 211 2468 nium
226 2408 412 2486 persuasione
426 2424 490 2465 eam
503 2423 568 2464 esse
579 2405 751 2464 oblationem
765 2424 872 2474 veram,
886 2417 915 2465 et
926 2407 1099 2466 sacrificium
1109 2407 1224 2467 Christi
1238 2401 1343 2488 eorpo-

132 2505 172 2563 ris
189 2515 217 2562 et
232 2503 390 2580 sanguinis,
414 2521 512 2559 verum
527 2511 555 2558 et
580 2501 736 2577 proprium.
780 2501 877 2578 Hujus
898 2502 966 2560 fidei
988 2503 1098 2561 nullum
1114 2515 1210 2580 potest
1224 2507 1341 2566 ostendi

131 2602 244 2658 initium
256 2600 424 2676 Apostolico
439 2617 501 2657 aevo
518 2599 668 2674 posterius.
712 2601 845 2657 Attamen
867 2601 892 2656 si
915 2602 949 2658 ab
972 2602 1052 2659 initio
1067 2603 1205 2678 symbola
1229 2615 1341 2664 tantum

132 2698 241 2756 Christi
263 2698 361 2755 mortis
388 2695 488 2753 adesse
504 2694 702 2763 crederentur3
725 2705 753 2752 et
778 2695 853 2754 nuda
878 2692 1113 2758 commemoratio
1128 2700 1204 2769 fieri,
1233 2705 1342 2778 absque

131 2794 189 2851 ulla
204 2795 262 2851 veri
280 2792 405 2850 nominis
420 2792 562 2849 oblatione
577 2802 605 2848 et
619 2794 770 2861 sacrificio,
786 2814 844 2852 non
859 2797 951 2872 potuit
962 2797 1096 2854 sacrificii
1113 2799 1174 2856 veri
1189 2802 1272 2860 notio
1293 2802 1343 2860 ob·

133 2891 233 2957 tinere,
249 2909 302 2948 nee
317 2889 408 2947 cultus
424 2888 529 2946 indicia
544 2908 607 2961 quae
623 2889 692 2946 illud
707 2889 842 2949 denotant
856 2894 959 2950 statui:
983 2894 1083 2952 saltem
1100 2897 1211 2970 absque
1228 2899 1354 2977 magnis·

133 2989 232 3056 turbis,
250 3007 320 3061 quas
335 2986 479 3044 retulisset
492 2986 620 3045 historia.
663 2988 743 3065 Ergo
760 2989 913 3050 dicendum
929 2993 1062 3050 sacrificii
1077 2995 1139 3051 veri
1153 2996 1298 3057 rationem
1312 2998 1342 3057 iu

132 3085 303 3144 eucharistia
317 3103 431 3159 semper
446 3084 568 3159 agnitam
584 3085 684 3142 luisse.
1259 3142 1270 3160 „

179 3188 227 3241 50.
251 3181 329 3240 Huic
348 3191 514 3257 argumento
536 3198 640 3256 magna
658 3181 765 3240 accedit
780 3183 824 3239 vis
847 3203 884 3241 ex
909 3184 1077 3243 Graeeorum
1100 3190 1137 3265 etp*
1150 3187 1342 3249 Orientalium

111 3270 116 3279 ’
135 3284 263 3343 omnium
278 3299 432 3345 consensu,
448 3279 497 3352 qui
518 3297 554 3336 ex
576 3279 697 3356 liturgiis
720 3290 807 3356 patet,
831 3292 859 3339 et
880 3282 944 3339 aliis
965 3284 1137 3342 certissimis
1158 3285 1341 3347 documentis

132 3379 350 3439 demonstratur.
394 3376 518 3433 Concilii
534 3374 843 3453 Constantinopolitani
857 3398 932 3437 anno
947 3383 1022 3437 1638
1038 3380 1177 3440 adversus
1191 3383 1337 3461 Oyrillum

134 3480 267 3538 Lucerim
283 3477 382 3544 habiti,
396 3476 470 3532 sicut
484 3487 512 3533 et
523 3474 783 3551 Hierosolymitani
795 3496 869 3535 anno
884 3482 970 3545 1672.
983 3467 1097 3536 decreta
1108 3482 1230 3541 recitare
1239 3486 1335 3561 juvat:

136 3575 281 3652 “Cyrillo
310 3572 543 3650 dogmatizanti.
581 3613 587 3628 .
612 3614 618 3629 .
653 3590 776 3644 .neque
802 3572 926 3632 audienti
957 3574 1121 3634 divinorum
1148 3578 1268 3638 Patrum
1289 3591 1336 3639 tre·

136 3686 283 3748 centorum
305 3671 403 3728 decem
428 3682 455 3728 et
476 3681 540 3727 octo
563 3671 591 3727 N
595 3671 662 3727 iceae
684 3671 869 3729 adunatorum
892 3672 1100 3731 ecclesiasticas
1116 3678 1330 3737 constitutiones

140 3770 186 3828 his
201 3769 294 3826 verbis
320 3767 552 3825 decernentium:
575 3767 665 3825 ‘Fide
687 3768 835 3826 credamus
857 3787 921 3826 esse
942 3789 1028 3846 super
1044 3771 1118 3828 hanc
1134 3793 1246 3834 sacram
1260 3792 1328 3835 meu-

137 3885 198 3924 sam
210 3884 315 3941 agnum
331 3864 385 3922 Dei
401 3864 450 3936 qui
462 3864 534 3921 tollit
548 3876 696 3939 peccatum
709 3865 818 3932 mundi,
834 3866 980 3923 incruente
995 3887 1011 3922 a
1025 3869 1224 3929 sacerdotibus
1239 3873 1326 3931 immo·
1382 3931 1385 3941 ,

136 3962 236 4028 latum,
251 3960 369 4036 ejusque
386 3959 575 4018 venerandum
590 3961 759 4036 sanguinem
774 3973 802 4019 et
816 3981 919 4037 corpus
931 3981 997 4020 vere
1012 3963 1321 4026 sumi’—Anathema.''

137 4060 181 4119 Ita
192 4059 540 4134 Constantinopolitanum
557 4057 721 4115 concilium.
752 4058 1051 4135 Hierosolymitanum
1067 4075 1184 4122 autem:
1209 4075 1229 4101 “
1241 4061 1323 4123 Credi·

138 4175 203 4216 mus
218 4172 316 4211 verum
332 4173 363 4209 ac
378 4154 604 4228 propitiatorium
619 4172 683 4210 esse
699 4155 881 4222 sacrificium,
895 4156 971 4228 quod
987 4176 1038 4233 pro
1048 4158 1183 4219 fidelibus
1194 4162 1322 4223 omnibns.

139 4265 199 4312 tum
214 4251 297 4317 vivis,
320 4259 380 4305 turn
405 4249 555 4317 defunctis,
579 4269 691 4308 necnon
712 4263 740 4308 et
763 4271 815 4327 pro
831 4253 950 4310 utilitate
966 4256 1095 4314 omnium
1111 4257 1241 4325 offertur,
1256 4258 1291 4316 uti
1303 4267 1324 4313 et
1373 4294 1385 4342 ἰ

139 4353 168 4408 in
184 4349 304 4428 hujusce
319 4346 493 4403 Sacramenti
508 4347 640 4422 precibus
656 4348 836 4424 exprimitur,
853 4367 923 4421 quas
940 4368 992 4426 pro
1015 4369 1049 4409 ea
1072 4371 1159 4425 quam
1180 4373 1199 4412 a
1211 4354 1324 4415 Domino
1374 4371 1385 4414 ῑ

140 4454 304 4523 receperant
317 4442 488 4518 disponendi
500 4453 636 4518 potestate
652 4445 783 4519 Apostoli
798 4445 938 4503 Ecclesia
951 4446 1139 4507 tradidere.'’1

180 4546 228 4600 51.
250 4538 368 4600 Accedit
381 4537 457 4612 quod
472 4538 506 4595 ab
518 4538 598 4597 initio
610 4539 708 4598 mundi
719 4540 800 4599 Deus
813 4541 952 4601 sacrificio
965 4544 1115 4615 coleretur,
1127 4547 1206 4622 quod
1221 4565 1327 4611 summe
1379 4557 1385 4597 t

1031 4633 1032 4637 ’
1381 4626 1385 4678 1

618 4699 657 4762 (1)
676 4697 735 4764 Cap.
748 4700 779 4750 vi.
791 4715 812 4750 c.
827 4703 865 4748 17.
