2774 5056
90 321 146 380 142
210 293 214 296 ’
326 320 382 382 nn
403 319 1040 384 rnsrtrumonsuucnrntsmm

579 824 718 886 CAPUT
738 823 792 884 IV.

285 1020 340 1073 DE
365 1017 712 1071 INSTITUTIOND
738 1015 1088 1070 DUOHARIS'I'IAE.

128 1191 177 1248 46.
198 1185 273 1247 Illud
300 1185 415 1261 quidem
442 1193 539 1246 notatu
560 1183 677 1263 dignum
691 1181 811 1252 videtur,
825 1183 979 1252 loannem,
997 1183 1046 1257 qui
1061 1181 1288 1261 promissionem

89 1281 200 1342 Christi
213 1283 248 1343 de
263 1302 346 1342 carne
357 1301 409 1342 sua
421 1280 513 1340 danda
526 1281 605 1340 solus
614 1279 717 1348 retulit,
728 1279 763 1339 de
781 1281 959 1341 eucharistiae
971 1281 1148 1339 institutione
1159 1278 1291 1346 siluisse,

89 1397 174 1454 quam
189 1380 281 1439 caeteri
296 1379 488 1456 Evangelistoe
503 1377 652 1455 diligenter
676 1378 818 1454 persecuti
831 1387 907 1436 sunt.
947 1376 981 1437 Id
996 1376 1152 1454 contigisse
1167 1392 1291 1434 censen·

88 1477 159 1537 dum
173 1476 291 1538 omnino
305 1487 359 1547 cst,
374 1475 451 1551 quod
465 1495 553 1550 quum
576 1475 631 1534 alia
651 1475 811 1552 Evangelia
828 1477 890 1553 jam
915 1475 1037 1534 luissent
1064 1473 1150 1543 edita,
1173 1472 1211 1532 de
1234 1471 1291 1530 hac

89 1593 208 1635 necesse
236 1594 295 1634 non
321 1575 375 1633 fuit
400 1573 490 1647 loqui,
509 1573 557 1631 cui
576 1582 671 1632 tamen
692 1573 885 1633 testimoninm
905 1573 1023 1632 reddere
1049 1572 1148 1639 voluit,
1164 1570 1293 1629 solemni

88 1671 175 1730 relata
201 1671 390 1748 promissione
415 1670 484 1728 tanti
507 1669 634 1728 muneris
662 1668 757 1728 dandi.
799 1670 865 1729 Jam
886 1667 953 1728 verb
987 1670 1073 1728 verba
1091 1670 1155 1746 ipsa
1177 1667 1293 1727 Christi

89 1766 210 1827 Domini
219 1767 274 1827 hoc
288 1767 461 1826 instituentis
472 1778 678 1825 sacramentum
690 1766 894 1845 perpendenda
907 1775 983 1834 sunt,
996 1777 1111 1840 queant
1125 1783 1210 1823 mens
1225 1765 1292 1842 eJus

90 1862 193 1922 clarius
214 1864 381 1932 innotescat,
402 1882 460 1941 prae
485 1863 575 1922 oculis
600 1880 752 1941 ponemus,
776 1872 860 1942 prout
880 1883 897 1922 a
916 1864 1005 1922 tribus
1021 1862 1218 1940 Evangelistis
1232 1872 1294 1920 eta

89 1959 182 2020 Paulo
196 1969 263 2019 sunt
280 1960 376 2019 relata.

595 2152 779 2194 Pnorost'rto.

134 2292 246 2353 Christi
257 2292 383 2353 Domini
393 2292 605 2354 cucharistiam
617 2292 803 2353 imtituerrtis
816 2292 904 2352 verbo
917 2291 1047 2371 simplici
1060 2298 1088 2351 et
1098 2291 1185 2352 obvio
1200 2311 1295 2353 aenou

91 2392 357 2473 excipiendarum,
372 2392 493 2472 ideoque
507 2411 577 2453 vcro
588 2391 676 2452 realis
689 2400 716 2452 et
725 2390 932 2451 substantiolis
941 2390 1070 2470 corporis
1084 2398 1111 2450 et
1124 2391 1295 2471 sanguinis

91 2490 155 2570 ejus
160 2490 325 2570 praecentio
337 2491 371 2550 in
384 2490 438 2551 boc
451 2497 635 2550 sacramento
647 2489 756 2549 inuicte
769 2487 839 2547 inde
847 2488 1004 2567 probatur.

130 2588 282 2648 Probatur
293 2587 319 2645 I.
336 2606 372 2646 ec
384 2587 459 2665 ipsis
476 2587 588 2646 Christi
599 2586 705 2645 uerbis.

130 2690 179 2746 47.
199 2687 353 2744 Matthaeus
366 2686 408 2743 sic
421 2685 628 2743 institutionem
641 2683 819 2742 eucharistiae
834 2685 938 2742 refert:
963 2693 981 2720 ‘⁶
996 2683 1184 2742 Coeuantibus
1195 2700 1293 2747 autem

91 2785 145 2853 cis,
160 2784 269 2861 accepit
282 2782 369 2841 Jesus
384 2801 499 2860 panem,
513 2792 542 2840 et
555 2782 711 2850 benedixit,
726 2783 865 2859 ecfregit,
889 2782 1023 2856 deditque
1044 2782 1195 2860 discipulis
1218 2787 1294 2855 suis,

91 2889 121 2940 ct
133 2881 190 2938 ait:
211 2881 330 2957 accipite
343 2890 371 2938 et
381 2879 539 2938 comedite:
562 2898 621 2938 noc
632 2899 687 2939 usu
701 2899 809 2939 corros
819 2899 915 2939 nunu.
956 2879 996 2938 Et
1010 2881 1154 2956 accipiens
1169 2882 1293 2942 calicem

92 2977 197 3056 gratias
218 2976 286 3054 egit,
302 2984 331 3034 et
351 2974 428 3034 dedit
449 2976 516 3045 illis,
539 2975 656 3035 dicens:
677 2977 765 3035 bibite
779 2996 816 3035 ex
837 2977 893 3035 hoc
914 2995 1025 3035 omnes.
1067 2976 1128 3035 Hrc
1142 2997 1200 3036 usn
1214 2999 1295 3040 uuirt

91 3092 217 3133 sunonrs
239 3092 317 3131 uuus
338 3091 409 3132 novi
431 3073 643 3143 Tusrsrmnrr,
659 3093 711 3140 our
725 3092 781 3133 rno
802 3092 911 3132 unnrrs
925 3092 1128 3133 urrunnurnn
1142 3094 1176 3133 ru
1191 3096 1294 3136 murs·

92 3189 202 3231 smusrr
216 3188 421 3228 nnccsuonnrr.
463 3171 538 3228 Dico
552 3182 646 3230 autem
658 3170 758 3230 vobis:
781 3189 839 3228 non
854 3169 1063 3229 bibamamodo
1083 3169 1118 3228 de
1140 3170 1198 3230 hoc
1213 3175 1295 3250 geni·

91 3271 170 3331 minc
180 3270 256 3333 vltis,
269 3287 360 3342 usque
375 3271 404 3327 in
419 3268 494 3327 diem
509 3269 600 3338 illum,
612 3289 678 3328 cum
689 3269 759 3327 illud
769 3269 864 3327 bibam
875 3269 1022 3327 vobiscum
1037 3287 1144 3327 novum
1156 3271 1187 3328 in
1202 3290 1294 3350 regno

90 3368 184 3428 Patris
198 3366 301 3427 mei.’'1
342 3366 461 3424 Graccus
476 3376 569 3424 textus
590 3367 675 3424 verba
689 3366 910 3424 consecrationis
926 3366 968 3422 sic
982 3365 1086 3423 refert:
1107 3369 1184 3424 τοῦτό
1195 3375 1252 3425 ἐστι
1263 3386 1295 3424 ro

90 3464 159 3535 σῶμά
169 3454 324 3536 pov-imru
334 3463 380 3538 γάρ
392 3469 445 3520 ἐστι
463 3480 493 3518 ro
504 3462 569 3534 ispi
579 3486 634 3533 μου,
644 3468 674 3518 τὸ
685 3463 730 3534 τῆς
740 3462 822 3533 καινῆς
832 3467 959 3534 imbriam,
971 3468 1001 3517 rb
1018 3463 1072 3532 περὶ
1085 3464 1182 3517 πολλῶν
1191 3464 1295 3526 {exorb-

90 3576 160 3622 μενον
171 3559 205 3618 εἰς
214 3553 298 3623 ἄφεσιν
310 3551 440 3624 ἁμαρτιῶν.

132 3647 181 3700 48.
203 3644 321 3702 Marcus
335 3643 421 3702 dicit:
445 3652 464 3679 “
478 3641 717 3701 Manducantibus
732 3641 800 3709 illis,
812 3641 923 3717 accepit
933 3641 1018 3701 Jesus
1034 3657 1146 3716 panem,
1161 3649 1191 3696 et
1201 3624 1294 3695 'bene-

92 3737 190 3798 dicens
212 3740 304 3816 fregit,
326 3751 354 3797 ct
374 3739 452 3798 dedit
471 3741 523 3806 eis,
545 3749 574 3798 ct
594 3740 651 3797 ait:
681 3737 802 3806 Sumite,
824 3756 883 3796 noc
909 3755 965 3795 usu
985 3754 1095 3794 coneus
1109 3753 1208 3792 runnu.
1252 3733 1294 3792 Et

94 3845 210 3914 accepto
224 3837 322 3905 calice,
337 3839 439 3915 gratim
455 3857 554 3914 agens,
569 3836 648 3896 dedit
658 3838 720 3895 cis:
742 3846 771 3894 et
783 3837 915 3894 biberunt
928 3854 966 3893 ex
980 3835 1030 3893 illo
1045 3825 1158 3892 omnes.
1201 3833 1243 3891 Et
1256 3832 1296 3890 ait

93 3933 161 3991 illis.
203 3932 264 3992 Hrc
278 3952 333 3991 usu
346 3953 470 3993 sonorus
485 3953 562 3993 unus
577 3952 647 3992 nour
668 3933 947 3998 Tssrsunurr,ou1
967 3950 1023 3989 uno
1043 3949 1153 3989 monum
1175 3947 1293 3988 ursun-

93 4048 203 4090 nurnn.
244 4031 348 4099 Amen,
364 4031 429 4090 dico
443 4032 535 4100 vobis,
550 4031 617 4105 quia
637 4031 699 4108 jam
720 4048 778 4088 non
799 4029 894 4087 bibam
915 4028 950 4087 dc
971 4029 1028 4086 hoc
1042 4026 1188 4105 genimine
1215 4027 1293 4090 vitis,

93 4151 185 4207 usque
200 4132 229 4191 ln
244 4131 320 4192 diem
335 4131 426 4202 illum,
441 4152 506 4192 cum
521 4131 592 4191 illud
616 4131 712 4189 bibam
732 4147 840 4188 novum
861 4129 891 4186 in
911 4147 1000 4206 regno
1021 4125 1127 4185 Dei.”³
1168 4125 1292 4184 Graccus

94 4240 188 4291 textus
201 4249 209 4288 t
231 4236 305 4290 reici
323 4233 375 4287 tori
387 4236 417 4287 rb
430 4229 499 4301 σῶμά
513 4229 667 4300 μου-τοῦτό
678 4232 733 4283 ἐστι
748 4231 779 4281 rb
795 4222 857 4296 ἇιμά
867 4248 914 4294 μου
925 4228 956 4280 ri
966 4227 1011 4295 τῆς
1026 4222 1110 4294 καινῆς
1126 4219 1254 4294 διαθήκης,
1264 4226 1296 4278 τὸ

93 4330 147 4400 περὶ
160 4322 431 4390 ηωῶνέκχννόμενον·
839 4349 841 4355 ·

133 4419 182 4476 49.
204 4414 298 4474 Lucas
328 4409 385 4466 ait:
417 4407 574 4466 “Etcum
603 4402 676 4468 iacta
699 4414 777 4461 esset
799 4401 878 4470 hora,
902 4399 1055 4467 discubuit,
1081 4407 1110 4457 et
1137 4396 1292 4457 duodecim

494 4553 536 4621 (l)
555 4554 628 4604 Mett.
638 4551 706 4602 xxvi.
717 4552 759 4602 26.

491 4640 532 4706 (2)
549 4638 626 4689 Mero·
636 4637 687 4689 xiv.
697 4639 740 4688 22.
