2774 5056
457 306 515 367 DE
537 300 762 366 THESAURO
782 302 1014 363 ECCLESIAE.
1263 302 1324 360 Μ

82 499 214 568 absque
232 473 370 542 Christi
385 467 493 547 injuria
503 464 593 524 dixit:
609 471 629 501 “
641 461 790 539 Adimpleo
804 479 907 535 eaque
917 459 1019 519 desunt
1028 462 1191 538 passionum
1200 459 1322 527 Christi,

82 599 122 657 in
137 607 239 654 carne
257 597 350 644 mea,
368 589 424 652 pro
439 583 560 644 corpore
572 564 646 642 ejus,
667 560 743 635 quod
765 572 809 621 est
829 560 1007 620 Ecclesia.”¹
1046 563 1117 629 Qua
1131 561 1215 636 igitur
1228 558 1326 616 Calvi-

85 714 150 756 nus
167 680 326 762 congerit
343 672 383 732 de
398 665 570 727 remissione
585 671 763 739 peccatorum
787 670 940 735 martymm
962 659 1092 736 sanguini
1117 659 1227 723 tribute,
1241 670 1270 714 et
1288 656 1327 716 de

89 781 359 857 sanctificatione
386 788 405 827 a
430 762 602 839 martyribus
624 758 756 836 perfecta,
779 767 875 817 carent
895 757 1086 824 fundamento,
1110 769 1139 815 et
1165 776 1182 815 a
1209 755 1327 815 libidine

92 876 325 955 calumniandi
342 865 577 949 proficiscuntur.

136 992 195 1047 41,
219 975 301 1056 obj.
316 977 351 1029 2.
377 974 398 1002 ‘⁶
410 958 550 1021 Preciare
565 953 698 1013 adversus
712 954 774 1011 haec
787 953 933 1031 sacrilegia
943 953 1004 1012 Leo
1014 953 1160 1011 Romanus
1171 950 1327 1027 episeopus

95 1089 135 1150 ad
174 1072 399 1144 Palaestinos:
434 1057 519 1135 epist.
541 1056 598 1111 81:
637 1050 785 1119 Quamvis,
814 1051 914 1124 inquit,
936 1051 1086 1109 multomm
1113 1061 1274 1107 sauctomm
1294 1049 1327 1108 in

96 1185 282 1258 conspectu
302 1156 433 1225 Domini
448 1154 573 1231 pretiosa
594 1165 670 1205 mors
692 1147 773 1205 fuerit
793 1145 855 1225 (Ps.
873 1151 939 1212 116.
957 1147 1015 1224 lt.)
1037 1145 1141 1204 nullius
1164 1156 1259 1203 mmeu
1283 1145 1329 1204 in·

98 1283 204 1345 sontis
223 1265 351 1333 occisio
368 1249 534 1335 propitiatio
549 1247 602 1304 suit
623 1244 729 1303 mundi.
770 1245 913 1321 Accepere
934 1244 1015 1321 justi,
1030 1262 1086 1301 nou
1100 1241 1235 1300 dedemut
1247 1259 1329 1300 coro·

99 1401 172 1447 nas,
190 1385 225 1434 et
240 1369 282 1428 de
299 1351 475 1421 fortitudine
490 1344 617 1404 fidelium
631 1353 694 1400 nata
709 1351 775 1399 sunt
794 1341 926 1418 exempla
947 1341 1096 1418 patientie,
1111 1358 1169 1399 nou
1182 1339 1256 1397 dona
1264 1339 1330 1416 jus·

103 1479 202 1540 titioer
221 1459 402 1540 singulares
417 1447 526 1522 quippe
540 1458 637 1499 eorum
654 1450 758 1496 mortes
772 1438 858 1507 fuere,
871 1457 924 1496 nec
933 1438 1044 1497 alterius
1054 1438 1194 1514 quispiam
1204 1436 1332 1500 debitum

105 1595 165 1636 300
182 1572 249 1630 fine
266 1550 438 1640 persolvit:
461 1559 550 1616 quum
565 1556 637 1596 unus
651 1536 775 1594 extiterit
789 1535 930 1595 Dominus
946 1535 1088 1603 Christus,
1103 1537 1203 1610 inquo
1227 1553 1332 1597 omnes

110 1663 268 1734 crucifixi,
286 1666 398 1716 omnes
418 1640 532 1706 mortui,
546 1636 661 1712 sepulti,
676 1632 848 1693 suscitati.’'¹

154 1767 256 1842 Resp.
282 1747 376 1815 Nihil
405 1744 435 1801 iu
464 1738 510 1796 his
538 1734 700 1792 adversatur
726 1730 928 1809 indulgentiisr
956 1751 1009 1792 uec
1029 1733 1106 1791 enim
1133 1733 1219 1791 alium
1243 1750 1334 1806 quem

117 1866 280 1929 Christum
299 1841 493 1928 agnoscimus
508 1831 735 1911 propitiationem
750 1830 859 1899 mundi,
873 1849 927 1891 uec
940 1831 987 1889 alii
1001 1843 1117 1908 accepta
1130 1829 1203 1889 dona
1212 1831 1334 1907 justitiet

118 1964 290 2028 referimus,
308 1966 367 2009 nec
393 1934 560 2015 quempiam
584 1929 709 1987 debitum
733 1928 849 1987 alterius
870 1946 923 1988 suo
943 1929 1000 1988 fine
1014 1929 1185 2006 persolvisse
1198 1927 1333 1989 dicimus.

122 2067 197 2134 Quae
214 2057 320 2135 igittur
335 2062 376 2102 ex
391 2039 492 2098 Leone
507 2028 606 2106 objicit
620 2026 768 2093 Calvinus,
784 2027 904 2102 probant
915 2025 991 2101 quod
1006 2025 1081 2104 apud
1092 2032 1193 2086 omues
1213 2024 1243 2084 iu
1265 2044 1336 2088 cou-

124 2165 205 2224 iesso
220 2164 278 2220 est.
295 2165 353 2209 nos
370 2132 484 2197 Christi
506 2138 607 2193 morte,
622 2145 678 2185 uon
704 2125 818 2183 alterius
841 2126 1055 2205 cujuscumque,
1076 2125 1236 2201 redemptos
1255 2142 1335 2189 esse.

128 2259 274 2320 Obiciunt
290 2253 449 2316 martyres,
465 2248 523 2288 uon
539 2225 663 2285 debiturn
679 2223 792 2281 alterius
807 2225 1009 2301 persolventes.
1019 2221 1069 2282 sed
1079 2222 1196 2282 Christo
1209 2221 1335 2286 ferentes

100 2366 103 2372 ’
129 2348 347 2416 testimonium,
374 2346 501 2409 quorum
527 2336 620 2383 mmen
649 2331 767 2380 mortem
793 2322 930 2399 patienter
948 2321 1091 2382 toleratam
1112 2339 1161 2400 per
1182 2320 1334 2387 Christum

132 2454 216 2516 nobis
231 2448 419 2518 aliquatenus
435 2425 582 2507 prodesse,
598 2421 639 2482 uil
649 2420 769 2480 detrahit
779 2419 898 2482 infinita
913 2421 1006 2481 virtuti
1020 2419 1234 2501 redemptionis,
1244 2437 1334 2495 quam

133 2572 186 2634 pro
202 2545 343 2610 omnibus
361 2536 426 2612 ipse
442 2544 515 2587 unus
530 2523 617 2583 dedit.

173 2655 225 2710 42,
252 2640 321 2721 Obj.
339 2642 370 2696 3.
414 2631 610 2706 “Agnoscunt
634 2619 827 2700 (Curuomcr)
849 2641 943 2681 aunon
969 2621 1031 2680 hac
1057 2621 1116 2681 sint
1143 2639 1194 2679 sua
1221 2617 1337 2696 placita,

137 2760 280 2824 martyres
296 2739 363 2817 plus
378 2739 470 2790 morte
484 2745 536 2783 sua
551 2722 615 2780 Deo
629 2718 793 2797 prestitisse
807 2739 840 2779 ae
860 2721 975 2781 meritos
995 2738 1059 2779 esse
1080 2738 1164 2795 quam
1186 2717 1239 2776 sibi
1260 2737 1337 2797 opus

138 2857 237 2909 esset:
261 2849 429 2906 tantamque
446 2826 501 2885 illis
522 2821 687 2882 meritorum
708 2818 865 2895 largitatem
886 2818 1070 2898 superfuisse,
1086 2838 1149 2894 ques
1163 2818 1193 2877 in
1207 2817 1278 2877 alios
1293 2838 1339 2881 re·

139 2945 291 3006 dundaret.
334 2932 384 2992 Ne
400 2926 486 3004 igitur
505 2936 714 2998 supervacuum
734 2916 771 2974 sit
792 2927 900 2979 tautum
913 2920 1030 2985 bonum,
1044 2916 1223 2978 commisceri
1237 2934 1339 2982 eorum

140 3039 313 3120 sanguinem
326 3022 462 3104 sanguini
476 3018 597 3084 Christi,
612 3025 640 3075 et
659 3026 830 3090 aratroque
845 3018 1006 3077 thesaurum
1024 3015 1165 3077 Ecclesia
1179 3015 1283 3074 confici
1303 3018 1340 3080 ad

142 3136 345 3201 remissionem
361 3134 390 3184 et
404 3118 624 3181 satisfactionem
641 3114 867 3190 peecatcmm.''⁸
906 3114 1055 3174 calvinus,

183 3231 275 3308 Resp.
295 3225 367 3285 Non
392 3219 455 3277 haec
477 3223 544 3274 sunt
569 3210 671 3290 placita
692 3220 797 3278 nostra,
822 3230 886 3271 narn
907 3220 1046 3286 martyres
1067 3210 1208 3270 credimus
1222 3207 1341 3287 plenam

144 3331 311 3394 meritorum
337 3314 498 3381 mercedem
526 3332 542 3373 a
566 3310 630 3369 Deo
657 3320 844 3380 consecutos;
866 3308 917 3369 sed
940 3307 1090 3386 suppliciis
1115 3327 1212 3368 eorum
1235 3321 1340 3386 prater

145 3428 289 3491 meritum,
311 3421 369 3479 vim
392 3411 542 3488 quamdam
565 3408 659 3467 inesse
680 3422 832 3464 censemus
852 3404 949 3466 luendi
977 3423 1085 3482 penas.
1115 3423 1204 3479 eaque
1232 3404 1342 3470 idcireo

145 3524 242 3587 offerri
253 3516 420 3597 posssDeo‚
436 3520 467 3569 ut
475 3503 676 3567 infirmioribus
686 3501 816 3560 iratribus
831 3522 882 3582 per
897 3502 1046 3562 Christum
1062 3502 1098 3562 ad
1109 3521 1254 3581 pmuarum
1270 3513 1343 3568 tem.

148 3622 289 3705 poralium
303 3615 415 3674 valeant
437 3605 645 3669 remissionem.
688 3601 756 3661 Non
769 3601 911 3663 credimus
926 3621 1024 3663 eorum
1038 3603 1207 3682 sanguinem
1229 3602 1342 3668 Christi

147 3716 281 3798 sanguini
296 3705 487 3772 commisceri,
503 3712 534 3761 ut
547 3719 583 3759 er
598 3709 717 3773 utroque
733 3697 819 3759 veluti
834 3701 958 3779 partibus
983 3699 1130 3760 thesaurus
1151 3701 1338 3775 conficiaturr

148 3821 200 3882 sed
214 3816 250 3876 arl
263 3812 411 3873 cumulum
435 3801 537 3864 infiniti
552 3798 675 3858 thesauri
690 3796 800 3857 Christi
819 3798 977 3878 sauguinis,
992 3809 1147 3876 martyrum
1171 3801 1340 3879 sanguinem

150 3917 238 3978 ueluti
252 3906 456 3972 adminiculum
470 3897 615 3965 accedere,
630 3896 680 3969 qui
701 3895 783 3955 nobis
805 3898 895 3976 prosit
914 3896 950 3956 ad
971 3895 1168 3958 remissionem
1192 3918 1341 3977 panarum

151 4013 260 4076 Christi
275 4008 387 4068 iutuitu.
430 4002 460 4062 N
463 4019 501 4060 on
513 3997 606 4076 igitur.
623 4004 653 4053 ut
666 3994 853 4055 calumniatur
866 3994 1015 4064 Calvinus.
1030 3993 1179 4058 Christum
1193 3998 1339 4078 vulgarem

149 4111 307 4176 sanctulum
330 4108 462 4172 iacimus,
485 4096 535 4174 qui
555 4096 585 4155 iu
609 4095 690 4154 turba
710 4093 758 4154 vix
781 4093 980 4176 dignoscaturr
1001 4094 1053 4157 sed
1066 4097 1183 4159 unicum
1198 4098 1343 4181 Redemp-

547 4355 590 4422 (1)
611 4353 707 4406 Colore.
721 4356 744 4405 1.
754 4352 797 4408 2⁴.

547 4446 586 4505 (2)
604 4441 664 4492 lust.
676 4441 691 4492 l.
703 4439 745 4503 iii„
754 4456 777 4494 c.
787 4443 846 4496 a&

549 4531 590 4604 (³)
608 4528 711 4582 Ibidem.
