2774 5056
440 338 497 398 DE
519 337 848 400 CONFIRMANDIS.
1188 338 1243 393 tta

537 856 677 916 CAPUT
697 855 751 915 IV.

416 1050 472 1101 Du
497 1048 870 1102 CONFIRMANDIS.

84 1217 130 1273 50.
151 1215 299 1276 Omnibus
314 1228 343 1276 et
361 1217 432 1276 solis
446 1219 597 1296 baptizatis
612 1217 732 1276 conferri
748 1235 834 1294 posse
848 1215 1092 1274 confirmationem
1107 1233 1144 1273 ex
1158 1214 1239 1273 Actis

48 1310 248 1390 Apostolorum
274 1317 430 1395 colligitur,
445 1318 592 1377 Samaritis
607 1318 694 1385 euim,
709 1326 738 1374 et
751 1316 786 1373 iis
801 1334 873 1389 quos
888 1315 994 1373 Paulus
1009 1315 1120 1392 Ephesi
1134 1314 1241 1392 reperit

50 1398 212 1490 discipulos,
227 1427 296 1493 post
309 1416 484 1492 baptismum
499 1416 602 1475 collata
615 1427 668 1473 est.
709 1413 743 1473 Id
756 1414 847 1488 liquet
857 1413 941 1471 etiam
956 1431 994 1471 ex
1018 1413 1157 1471 Ecclesia
1171 1432 1238 1471 eon·

19 1494 22 1498 ⁴
51 1509 129 1568 sunu
142 1511 351 1571 consuetudine
366 1515 400 1572 ab
414 1514 612 1589 antiquissima
625 1531 715 1586 usque
731 1520 820 1569 aetate.
864 1510 965 1568 Statim
986 1521 1052 1587 post
1065 1511 1238 1588 baptismum

53 1605 215 1675 solemnem,
245 1610 296 1683 qui
330 1611 365 1668 ab
399 1611 537 1688 episcopo
573 1610 739 1687 plerumque
774 1609 992 1676 ministrabatur,
1022 1609 1239 1684 imponebantur

54 1720 159 1772 manus,
172 1715 202 1763 et
214 1704 368 1765 chrismate
381 1709 559 1785 ungebantur
572 1706 733 1785 Neophyti,
748 1719 780 1763 ut
793 1706 889 1764 divino
905 1706 1029 1782 Spiritus
1044 1706 1141 1764 Sancti
1161 1705 1238 1766 dono
1323 1714 1335 1795 ζ

10 1858 14 1873 ,
55 1799 241 1861 munirentur:
264 1802 341 1877 quod
365 1804 450 1863 etiam
464 1805 617 1864 infantibus
638 1804 756 1880 contigit
769 1822 819 1881 per
839 1803 921 1881 plura
940 1803 1053 1861 saecula.
1095 1803 1239 1865 Caeterum
1273 1736 1296 1905 i
1307 1798 1335 1869 f

56 1898 187 1957 recentior
196 1897 349 1976 disciplina
361 1910 406 1959 est
419 1912 450 1959 ut
464 1903 644 1979 septennium
666 1910 839 1977 expectetur,
855 1900 911 1958 nisi
931 1912 1030 1977 urgeat
1042 1903 1141 1961 mortis
1166 1904 1239 1980 peri-

58 1994 154 2065 eulum,
169 1998 214 2056 rel
232 1997 325 2076 gravis
340 1998 457 2057 suadeat
471 2000 550 2068 ratio,
565 2000 702 2077 episeopo
716 1999 811 2058 forsan
831 1997 880 2057 diu
900 1998 1053 2057 abfuturo.¹
1093 2001 1178 2059 Mora
1192 2002 1240 2060 illa

58 2088 84 2148 id
94 2090 176 2152 babet
188 2094 334 2153 commodi
345 2106 375 2153 ut
388 2095 469 2172 pueri
483 2096 550 2154 fidei
563 2095 722 2155 rudimenta
735 2095 914 2164 edoceantur,
927 2105 955 2153 et
968 2096 1016 2173 pio
1030 2097 1117 2154 animi
1138 2097 1240 2158 affeetu

62 2187 195 2250 addivina
207 2191 393 2270 suscipienda
412 2192 488 2252 dona
508 2205 649 2270 parentur.
690 2192 840 2252 Educendi
860 2202 927 2251 sunt
946 2205 1039 2253 autem
1061 2215 1112 2272 pro
1133 2197 1240 2255 ratione

62 2288 149 2358 atatis,
159 2291 317 2367 praesertim
331 2289 367 2348 de
381 2292 534 2368 praecipuis
549 2291 615 2350 fidei
631 2292 786 2368 mysteriis.

95 2388 139 2444 bl.
160 2386 201 2446 Ut
214 2388 280 2463 quis
294 2388 510 2447 Sacramentum
530 2388 586 2447 hoc
600 2389 726 2465 recipiat,
742 2387 824 2445 debet
838 2386 961 2445 animam
976 2387 1079 2444 habere
1094 2407 1110 2444 a
1124 2400 1240 2464 peccato

65 2486 132 2559 gravi
143 2484 313 2552 immunem,
326 2504 391 2544 nam
406 2485 526 2564 Spiritui
541 2486 646 2543 Sancto
661 2483 776 2541 inferret
787 2484 930 2560 injuriam,
945 2483 1004 2556 qui,
1017 2496 1133 2560 peccato
1147 2485 1241 2548 adtbc·

65 2586 182 2647 tunsum
194 2581 339 2662 hospitem
353 2583 486 2660 excipere
500 2601 531 2640 se
546 2581 618 2639 velle
633 2581 761 2658 tingeret.
804 2580 882 2638 Hinc
891 2580 938 2657 pia
949 2579 1056 2637 obtinet
1065 2582 1241 2641 consuetudo

10 2716 20 2765 k
67 2676 239 2738 muscosionis
254 2679 421 2757 peragenda
437 2690 588 2753 autequam
610 2678 673 2752 quis
688 2676 914 2737 confirmandum
928 2696 959 2734 se
974 2677 1064 2745 sistat,
1079 2696 1165 2751 quam
1178 2699 1242 2739 sua·

68 2770 107 2833 tet
116 2774 278 2836 Pontificaie
292 2777 466 2836 Romanum.

34 2860 42 2879 ⁸
99 2878 143 2933 52.
163 2874 328 2953 Optandum
343 2886 374 2934 ut
383 2876 478 2954 jejuni
492 2874 526 2933 ad
551 2874 795 2933 confirmationem
816 2874 960 2942 accedant,
975 2875 1051 2948 quod
1076 2876 1243 2937 Pontificale

70 2972 242 3043 commendat,
264 2981 395 3031 etvetus
420 2991 471 3048 per
485 2970 636 3030 duodecim
655 2969 760 3029 saecula
780 2969 954 3029 consuetudo
975 2971 1090 3030 habuit:
1110 2973 1161 3031 sed
1180 2974 1243 3051 lege
1283 2796 1314 3096 J

69 3080 117 3124 uon
121 3067 241 3145 jubetur.
1119 3064 1123 3071 ⁴

23 3226 31 3245 ,
101 3168 145 3224 ta.
164 3166 266 3225 Utrum
281 3165 375 3243 gravis
398 3165 436 3223 sit
449 3164 532 3242 eulpa
546 3163 690 3241 negligere
704 3164 925 3222 confirmationis
940 3166 1162 3241 susceptionem,
1175 3167 1245 3239 quin

22 3286 34 3313 .·
70 3270 200 3337 spernatur
219 3273 438 3330 sacramentum,
453 3260 527 3319 iuter
540 3259 707 3336 Theologos
731 3260 873 3331 quaeritur.
915 3259 1075 3318 Affirmanti
1096 3263 1242 3320 sententiar

70 3355 148 3418 lavere
160 3359 269 3420 ridetur
278 3360 444 3420 constitutio
458 3358 605 3417 Benedicti
620 3356 715 3427 xlv,
737 3376 800 3430 quae
815 3357 936 3416 declarat
956 3377 1005 3416 eos
1031 3359 1080 3431 qui
1095 3379 1111 3417 a
1125 3360 1242 3436 presby-

72 3456 126 3514 teris
139 3458 245 3518 Graecis
259 3458 372 3517 fuerant
386 3457 538 3517 chrismate
553 3456 636 3523 liniti,
651 3455 682 3513 in
702 3455 738 3512 iis
762 3455 924 3532 regionibus
946 3454 976 3512 in
996 3455 1098 3526 quibus
1125 3455 1243 3513 facultas

73 3552 241 3612 confirmandi
254 3554 291 3612 iis
306 3564 350 3612 est
363 3552 511 3630 denegata,
524 3551 648 3630 “gravis
662 3551 770 3628 peccati
784 3560 859 3607 reatu
875 3550 974 3617 teneri,
988 3549 1012 3606 si
1029 3553 1105 3626 (cum
1120 3552 1242 3632 possint)

22 3658 27 3669 ·
71 3645 99 3704 ad
124 3651 365 3710 confirmationem
390 3648 524 3710 accedere
552 3657 675 3707 renuunt
706 3666 738 3704 ac
765 3644 961 3722 negligunt.”²
1000 3645 1058 3704 Sed
1090 3649 1245 3725 pertinacia

71 3746 182 3817 quedam
195 3748 304 3807 videtur
315 3768 379 3806 cum
392 3746 522 3824 neglectu
538 3746 573 3804 iis
588 3746 618 3804 in
633 3764 725 3804 rerum
740 3743 878 3820 adjunctis
893 3761 1032 3803 connexa.
1073 3746 1107 3804 In
1121 3747 1244 3808 Instruc-

71 3839 162 3902 tiouea
180 3844 267 3903 Sacra
291 3844 522 3921 congregatione
544 3842 579 3900 de
600 3840 787 3919 Propaganda
814 3839 885 3898 Fide
913 3840 989 3899 edita
1008 3841 1127 3902 dieitur:
1151 3855 1243 3904 “sme

71 3941 149 4014 garis
162 3943 269 4020 peceati
283 3955 364 4001 reatu
386 3941 483 4018 respui
504 3960 562 3999 non
584 3949 678 4017 potest
701 3958 734 3996 ac
759 3938 875 4014 negligi,
894 3957 959 3995 cum
973 3938 1043 3997 illud
1068 3942 1243 4019 suscipiendi

71 4049 211 4115 opportuna
233 4039 314 4099 adest
327 4039 452 4098 occasio.
493 4039 584 4097 Porro
605 4039 666 4095 haec
691 4036 827 4102 doctrina,
842 4037 866 4092 si
888 4054 939 4112 pro
959 4038 1093 4097 omnibus
1114 4041 1243 4114 quisunt

71 4133 178 4210 undique
192 4134 434 4194 christifidelibus
450 4153 516 4193 vera
536 4146 589 4200 est,
605 4133 693 4191 multo
715 4130 805 4207 magis
820 4131 914 4190 locum
930 4132 1014 4192 habet
1028 4134 1057 4193 in
1071 4136 1127 4194 illis
1142 4139 1190 4208 qui
1212 4138 1241 4194 in

69 4233 135 4291 terris
147 4232 252 4312 degunt
264 4229 495 4291 hereticorum?

99 4334 143 4389 et.
163 4330 220 4400 Qui
232 4330 331 4390 animo
344 4330 397 4387 rite
413 4340 509 4405 parato
530 4328 733 4386 confirmantur
746 4333 929 4402 augmentum
944 4327 1038 4404 gratie
1052 4345 1117 4386 cum
1140 4329 1240 4385 robore

218 4508 261 4575 (l)
279 4504 347 4557 Vide
356 4504 480 4559 Benedict.
490 4505 563 4558 XIV.
574 4505 604 4554 de
615 4507 674 4568 Syn.
687 4502 790 4552 Dioeces.
800 4502 817 4552 1.
825 4502 866 4552 vii.
875 4519 896 4552 c.
907 4519 932 4553 x.
944 4502 956 4562 d
968 4506 990 4564 ³,
1002 4507 1025 4555 5.

216 4591 260 4659 (2)
280 4589 386 4643 (tonent
397 4592 453 4642 Etsi
464 4591 602 4651 Pastoruiis,
615 4594 628 4650 ς
639 4592 662 4638 3.
673 4604 698 4637 n.
705 4590 730 4637 4.
747 4587 810 4638 Bull.
820 4587 892 4637 Tom.
903 4587 936 4652 i„

429 4759 482 4815 lo*
525 4839 529 4848 Ι
