2774 5056
339 285 397 347 DE
418 286 945 348 TRANSUBSTANTIATIONE.
1186 288 1244 345 198

39 444 135 505 nenti
149 444 258 503 veritas
271 446 360 504 menti
373 447 554 505 obversatur:
577 445 629 504 sed
642 447 667 504 si
683 446 852 505 calviniana
865 444 968 523 placita
981 445 1137 514 obtineant,
1149 455 1244 522 patres

45 541 147 600 verbis
160 541 280 611 lusisse,
296 553 325 600 et
338 543 376 602 ita
389 542 477 601 locuti
491 552 523 601 ut
536 561 661 602 errorem
674 543 875 621 gravissimum
889 542 1043 601 lectoribus
1068 543 1241 620 ingererent,

45 636 201 699 debentur.
737 660 740 669 ·

86 741 158 798 171.
183 737 252 817 obj.
269 742 297 797 9.
327 739 385 806 Qui
412 739 486 798 inter
514 750 606 817 patres
626 750 757 798 asserunt
784 738 945 799 sacerdotes
971 737 1112 798 conticere
1140 757 1246 816 corpus

47 831 172 902 Christi,
187 834 365 913 intelligendi
379 844 446 893 sunt
466 835 501 894 de
523 835 728 896 elementorum
750 835 975 904 consecratione,
989 853 1046 908 qua
1066 834 1149 911 panis
1169 854 1248 894 com·

47 933 144 991 munis
158 933 193 991 fit
212 934 435 1003 sacramentalia,
450 934 522 994 adeo
542 944 574 993 ut
594 934 698 993 fractus
722 943 751 992 et
771 945 903 1011 receptur
924 934 964 993 sit
984 934 1113 1010 corporis
1136 932 1247 992 Christi

49 1031 228 1099 communio,
242 1042 272 1089 et
284 1030 403 1109 proinde
418 1032 657 1092 sacramentaliter
668 1031 811 1110 designari
825 1031 918 1109 possit
930 1049 1035 1108 corpus
1050 1029 1170 1089 Christi.
1204 1030 1248 1088 lta

52 1124 251 1205 Hieronymus
266 1128 455 1207 explicandus
469 1141 532 1200 est;
553 1132 593 1189 ita
606 1148 721 1204 quoque
743 1129 985 1207 Chrysostomus,
1000 1129 1051 1202 qui
1072 1137 1168 1187 umen
1188 1129 1248 1187 ani·

54 1222 202 1283 madvertit
214 1223 312 1283 Deum
326 1243 391 1284 esse
405 1227 455 1300 qui
477 1245 627 1286 munerum
647 1227 834 1287 mutationem
854 1226 1088 1285 sacramentalem
1102 1235 1244 1302 operatur.

95 1319 184 1399 Rcrp.
205 1322 325 1381 Petrum
333 1323 483 1381 verbauon
491 1324 644 1400 patiuntur,
652 1333 682 1382 ut
690 1342 740 1382 eos
748 1323 784 1381 de
793 1323 1083 1382 meraelementornm
1093 1321 1250 1379 sanctifica·

60 1416 128 1477 ione
134 1417 247 1479 locutos
254 1418 458 1498 intelligamus.
491 1419 690 1498 Hieronymus
702 1420 857 1480 verendum
869 1418 1047 1478 sacerdotum
1058 1420 1249 1477 ministerium

65 1532 93 1573 ea
105 1515 138 1575 de
152 1536 240 1577 causa
253 1516 332 1587 dicit,
347 1517 425 1593 quod
442 1518 583 1578 “Christi
597 1538 701 1598 corpus
715 1538 796 1578 sacro
811 1537 860 1578 ore
874 1517 1029 1577 conficiunt
1038 1517 1082 1584 ;'’²
1096 1528 1124 1575 et
1139 1517 1250 1576 alias-

68 1612 257 1689 “adquorum
282 1635 393 1694 preces,
417 1617 526 1675 Christi
547 1637 651 1696 corpus
676 1617 851 1696 sanguisque
871 1616 1068 1676 conficitur.’'¹
1108 1616 1146 1674 Vi
1171 1616 1249 1674 illius

9 1778 13 1787 ,
70 1714 274 1773 tomecrstionis
288 1715 321 1774 frt
333 1726 365 1774 ut
378 1714 478 1774 fideles
492 1735 597 1793 corpus
612 1718 707 1794 ipsum
728 1727 758 1775 et
771 1717 940 1794 sanguinem
955 1715 992 1774 de
1013 1734 1099 1773 manu
1119 1713 1250 1774 sacerdo·

72 1810 285 1887 tumaccipiaut:
308 1812 411 1871 “Non
436 1813 559 1889 Moyses
577 1812 655 1871 dedit
675 1813 758 1872 nobis
780 1830 883 1888 panem
905 1830 1015 1879 verum,
1031 1810 1082 1868 sed
1105 1811 1249 1870 Dominus

75 1898 159 1963 lesus:
180 1906 244 1984 ipse
254 1908 376 1967 conviva
386 1919 415 1966 et
428 1910 592 1967 convivium
604 1929 611 1978 ;
627 1910 690 1986 ipse
702 1908 867 1975 comedens,
879 1908 968 1981 etqui
980 1907 1155 1966 comeditur:
1172 1907 1250 1964 illius

76 1997 176 2063 bibimus
189 2005 407 2082 sanguinem.”¹
446 2007 486 2065 Et
499 2006 589 2065 alias:
613 2008 765 2084 “Sanguis
780 2018 875 2065 autern
895 2007 958 2083 ipse
973 2014 1018 2063 est
1038 2005 1193 2082 pretiosus,
1214 2005 1247 2063 in

78 2112 120 2168 quo
127 2099 287 2161 redimimur
298 2102 328 2161 in
340 2103 474 2180 passione
486 2103 605 2161 Domini
614 2103 787 2171 Salvatorisr
800 2104 882 2181 cujus
891 2121 975 2161 carne
986 2101 1097 2169 alimur,
1109 2113 1137 2159 et
1148 2118 1249 2159 cruore

79 2198 231 2267 ptumnrss'*
269 2200 321 2258 Sic
346 2210 375 2258 et
396 2200 625 2277 chrysostomus
657 2201 824 2279 dignitatem
845 2200 997 2260 sublimem
1019 2198 1197 2258 sacerdotum
1219 2209 1249 2256 et

80 2296 229 2355 annuam
242 2316 281 2357 ex
294 2316 330 2357 eo
344 2298 422 2373 quod
446 2299 508 2358 haro
521 2301 665 2359 celebrent
685 2302 823 2377 mysteria
844 2299 937 2368 effert,
960 2298 1017 2356 Dei
1039 2298 1246 2375 operationem,

81 2387 243 2453 ministerium
257 2406 367 2453 tantum
381 2396 537 2455 humanum
552 2397 582 2454 iu
596 2397 633 2454 iis
647 2415 817 2474 agnoscens.

111 2489 163 2549 lta.
187 2490 256 2571 obj.
271 2496 317 2550 10.
340 2492 414 2559 Quae
428 2511 465 2551 ex
487 2494 613 2570 patribus
634 2494 791 2571 allegantur
811 2492 974 2551 testimonie
994 2489 1030 2550 de
1051 2489 1250 2559 conversione,

81 2587 218 2658 munione,
242 2591 486 2658 transmutatione,
508 2590 764 2667 transfiguratione,
786 2588 1082 2649 transelementatioue
1110 2587 1193 2664 panis
1222 2596 1252 2644 et

10 2732 17 2753 ,
81 2676 124 2738 tini
138 2701 190 2744 uon
212 2685 334 2762 probant
358 2686 696 2755 transubstantiationem,
718 2688 779 2746 haec
805 2687 913 2763 quippe
934 2685 969 2744 ab
991 2686 1027 2743 iis
1048 2683 1162 2752 differt3
1184 2702 1252 2743 nam

10 2774 18 2821 '·
81 2789 147 2847 tuum
157 2794 254 2861 agatur
266 2782 302 2841 de
317 2783 502 2842 Sacramento
516 2786 634 2844 mutatio
648 2786 811 2843 necessario
832 2783 1017 2862 intelligenda
1034 2793 1080 2841 est
1092 2799 1253 2841 sacramen·

81 2871 136 2935 ldis.
169 2879 212 2939 lta
225 2878 366 2939 Cosinus.

20 2968 24 2973 ’
107 2969 183 3055 drap.
203 2977 282 3036 Mira
292 2988 368 3035 certe
382 2987 427 3035 est
440 2977 502 3037 haec
515 2978 564 3037 lex
579 2980 828 3057 interpretationis,
852 2990 883 3037 nt
900 2979 984 3057 juxta
1001 2997 1082 3037 suam
1097 2977 1133 3036 de
1154 2978 1254 3035 Sacra·

81 3071 255 3133 maenarum
275 3075 422 3133 notionem
442 3075 569 3152 explicet
590 3076 717 3136 Casinus
738 3095 928 3152 quecumque
952 3075 1077 3135 dixerint
1099 3088 1194 3152 patres
1217 3073 1254 3132 ad

82 3161 251 3231 damnandam
266 3172 350 3249 panis
364 3172 465 3231 etvini
486 3173 515 3231 in
535 3193 640 3251 corpus
661 3186 690 3233 et
710 3175 878 3252 sanguinem
894 3174 1004 3232 Christi
1018 3174 1249 3231 conversionem.

82 3258 121 3321 llls
131 3284 226 3328 vocum
239 3270 360 3328 varietas
375 3287 441 3342 qua,
453 3269 518 3346 ipso
532 3270 646 3339 latente,
662 3272 925 3344 mutationemque
940 3270 972 3328 fit
995 3269 1025 3328 in
1045 3267 1251 3343 mysteriorum

82 3359 241 3427 turbatione
255 3366 616 3440 declararunt—paranate,
627 3369 818 3439 μεταμόρφωσις,
828 3365 995 3437 μεταποίησις.
1005 3368 1254 3434 pertremiscan-

11 3452 13 3463 '
82 3455 163 3521 nntius
174 3463 300 3532 habetur,
315 3464 382 3539 quia
397 3483 455 3522 non
469 3468 641 3539 usurparunt
650 3475 750 3515 vocent
765 3455 964 3529 Latinumque
984 3473 1059 3512 nunc
1071 3458 1252 3531 exprimitur,

82 3559 187 3627 tuturis
199 3561 311 3622 Gracia
335 3579 405 3635 quas
429 3559 559 3637 plerique
583 3554 772 3613 adhibuerunt
791 3551 909 3610 vocibus
931 3550 989 3609 vim
1010 3550 1088 3609 illam
1111 3553 1253 3614 adnexam

11 3720 14 3737 1
83 3665 174 3717 0¹¹0ss
185 3660 259 3719 serie
272 3659 420 3726 orationis,
434 3667 464 3716 et
479 3674 516 3715 ex
530 3654 593 3713 aliis
615 3651 687 3709 locis
711 3658 831 3708 constet.
873 3645 1007 3706 Prosectd
1027 3650 1139 3727 cogitur
1155 3649 1255 3711 White

11 3756 14 3781 ¹
84 3745 244 3833 fmnpauaa
258 3775 292 3814 ea
310 3757 418 3815 ratione
439 3755 561 3821 locutos,
583 3767 646 3824 quae
668 3745 960 3806 transubstantiationi
980 3745 1083 3816 faveat,
1097 3759 1126 3807 et
1147 3767 1198 3809 eos
1212 3769 1256 3809 re·

12 3828 16 3943 ξ
85 3841 261 3933 lugitjudices,
276 3853 326 3928 qui
340 3855 406 3931 ipso
420 3863 520 3927 quarto
535 3847 676 3910 Ecclesiae
689 3844 795 3904 sacculo
809 3844 991 3903 flomerunt.⁵

112 4074 147 4144 (¹)
159 4080 203 4151 Ep.
210 4086 244 4137 sd
255 4083 425 4136 Heliodorum.

114 4161 148 4230 (1)
161 4168 204 4237 Bp·
214 4173 246 4225 ad
255 4170 399 4235 Evagrium

115 4244 150 4313 (ὃ)
162 4252 206 4322 sp,
214 4258 253 4309 aa.
266 4256 407 4308 noctuam.

116 4330 150 4398 (⁴)
163 4326 197 4393 n
206 4358 227 4395 a.
237 4343 297 4395 rur.
309 4341 402 4394 uma.

119 4415 152 4484 (11
164 4427 236 4481 “'l'he
246 4436 345 4497 present
356 4427 443 4479 author
454 4424 535 4478 would
546 4427 577 4476 be
588 4420 789 4482 misunderstood,
800 4434 864 4471 wore
874 4418 908 4473 bo
916 4421 1047 4473 couooirsd
1058 4421 1087 4472 os
1094 4436 1121 4471 ns
1130 4420 1259 4486 bsheving,

91 4493 283 4578 timii‘tltresuon
295 4517 317 4568 is
328 4523 354 4567 to
364 4516 394 4565 be
405 4513 510 4576 brought
518 4520 543 4563 tc
550 4513 591 4562 the
600 4519 646 4562 test
652 4510 681 4560 os
687 4508 812 4558 whstwss
823 4506 878 4558 held
892 4508 925 4575 by
936 4507 979 4558 the
990 4522 1065 4572 many
1074 4507 1182 4556 eminent
1192 4522 1251 4559 men
1311 4526 1316 4583 ᾗ

92 4580 256 4654 'holcama
266 4604 294 4654 in
303 4603 346 4654 the
365 4600 447 4651 fourth
463 4607 573 4665 century.
606 4595 711 4648 Further
725 4592 758 4644 he
772 4593 868 4654 known,
884 4593 937 4644 that
954 4593 1013 4658 they
1025 4593 1101 4658 spoke
1117 4594 1258 4661 commonly
1315 4602 1318 4611 ·

128 4670 329 4751 locun-rr
1307 4654 1320 4743 1
