2774 5056
102 309 142 367 79
425 305 481 366 DE
502 304 742 365 INFANTIUM
764 304 988 366 BAPTISMO.

142 463 297 525 Probatur
312 462 355 524 II.
370 482 406 524 ert
413 470 556 543 perpetuo
569 462 711 524 Ecclesia
727 464 946 524 consuetudine.

122 560 132 581 ⁸
146 568 215 623 157.
238 565 269 622 S.
284 563 423 622 ineamus
438 562 507 620 dicit
520 563 740 640 regenerationis
753 573 922 638 potestatem
943 562 1090 636 Apostolis
1104 561 1304 624 demandatam

40 714 45 724 ,
104 659 162 718 illis
191 660 300 719 Christi
323 661 416 719 verbis
444 659 479 717 de
507 677 624 717 munere
646 660 820 737 baptizandi,
846 668 875 716 et
896 659 964 718 alibi
986 659 1107 718 infantes
1130 662 1160 718 in
1183 660 1305 722 Christo

104 759 214 816 renasci
229 758 364 816 affirmat:
388 757 561 815 “Dominus
575 775 676 815 omnes
691 758 768 815 venit
781 757 1028 833 persemetipsum
1042 756 1166 815 salvare:
1189 776 1303 829 omnes,

105 857 233 930 inquam,
248 859 298 930 qui
322 875 374 934 per
396 875 463 914 eum
477 864 662 914 renascuntur
676 855 706 914 in
720 856 826 924 Deum,
841 854 962 913 infantes
977 862 1006 912 et
1018 855 1164 932 parrulos,
1175 856 1303 932 juvenes

104 954 282 1011 etsaniores.
324 951 394 1011 Ideo
408 968 459 1028 per
483 970 598 1010 omnem
621 952 699 1010 venit
726 963 848 1019 etatem,
871 961 900 1008 ct
921 949 1074 1008 infantibus
1088 951 1183 1009 infans
1198 951 1301 1024 factus,

23 1056 26 1063 '
103 1051 281 1110 sanctificans
308 1049 449 1109 infantes:
484 1050 514 1108 in
546 1049 671 1128 parvulis
707 1049 857 1128 parvulus,
894 1048 1074 1108 sanctificans
1109 1048 1185 1108 hanc
1204 1051 1300 1128 ipsam

101 1147 239 1206 habentes
255 1156 376 1206 aemtem.
379 1145 414 1182 ”²

143 1248 210 1302 158.
246 1244 403 1303 Oarosnss
427 1243 483 1301 ait:
520 1240 684 1300 “Ecclesia
713 1241 893 1306 traditionem
927 1242 962 1301 ab
991 1240 1139 1319 apostolis
1169 1240 1314 1339 suscepit
1326 1272 1333 1311 ;-

101 1340 186 1400 mam
211 1341 336 1418 parvulis
362 1337 535 1418 baptismum
554 1339 632 1398 dare.
674 1340 809 1398 Sciebant
822 1340 899 1397 enim
913 1339 956 1397 illi
970 1340 1074 1413 quibus
1090 1306 1330 1416 mysteriorum*-

100 1450 209 1498 secreta
222 1439 376 1498 commissa
389 1447 456 1496 sunt
469 1437 640 1507 divinorum,
655 1435 731 1510 quod
745 1447 843 1496 essent
857 1437 887 1495 in
901 1438 1034 1496 omnibus
1049 1437 1183 1517 genuine
1198 1437 1302 1515 sordes

99 1537 294 1614 peccatique
309 1555 360 1615 per
370 1552 473 1609 aquam
484 1545 512 1593 et
520 1535 658 1612 Spiritum
673 1533 943 1611 abluiidebersntss'⁸
963 1534 1108 1594 “Parvuli
1119 1535 1287 1611 baptizanta

98 1633 352 1694 inremissionem
379 1633 582 1710 peccatorum?
624 1633 753 1698 Quorum
780 1632 982 1709 peccatorumf
1017 1632 1062 1690 vel
1084 1649 1141 1704 quo
1169 1642 1302 1710 tempora

98 1732 309 1807 peccaveruntl
330 1741 378 1789 aut
391 1729 538 1803 quomodo
552 1737 647 1806 potest
660 1728 717 1786 ulla
731 1728 833 1786 lavacri
847 1728 878 1786 in
899 1727 1024 1806 parvulis
1044 1728 1115 1786 ratio
1129 1728 1300 1801 subsistere,

98 1828 155 1886 nisi
165 1815 249 1906 juxta
262 1829 343 1888 illum
365 1845 483 1887 sensum
505 1826 540 1885 de
562 1844 620 1900 quo
634 1835 698 1885 aute
720 1825 847 1886 diximus
860 1846 868 1884 ι
890 1825 1017 1885 ‘Nullus
1032 1825 1156 1885 mundus
1170 1846 1188 1886 a
1201 1829 1298 1900 sorde,

97 1941 152 1982 nec
174 1926 200 1982 si
214 1925 299 1983 unius
310 1924 367 1983 diei
382 1923 497 1997 quidem
512 1922 596 1981 fuerit
606 1924 663 1983 rita
676 1923 739 1999 ejus
754 1940 842 2000 super
855 1932 959 1980 terram
970 1921 993 1979 f'
1034 1922 1075 1982 Et
1089 1923 1157 1996 quia
1168 1942 1221 2001 per
1231 1926 1299 2004 bap·

97 2022 177 2081 dumi
187 2033 396 2082 sacramentum
411 2021 564 2081 nativitatis
578 2021 678 2079 sordes
692 2020 883 2098 deponuntur,
899 2031 1048 2098 propterea
1068 2020 1251 2099 baptizantur
1269 2034 1300 2083 st

51 2162 57 2177 .
95 2120 217 2198 parvuli.
260 2120 348 2179 ‘Nisi
369 2120 446 2178 enim
470 2120 534 2192 quis
559 2135 673 2177 renatus
698 2118 782 2177 fuerit
795 2137 831 2176 ex
847 2137 921 2192 aqua
934 2129 962 2176 et
984 2119 1104 2197 Spiritu,
1118 2138 1178 2180 non
1192 2121 1297 2198 poterit

96 2217 199 2276 intrare
214 2216 243 2275 in
255 2234 373 2294 regnum
388 2215 536 2274 coelorum.
538 2212 569 2248 ”⁸
1127 2232 1132 2243 ·

138 2319 204 2374 159.
227 2315 259 2372 S.
275 2312 450 2372 Orrnranus
465 2311 634 2371 senteutiam
645 2311 761 2370 coucrln
772 2310 1018 2389 carthaginensis,
1027 2330 1075 2370 cur
1086 2313 1296 2391 sexagintasex

94 2411 225 2488 episcopi
253 2409 437 2469 interfuerant
456 2394 530 2467 anno
550 2410 619 2476 25³,
641 2407 741 2467 litteris
762 2407 798 2466 ad
819 2406 934 2474 Fidum,
956 2407 1007 2480 qui
1023 2425 1074 2466 eos
1101 2409 1295 2480 consuluerat,

95 2509 249 2586 exposuit:
272 2515 292 2543 “
305 2507 451 2574 Quantum
462 2503 529 2563 verd
545 2502 579 2562 ad
594 2523 710 2563 causam
720 2503 868 2562 infantium
881 2497 1056 2580 pertinet,
1025 2522 1098 2576 quos
1112 2503 1213 2564 dixisti
1224 2506 1296 2565 intra
1325 2576 1328 2581 Ι

94 2603 250 2662 secundum
267 2602 312 2658 vel
326 2603 438 2658 tertium
453 2599 530 2658 diem
551 2618 608 2672 quo
629 2601 686 2656 nati
711 2608 777 2656 sunt
797 2600 966 2657 constitutas
981 2600 1118 2676 baptizari
1132 2619 1192 2660 non
1208 2619 1293 2679 opor·

93 2711 163 2768 tere,
175 2711 204 2757 et
217 2695 451 2755 considerandam
463 2714 527 2753 esse
541 2697 635 2772 legem
648 2695 873 2753 circumcisionis
889 2697 1022 2770 antiquae,
1037 2699 1151 2757 utintra
1160 2709 1293 2759 octavum

94 2797 170 2857 diem
184 2815 250 2854 eum
274 2795 426 2868 quinctus
454 2803 508 2861 est,
530 2791 733 2868 baptizandum
758 2803 787 2850 et
808 2794 1043 2854 sanctificandum
1068 2816 1127 2855 non
1154 2809 1299 2875 putarest·

92 2897 179 2973 longe
204 2893 280 2952 aliud
301 2893 331 2951 ia
351 2891 473 2951 concilio
494 2901 593 2950 nostro
614 2891 746 2949 omnibus
761 2892 855 2949 visum
870 2902 933 2962 est;
959 2895 990 2951 in
1004 2894 1060 2952 hoc
1074 2896 1152 2955 enim
1167 2897 1247 2970 quod
1260 2907 1296 2957 ιιι·

93 2997 211 3072 putabas
227 3010 292 3051 esse
306 2990 467 3050 faciendum
487 3007 573 3047 nemo
587 2988 743 3056 consensit,
759 2988 811 3048 sed
834 2990 960 3048 universi
975 2992 1069 3068 potius
1079 2993 1289 3070 judicavimus,
1335 3060 1338 3071 ¹

92 3093 163 3152 nulli
178 3093 326 3151 hominum
350 3099 416 3149 nato
441 3088 664 3146 misericordiam
688 3087 743 3146 Dei
766 3097 794 3146 et
818 3089 935 3166 gratiam
962 3108 1026 3148 esse
1047 3091 1292 3171 denegandam.'’⁴

91 3189 197 3262 Liquet
211 3188 276 3247 inde
299 3207 350 3266 pro
365 3205 395 3246 re
409 3185 555 3263 explorata
569 3185 643 3262 apud
658 3203 758 3244 omnes
779 3186 887 3255 haberi,
904 3186 1027 3245 infantes
1041 3206 1129 3264 posse
1144 3202 1173 3250 et
1186 3191 1290 3253 debers

90 3287 238 3365 baptizari,
253 3284 325 3344 adeo
339 3294 370 3343 ut
383 3301 538 3362 pancorum
551 3282 661 3341 dierum
673 3282 769 3341 dilatio
782 3284 890 3342 nemini
904 3286 1077 3362 probaretur.

135 3389 199 3444 169.
222 3386 254 3443 S.
275 3383 414 3442 Joauuna
436 3381 674 3439 Ouarsosuouus
691 3381 857 3440 Graecorum
871 3382 1108 3444 consuetudinem
1148 3350 1289 3447 testatur.

92 3483 219 3541 “Etiam
235 3480 387 3541 infantulos
402 3478 591 3556 baptizamus,
602 3489 698 3536 utnon
710 3479 767 3536 sint
778 3481 953 3552 coinquinati
964 3494 1091 3557 peccato,
1107 3491 1138 3540 ut
1151 3485 1194 3544 eis
1207 3485 1289 3545 adda·

91 3590 135 3637 tur
154 3581 299 3649 sanctitas,
308 3578 430 3657 justitia,
441 3575 567 3653 adoptio,
581 3574 741 3644 hareditas,
750 3575 907 3635 fraternitas
920 3576 1040 3647 Christi,
1051 3579 1151 3656 atejus
1161 3584 1290 3642 membra
1334 3646 1337 3651 ,

90 3677 148 3736 siut
161 3695 272 3747 omnes,
286 3688 318 3735 ut
332 3676 455 3754 Spiritus
471 3675 606 3733 habitatio
618 3674 734 3733 ίὶιιιι.”ὅ

132 3778 198 3833 161.
221 3776 253 3832 S.
269 3777 439 3833 Ananosrus
454 3772 489 3830 de
510 3774 727 3831 circumcisione
741 3792 839 3850 agens,
855 3792 940 3847 quam
954 3775 1089 3851 baptismi
1103 3786 1206 3854 typum
1221 3798 1287 3840 essa

89 3870 221 3939 declarat,
235 3872 292 3929 ait:
316 3880 335 3906 ‘⁴
349 3870 412 3928 Nec
436 3888 526 3927 senex
550 3869 722 3946 proselytus,
748 3889 801 3928 nec
815 3871 908 3929 infans
934 3872 1102 3930 vernaculus
1131 3877 1285 3952 excipitur,

89 3968 156 4043 quia
166 3970 261 4027 omnis
276 3978 342 4026 aetas
353 3978 470 4044 peccata
485 3967 619 4036 obnoxia,
632 3978 661 4025 et
673 3967 738 4026 ideo
752 3971 846 4026 omnis
859 3981 927 4049 atas
951 3970 1136 4031 Sacramenta
1151 3973 1287 4034 idonea.”

89 4063 163 4123 Huc
176 4075 250 4124 certe
264 4063 336 4123 ratio
349 4065 491 4142 baptismo
505 4062 655 4122 infantium
669 4063 848 4141 suffragatur.

385 4257 427 4325 (l)
446 4256 477 4307 L.
488 4257 514 4307 ii.
523 4256 577 4308 adv.
588 4256 645 4307 her.
656 4272 677 4306 c.
688 4272 731 4306 xx.
742 4257 801 4306 alias
811 4254 899 4307 xxxii.

384 4342 426 4410 (2)
445 4340 476 4391 L.
487 4358 511 4392 v.
519 4343 546 4393 in
555 4358 593 4407 ep.
605 4341 637 4392 ad
648 4341 719 4391 Rom.
726 4357 752 4391 ιι.
764 4344 787 4393 9.
798 4359 823 4408 p.
836 4341 894 4404 264,
906 4342 943 4393 ed.
956 4342 1064 4396 Wircslr.

399 4429 427 4496 3)
447 4429 521 4479 Hom.
533 4430 583 4479 xiv.

383 4429 425 4581 ((4)
445 4515 493 4579 Ep.
505 4516 547 4565 lix.
558 4516 589 4565 ad
600 4515 698 4575 Fidum,
710 4512 772 4566 alias
784 4516 797 4566 l.
809 4517 843 4567 iii.
854 4514 952 4582 aprili.

381 4599 423 4666 (5)
443 4599 519 4650 Ηοιιι.
530 4600 561 4649 ad
572 4599 725 4663 Neophytos.
