2774 5056
482 332 538 393 DE
560 330 847 393 OAEREMONIIS.
1224 328 1266 395 so'

94 494 285 568 est,hmbmsi0
295 495 385 553 ritum
396 489 524 569 signandi
539 490 628 549 saliva
641 509 723 551 aures
734 499 763 550 et
776 499 868 560 nares,
881 491 930 565 qui
943 490 1011 550 licet
1023 492 1098 552 baud
1109 503 1260 572 usurpatus

94 587 271 670 apudllraecos
291 589 324 647 in
337 586 439 647 Latina
448 586 584 646 Ecclesia
594 587 778 663 perantiquus
789 597 850 646 est:
873 586 981 655 “Quid
1003 589 1113 666 egimus
1125 589 1259 647 sabbatol

93 702 171 762 nempe
182 687 384 764 apertionem:
407 702 469 758 quae
491 684 628 760 mysteria
641 683 781 742 celebrata
801 685 888 742 suntl
903 684 1067 761 apertionis,
1082 684 1195 757 quando
1209 685 1259 743 tibi

94 798 155 839 aures
173 782 312 841 Sacerdos
336 781 428 858 tetigit
446 789 476 839 et
495 798 598 839 nares:
620 778 697 853 quod
718 780 860 858 significat
880 782 910 840 in
930 780 1090 858 Evangelio
1105 780 1258 850 Dominus,

93 875 178 938 domei
199 879 313 938 oblatus
328 887 406 937 esset
425 876 528 936 surdus
542 888 571 936 et
590 889 696 946 mutus,
711 887 740 935 et
760 878 851 955 tetigit
870 897 952 936 aures
973 889 1001 936 et
1010 858 1049 936 ⁴os
1070 879 1154 956 ejus,
1177 898 1259 938 aures

93 974 144 1046 quia
153 975 248 1034 surdus
262 983 333 1044 erat,
348 985 423 1034 etos
438 975 506 1049 quia
528 983 635 1042 mutus,
650 984 679 1032 et
700 973 748 1033 ait.
790 973 971 1045 Errrrrrnrs,
986 973 1063 1048 quod
1085 974 1259 1034 Hebraicum

92 1071 184 1130 verbum
197 1081 248 1140 est,
259 1081 288 1129 et
299 1070 412 1140 dicitur,
425 1069 588 1147 ‘adaperire
599 1070 618 1142 ;’
634 1069 700 1130 ideo
710 1089 779 1148 ergo
791 1071 842 1129 tibi
852 1070 984 1129 sacerdos
998 1089 1080 1129 aures
1095 1073 1186 1149 tetigit
1201 1116 1208 1130 .
1226 1114 1233 1129 .
1251 1115 1259 1131 .

93 1182 157 1241 qnare
169 1170 269 1231 naresi
290 1182 323 1230 ut
335 1172 444 1231 bonum
459 1169 574 1230 odorem
589 1170 713 1248 accipias
728 1169 840 1246 pietatis
855 1180 976 1237 aetemae,
992 1181 1023 1228 ut
1043 1169 1132 1238 dicas,
1151 1169 1261 1230 Christi

92 1267 163 1326 bonus
175 1267 243 1326 odor
255 1286 368 1336 sumus,
384 1265 625 1341 quemadmodum
639 1265 707 1324 dicit
720 1276 833 1325 sanctus
848 1264 1014 1343 Apostolus,
1025 1275 1053 1323 et
1067 1266 1145 1324 sitin
1156 1276 1182 1324 te
1193 1265 1261 1324 fidei

91 1361 267 1422 etderotionis
282 1363 371 1440 plena
394 1361 594 1440 fragrantia.”²
633 1360 724 1420 Vides
747 1370 880 1435 quantam
900 1361 1002 1421 habeat
1023 1362 1260 1440 significationem

90 1457 143 1516 ritus
154 1475 237 1532 quern
253 1457 341 1536 vulgb
355 1457 475 1517 irrident
487 1458 690 1517 Protestantes.
897 1468 900 1473 ‘

119 1559 177 1614 tot.
198 1555 387 1633 Unge'oantnr
401 1565 460 1614 toto
473 1573 592 1632 corpore
606 1555 803 1614 catechumeni
818 1554 891 1632 apud
908 1555 1027 1616 Grecos
1048 1567 1077 1615 et
1089 1557 1259 1624 orientales,
1293 1614 1295 1619 .

90 1661 154 1726 pmut
165 1662 273 1711 constat
287 1669 324 1709 ex
349 1650 464 1728 cyrillo
485 1650 775 1728 Hierosolymitanc,¹
788 1661 817 1710 et
831 1650 1070 1727 Chrysostomo,l
1090 1663 1168 1712 etex
1183 1653 1263 1712 Grae·
1287 1633 1293 1644 ⁶

90 1765 167 1808 corum
193 1748 394 1826 Eucholcgiis.
435 1748 471 1808 In
498 1749 722 1808 Sacramentario
747 1748 824 1823 quod
850 1749 951 1809 dicitur
979 1750 1010 1807 S.
1042 1750 1175 1829 Gregorii
1204 1752 1260 1819 M,

91 1848 246 1924 scapularum
260 1857 290 1906 et
302 1847 437 1925 pectoris,
452 1857 537 1926 prout
549 1865 626 1905 nunc
639 1848 672 1906 fit
685 1846 760 1924 apud
774 1865 838 1915 nos,
853 1848 949 1906 unctio
963 1849 1164 1925 prescribitur.
1199 1849 1263 1928 Sig-

91 1941 260 2004 nificationem
275 1944 362 2021 hujus
377 1944 447 2002 ritus
461 1943 586 2020 explicat
595 1942 779 2003 innocentius
793 1942 855 2001 111:
879 1936 1094 2021 “baptizandus
1105 1945 1135 2003 in
1150 1956 1263 2023 pectore

91 2038 222 2118 inungitur,
237 2049 269 2101 ut
282 2060 335 2120 per
348 2041 446 2100 Sancti
460 2041 584 2118 Spiritus
605 2040 723 2108 donum,
738 2040 851 2119 abjiciat
870 2059 993 2101 errorem
1015 2054 1043 2101 et
1065 2043 1263 2121 ignorantiam,

92 2134 157 2197 fidem
177 2148 284 2198 rectam
307 2138 454 2216 suscipiat,
475 2139 543 2212 quia
558 2138 655 2215 justus
675 2156 712 2197 ex
733 2136 789 2196 fide
810 2139 898 2206 vivit3
921 2139 994 2196 inter
1014 2141 1144 2217 scapulas
1167 2150 1261 2200 autern

91 2233 221 2313 inungitur,
235 2244 268 2295 ut
280 2253 333 2313 per
344 2234 468 2312 Spiritus
479 2235 578 2294 Sancti
590 2235 708 2313 gratiam
719 2235 844 2293 excutiat
856 2235 1058 2312 negligentiam
1069 2248 1097 2294 et
1110 2246 1263 2312 torporem,

92 2332 212 2393 etbonam
227 2332 425 2411 operationem
439 2342 585 2399 exerceatr
606 2332 675 2406 quia
695 2330 767 2388 fides
781 2331 844 2388 sine
866 2331 1000 2408 operibus
1022 2342 1132 2391 mortua
1146 2341 1207 2399 est;
1229 2342 1261 2391 nt

92 2430 198 2503 perfidei
212 2431 430 2489 Sacramentum
443 2430 482 2487 sit
495 2427 635 2486 munditia
655 2427 858 2503 cogitationum
871 2429 902 2486 in
916 2435 1039 2504 pectore,
1055 2438 1083 2486 et
1104 2447 1154 2506 per
1168 2430 1264 2506 operis

93 2529 234 2587 exercitium
254 2525 391 2585 fortitudo
405 2524 534 2584 laborum
556 2524 586 2582 in
601 2522 737 2599 scapulis,
752 2531 783 2579 ut
801 2541 853 2599 per
872 2522 1055 2583 dilectionem
1075 2526 1282 2602 operetur.”⁴'

42 2680 44 2687 .
93 2620 189 2684 bornat
211 2625 387 2694 unctionem,
399 2623 431 2681 in
455 2621 610 2699 Scripturis
625 2620 748 2698 Spiritus
760 2619 857 2680 Sancti
872 2620 988 2699 gratiam
1000 2621 1171 2701 designare:
1195 2625 1265 2685 “Et

42 2774 44 2781 .
94 2737 131 2780 tos
140 2725 303 2784 unctionem
318 2739 406 2796 quarn
418 2719 569 2797 accepistis
583 2720 618 2777 ab
631 2736 667 2778 eo
680 2729 794 2778 maneat
803 2719 834 2778 in
847 2719 975 2779 vobis.”⁵

42 2810 44 2833 ⁵
121 2824 177 2880 203.
199 2821 365 2881 chrismate
387 2828 454 2896 post
474 2818 616 2895 baptisma
637 2817 668 2875 in
689 2817 790 2893 capitis
811 2817 916 2875 vertice
941 2818 1039 2878 unctio
1064 2820 1197 2894 antiquus
1219 2834 1263 2882 est

94 2915 218 2995 iunoni
239 2919 271 2977 in
295 2924 407 2975 vetusto
431 2914 658 2974 Sacramentario
680 2913 819 2974 Romane
842 2913 982 2975 Ecclesia
1005 2918 1166 2994 reperitur,⁰
1179 2929 1208 2977 et
1229 2922 1264 2978 ab

42 3066 46 3091 ι
95 3012 221 3076 imbrosio
246 3015 278 3073 in
301 3012 375 3072 libro
400 3012 435 3071 de
459 3012 651 3071 Sacramentis
675 3014 939 3072 commemoratur.⁷
986 3013 1108 3074 Videtur
1132 3017 1264 3077 inductus

96 3110 183 3180 quando
209 3111 349 3189 episcopo
378 3107 453 3167 haud
484 3116 637 3186 praesente,
666 3107 814 3185 impositio
844 3127 980 3168 manuum
1009 3129 1075 3170 curn
1102 3110 1263 3172 chrismatis

96 3207 201 3268 unedone
215 3210 246 3267 in
266 3206 358 3266 fronte
370 3204 434 3263 fieri
446 3223 505 3264 non
519 3213 638 3283 poterat.
680 3203 830 3264 Retinetur
849 3216 945 3265 autem
959 3204 1052 3264 adhuc
1066 3207 1142 3284 apud
1157 3208 1264 3269 Catho-

96 3297 155 3362 tos.
423 3315 425 3319 ⁴

124 3401 178 3458 tot.
200 3397 331 3461 Candida
344 3407 424 3456 veste
446 3397 635 3457 induebantur
658 3396 800 3474 neophyti
813 3396 844 3455 in
864 3396 994 3474 puritatis
1009 3396 1156 3466 indicium,
1179 3412 1263 3477 prout

99 3507 208 3557 cenent
225 3496 422 3558 Ambrosius.⁸
461 3494 625 3555 Linteolum
645 3492 797 3553 candidum
811 3494 874 3571 ejus
895 3493 959 3552 loco
973 3493 1058 3570 capiti
1079 3511 1155 3554 nunc
1169 3496 1261 3573 impo·
1310 3540 1315 3545 .

99 3588 161 3650 uitur.

177 3852 214 3918 (l)
232 3849 470 3902 humescant.

178 3937 215 4004 (t)
234 3938 335 3990 Gstsch.
347 3945 418 4004 myst
429 3937 455 3988 il.

178 4023 214 4090 (ll)
230 4025 306 4077 Hom.
317 4024 349 4075 ri.
359 4024 387 4075 in
397 4039 435 4090 ep.
443 4020 475 4074 ad
483 4019 579 4073 coloss.

179 4106 214 4174 (t)
232 4108 303 4161 (lits
319 4108 347 4160 S.
357 4108 456 4159 'l'homa
466 4105 559 4173 Aquin.
568 4104 603 4156 tii.
613 4119 637 4171 p.
648 4119 690 4170 qu.
700 4104 742 4156 dt.
753 4106 797 4153 art.
811 4100 842 4149 1⁰
853 4097 885 4150 ad
895 4100 920 4151 2.

180 4190 215 4258 (t)
227 4192 246 4244 l.
258 4193 333 4245 Josn.
344 4192 370 4244 ll.
379 4196 424 4243 tr.

181 4276 216 4344 (t)
232 4270 279 4332 m
287 4280 329 4331 lib.
339 4278 407 4331 Soet.
417 4278 489 4330 Rom.
499 4278 567 4330 Ecct
579 4276 595 4327 l
605 4275 622 4326 'n
632 4279 647 4338 ς
658 4276 693 4328 tt
704 4272 769 4340 apud
780 4269 943 4324 Tbomssium
953 4277 973 4322 t
983 4270 1015 4323 ri.
1027 4286 1133 4339 operum.

182 4362 218 4430 (7)
234 4364 573 4431 Ιι.ἱὶ.ᾶοθω.ο.τὶἱ.ρ.24.

184 4445 219 4513 (⁸)
234 4449 264 4501 1..
275 4450 306 4501 do
315 4448 356 4503 b'n
364 4449 408 4518 qui
418 4450 553 4511 initiantur,
561 4464 583 4499 c.
595 4446 638 4498 vii.

644 4566 682 4630 ’81
