2774 5056
1280 38 1339 277 i

329 319 391 386 DE
411 319 698 386 PERMANENTI
720 320 985 387 PRAESEN‘I'IA.
1197 330 1258 389 m
1309 344 1332 497 ζ

10 434 46 705 ί
56 491 143 546 aucte
168 477 359 551 admonitum,
382 491 417 543 ut
435 482 590 542 Ambrosio
608 482 747 543 morituro
767 483 950 543 subveniretr
971 483 1055 558 “qui
1080 480 1258 547 descendem
1305 482 1330 549 ι’,

56 578 277 643 obbrlitsaucta
290 577 548 639 Dausarcoarus·
564 590 757 658 quaaccepto‚
769 579 1220 660 abiglutivitemisitspiritum.
1223 582 1256 619 ”¹
1316 564 1330 577 “¹

97 679 169 739 27⁰.
192 675 289 735 Greci
302 694 339 735 ex
352 675 717 755 antiquissimadisciplina
736 676 808 736 t'eria
821 678 919 752 quinta
932 678 1049 756 majoris
1070 675 1256 743 hebdomade
1278 660 1375 795 (ἶ

57 773 262 837 meinsindam
275 783 454 843 comerent,
474 775 651 839 intirmorum
672 793 758 836 causa
779 793 830 854 per
849 793 955 835 aarum
974 776 1153 847 servandam,
1168 798 1256 879 quam
1318 772 1375 841 0.“

58 871 284 950 ριιιιιιιιιιιιῑιιιι
297 871 355 930 rita
368 871 577 934 administrant.
606 871 640 931 lu
655 872 873 934 Eccleeiiscam
883 882 998 932 ιιιιιιιι
1006 873 1090 951 juxta
1103 858 1324 952 parietem,

61 969 229 1044 micatque,
244 964 486 1029 ιιιιιιιιιιιιιοιι
499 970 730 1030 Praestandum*

99 1065 724 1144 271.c·lvinna1psefmusertversris
750 1065 892 1126 Ecclesia
917 1067 1084 1145 exemplum
1107 1051 1258 1148 suffragari
1321 1038 1336 1147 i

56 1163 264 1225 munuetudini
276 1164 409 1224 remandi
422 1165 623 1227 eucharistiam
638 1175 669 1225 ut
681 1165 795 1244 egrotis
808 1164 1030 1234 administretur,
1045 1167 1092 1225 cui
1106 1176 1201 1227 tamen
1215 1186 1259 1228 re·
1318 1156 1362 1264 β·

10 1334 15 1347 .
60 1261 163 1323 luctari
184 1261 391 1321 inverecundus
406 1281 493 1321 ausus
508 1273 561 1321 est.
603 1263 778 1330 “Quorsum
802 1261 921 1340 igiturss’
937 1261 986 1330 ιιι,
1012 1261 1147 1323 “evadet
1172 1264 1260 1324 altera

36 1357 274 1443 ,(ιιιιιιιναιίο)
298 1361 380 1437 cujus
403 1360 446 1418 ris
469 1360 503 1418 ad
518 1369 639 1438 aegrotos
663 1380 755 1434 usque
779 1361 928 1438 pervenit?
970 1360 1027 1418 Sed
1055 1361 1132 1420 enim
1147 1363 1196 1436 qui
1218 1364 1261 1423 sic

61 1456 183 1526 fecium,
194 1456 300 1516 habent
312 1457 416 1516 veteris
432 1456 571 1517 Ecclesiae
582 1456 759 1541 exemplum.
800 1458 921 1517 Fateor:
944 1476 1042 1519 verum
1057 1458 1087 1516 in
1100 1477 1131 1517 re
1145 1469 1261 1519 tantast
1371 1476 1375 1500 ι

60 1552 165 1629 iu'qua
177 1572 236 1614 aon
251 1554 313 1613 sine
327 1572 431 1632 magno
445 1554 572 1632 periculo
586 1568 702 1624 erratur,
714 1555 786 1614 nihil
801 1555 888 1614 tutius
903 1564 956 1624 est,
970 1573 1055 1629 quam
1076 1555 1170 1633 ipsam
1184 1558 1257 1617 veri·

61 1659 152 1711 tatem
166 1648 295 1725 sequi.''’

459 1845 657 1888 amassenus
681 1844 866 1888 SOLVUN'I'UR.

1309 1668 1375 1795 J.

1351 1886 1361 1929 l

1345 1954 1365 2041 ι

105 2009 176 2069 072.
202 2002 269 2084 Obj.
287 2010 315 2064 1.
336 2004 471 2065 Ecclesia
492 2003 768 2082 Hierosolymitana,
785 2014 855 2063 teste
877 2004 1042 2083 Hesychia,
1063 2007 1172 2069 solebat
1185 2024 1262 2071 cant·

67 2105 172 2163 burere
186 2102 263 2177 quad
276 2113 423 2181 supererat
436 2121 473 2162 ex
497 2101 693 2162 eucharistia.⁴
731 2102 864 2161 Ecclesia
885 2103 1202 2184 constantinopolitana
1220 2126 1264 2167 re·

63 2199 170 2274 iiquias
181 2199 361 2274 eucharistias
376 2200 471 2277 pueris
482 2217 500 2259 e
512 2200 620 2259 scholis
631 2200 756 2258 evocatis
768 2199 852 2258 dabat
865 2200 1101 2260 manducandas.⁵
1121 2203 1150 2261 N
1153 2222 1262 2261 annun·
1343 2226 1374 2279 sp

23 2286 26 2290 ⁸
64 2315 153 2372 quam
173 2296 357 2356 cadaveribus
370 2297 541 2356 eucharistia
554 2297 738 2356 inserebatur.
780 2295 857 2355 Vina
878 2312 1042 2357 consecrato
1063 2299 1178 2357 intinxit
1191 2299 1263 2357 cala·
1362 2292 1375 2369 {s

50 2413 148 2476 'mum
161 2395 332 2467 Theodorus
346 2395 435 2472 Papa,
447 2395 553 2474 Pyrrhi
569 2394 889 2483 constantinopolitani,
905 2395 1117 2454 monothelismi
1133 2397 1259 2472 petroni,
1313 2456 1317 2465 ,
1348 2424 1366 2499 g

66 2493 208 2553 damam
233 2512 368 2554 errorem.
409 2493 553 2572 Episcopi
579 2493 629 2567 qui
653 2491 789 2551 Phatium
811 2490 978 2551 damnarunt
1001 2491 1071 2550 illud
1094 2493 1262 2571 exemplum

64 2590 170 2651 imitati
183 2595 266 2651 sunt!
307 2592 484 2671 Augustinus
499 2599 594 2650 narrat
606 2589 754 2649 mulierem
769 2589 942 2666 cataplasma
956 2608 993 2648 ex
1007 2591 1180 2649 eucharistia
1196 2608 1263 2650 con·

63 2687 181 2759 fecisse,
195 2707 253 2763 quo
266 2699 380 2748 sanatus
395 2698 440 2748 est
452 2689 529 2746 tilius
544 2689 607 2765 ejus
622 2688 671 2761 qui
686 2686 862 2764 oergrotabat.⁰
902 2687 975 2745 Haec
996 2687 1070 2745 male
1085 2688 1264 2752 conveniunt
1294 2754 1298 2763 ἱ
1324 2698 1367 2743 υ

32 2786 41 2793 ’
65 2783 136 2845 fidei
150 2785 186 2845 de
201 2785 358 2845 Christoin
372 2784 542 2845 eucharistia
555 2794 705 2862 prasente,
718 2783 866 2842 absoluta'
855 2801 916 2859 Jam
928 2783 1039 2842 actione
1053 2780 1295 2862 sacramentali.)

106 2881 198 2962 Rrrp.
218 2883 353 2943 Plurimae
378 2882 494 2958 quidem
519 2901 571 2961 pra
596 2892 755 2958 temporum
770 2880 955 2954 locorumque
970 2880 1131 2940 diversitate
1147 2881 1263 2943 luerunt
1337 2880 1365 2955 ’γ

67 2979 301 3050 consuetudines,
316 2999 388 3055 quas
410 2998 475 3038 cum
496 2979 653 3038 reverentia
674 2977 851 3036 eucharistie
872 2977 966 3036 debita
979 2996 1053 3056 agre
1067 2979 1265 3040 conciliamus.
1343 2932 1364 3031 ἰ

68 3080 223 3139 Caeterum
232 3078 347 3138 indubia
361 3076 474 3137 aliunde
485 3077 624 3135 habentur
636 3074 807 3135 documenta
818 3075 886 3134 fidei
899 3076 1005 3150 ubique
1015 3077 1136 3154 vigentis
1147 3077 1182 3136 de
1197 3098 1266 3155 prae·
1362 3092 1374 3141 ι

66 3178 163 3238 sentia
185 3176 348 3237 christiin
361 3177 546 3235 Sacramenta
572 3174 708 3248 quamdiu
733 3174 884 3231 manebant
903 3175 1027 3250 species.
1069 3174 1212 3248 Equidem
1235 3176 1265 3234 id
1352 3150 1373 3233 ἰ

67 3285 189 3354 temper
200 3294 253 3353 pro
267 3293 297 3335 re
311 3275 457 3352 explorata
471 3273 600 3332 habitum
616 3283 670 3339 est,
686 3272 833 3330 Christum
849 3290 882 3330 ea
896 3272 1003 3331 ratione
1026 3271 1140 3340 adesse,
1155 3291 1212 3345 qua
1225 3274 1267 3332 nil
1366 3272 1374 3341 ἕ,

64 3374 129 3455 pati
147 3375 252 3452 possit,
273 3389 468 3449 quascumque
493 3372 572 3429 vices
600 3371 712 3447 species
737 3369 955 3427 sacramentales
984 3369 1134 3445 contigerit
1159 3370 1265 3429 subire.

67 3471 195 3541 Qando
218 3471 262 3530 har
287 3471 438 3532 commode
452 3470 560 3529 servari
585 3487 645 3528 non
664 3476 802 3546 poterant,
818 3466 863 3524 vel
885 3465 961 3524 haud
985 3475 1066 3524 erant
1085 3466 1266 3537 necessariae,
1341 3476 1375 3565 Q

65 3569 175 3633 hostiis
191 3570 221 3628 ιιι
234 3580 404 3648 egrotorum
419 3569 651 3628 communionem
666 3564 736 3623 alias
754 3565 815 3642 jam
830 3567 960 3632 servatis,
977 3561 1191 3641 Hierosolymis
1206 3565 1268 3644 igni

46 3664 52 3673 '
67 3666 262 3736 tradebantur,
278 3667 384 3744 puriori
395 3666 506 3725 seilicet
519 3663 671 3731 elemento,
687 3663 761 3720 sicut
775 3660 809 3719 de
823 3660 932 3734 reliqua
945 3660 1123 3719 victimarum
1138 3681 1223 3721 carne
1237 3663 1269 3724 ιιι

68 3764 162 3825 reteri
177 3762 363 3823 Testamenta
376 3747 620 3840 praeceptum⁴est
653 3759 683 3817 N
685 3758 838 3835 icephorue
853 3766 969 3815 testatur
982 3757 1153 3835 incorruptis
1169 3761 1268 3835 pueris

65 3875 97 3924 et
116 3861 227 3941 jejunis
248 3862 399 3939 particulas
413 3861 476 3918 illas
491 3858 653 3917 distributas
668 3858 767 3927 luisse,
782 3865 811 3914 et
825 3875 873 3914 eas
895 3856 1107 3916 immaculatum
1129 3856 1270 3929 divinum·

66 3979 127 4039 que
137 3976 246 4037 corpus
258 3960 376 4020 Domini
388 3969 479 4037 sacal,
492 3958 825 4030 miraculumque-narrat
838 3955 915 4031 quad
926 3973 960 4014 aa
973 3955 1123 4015 occasione
1138 3957 1268 4037 contigit,

313 4148 355 4217 (1)
374 4147 404 4199 In
416 4148 475 4200 Vita
482 4135 508 4200 S.
523 4146 656 4198 Ambrosii.

309 4236 352 4302 (ι)
371 4236 401 4286 In
412 4249 484 4300 opere
493 4230 634 4299 Perpetuus
645 4230 675 4281 de
686 4231 712 4282 la
722 4230 763 4292 soi,
773 4229 822 4295 rol.
831 4228 848 4279 i.
856 4229 875 4297 b
885 4227 912 4279 ιι.
924 4227 963 4280 ch.
974 4229 1007 4280 iv.
1019 4246 1043 4297 p.
1057 4233 1115 4280 117.

309 4323 351 4390 (³)
371 4321 435 4372 lust.
446 4321 463 4371 l.
473 4309 509 4372 iv.
518 4335 539 4370 c
550 4315 610 4369 arii.
621 4333 646 4368 ιι.
658 4318 699 4368 39.

312 4409 354 4474 (4)
374 4406 404 4458 L.
415 4407 443 4458 ii.
453 4407 482 4457 in
492 4404 573 4455 Lavit
584 4420 606 4454 c.
618 4403 668 4453 viii.

239 4526 248 4539 ι
312 4496 354 4562 (d)
372 4492 529 4560 Nicephorue
540 4490 626 4543 lxvii.
637 4489 694 4540 hist.
705 4487 774 4541 Ecol.
785 4503 806 4539 c.
817 4501 878 4540 xxv.

313 4582 355 4651 (e)
374 4581 405 4634 L.
415 4581 450 4633 iit
461 4595 501 4648 op.
514 4577 608 4646 imperf.
622 4593 643 4628 c.
656 4575 709 4628 lxii.

96 4672 195 4760 ‘vmu
210 4665 347 4730 Ino-20
