2774 5056
458 292 521 355 ou
543 290 849 352 concussionis
1053 250 1060 269 Χ
1199 293 1259 351 aaa

53 452 189 527 hancque
202 453 321 513 adstruit
334 453 547 521 neeessariam
563 451 641 510 illam
654 469 671 510 e
685 450 852 519 confessarii
863 448 975 528 J'ndicio
988 450 1121 528 prudenti
1134 449 1259 599 pendere

46 550 158 610 'docet

97 651 148 706 87.
171 647 203 705 S.
228 647 402 707 Ournmuus
417 646 453 706 de
467 647 556 724 lapsis
570 664 657 724 agens
679 645 757 704 dicit.
799 644 919 703 “Videt
934 644 984 703 ille
1003 643 1115 724 (Deru)
1129 645 1214 705 corda
1234 655 1265 706 et

56 754 175 819 pectora
186 743 375 822 singulorum,
386 754 415 802 et
424 743 602 822 judicaturus
615 752 727 801 estnon
740 751 849 801 tanturn
859 740 894 799 de
906 741 997 808 lactis,
1008 741 1058 800 sed
1070 741 1143 800 etde
1156 745 1260 814 verbis,

57 838 138 899 etde
158 841 378 918 cogitationibus
394 842 519 909 uostris3
541 841 670 900 omnium
692 852 802 899 mentes
824 840 1040 915 voluntatesque
1055 853 1208 919 conceptas
1230 844 1260 902 in

57 938 133 1016 ipsis
148 938 241 998 adhuc
255 941 344 1001 clausi
358 940 482 1018 pectoris
503 939 617 998 latebris
639 940 771 997 iulustur.
814 937 949 1012 Denique
963 950 1068 1012 quanto
1083 950 1111 998 st
1131 940 1188 998 fide
1203 958 1262 1000 ma·

55 1037 139 1112 J'ores
153 1049 181 1095 et
195 1038 295 1097 timore
311 1039 442 1097 meliores
457 1050 533 1104 suut,
545 1037 596 1111 qui
610 1037 741 1110 quamvis
765 1036 845 1095 nullo
859 1038 1003 1106 sacrificii,
1018 1047 1067 1096 aut
1080 1037 1182 1097 libelli¹
1195 1039 1262 1097 laci·

59 1154 131 1196 nore
145 1135 302 1203 consuicti,
317 1135 461 1213 quonium
474 1142 575 1193 tumen
589 1132 625 1191 de
637 1132 690 1192 boc
705 1135 923 1210 cogitaverunt,
939 1133 993 1192 lroo
1006 1133 1107 1211 ipsum
1120 1134 1203 1213 opud
1215 1154 1262 1194 aa·

59 1232 189 1293 cerdotes
205 1231 270 1290 'Dei
281 1231 410 1292 dolenter
422 1238 449 1290 et
462 1229 635 1311 simpliciter
649 1231 828 1310 confitentes,
844 1230 1064 1310 exomologesin
1078 1232 1263 1293 conscientiae

53 1328 194 1410 fuciunt,
209 1328 297 1388 animi
319 1331 364 1388 sui
379 1328 491 1408 pondus
506 1337 664 1406 exponunt,
679 1328 830 1387 salutarem
852 1327 1004 1395 medelam,
1026 1331 1121 1407 parvis
1146 1329 1214 1389 lieet
1234 1340 1264 1389 et

51 1425 184 1486 'modicis
199 1426 363 1485 vulneribus
380 1426 551 1500 exquiruntJ
573 1425 696 1483 scientes
717 1425 856 1502 scriptum
870 1444 956 1484 esse:
979 1424 1060 1484 Deus
1080 1446 1138 1485 non
1153 1427 1263 1487 deride·

59 1535 108 1582 tur
110 1564 275 1582 ......
297 1524 495 1582 Oonliteantur
509 1523 623 1601 singuli,
639 1540 739 1596 quaeso
750 1540 801 1581 vos
814 1523 911 1581 fratres
923 1522 1112 1593 dilectissimi,
1124 1524 1261 1586 delictum

61 1640 159 1689 suum,
175 1620 243 1679 dum
257 1620 350 1680 adhuc
364 1622 413 1695 qui
428 1620 550 1696 deliquit
573 1621 602 1679 in
623 1621 729 1679 sarculo
749 1633 803 1689 est,
818 1621 886 1680 dum
907 1620 1016 1681 admitti
1040 1623 1184 1682 consessio
1198 1626 1261 1702 eJus
1341 1648 1343 1652 ⁷

52 1728 168 1797 potest,
191 1717 259 1777 dum
280 1719 436 1778 satisfactio
456 1731 485 1778 et
506 1719 639 1777 remissio
659 1718 731 1777 lacta
754 1737 805 1794 per
823 1719 985 1777 sacerdotes
1006 1718 1081 1797 apud
1104 1721 1263 1783 Dominum

63 1827 144 1895 grata
156 1816 247 1875 est.”⁵¹
285 1817 369 1876 Patet
379 1817 591 1876 confessionem
606 1816 681 1893 apud
703 1815 871 1875 Sacerdotes
892 1829 1073 1893 peccatorum
1087 1819 1170 1878 etiam
1187 1821 1264 1899 cogi·

62 1915 170 1973 tatione
194 1915 415 1974 admissoruma
437 1913 587 1992 Cypriane
607 1911 802 1971 commendari
817 1924 844 1970 et
864 1914 999 1982 inculcari
1014 1914 1049 1972 ad
1063 1916 1263 1978 remissionem

62 2022 247 2090 peccatorum
269 2010 488 2086 assequendam.
529 2009 614 2077 Quod
629 2021 722 2068 autem
744 2008 779 2067 de
793 2010 965 2087 cogitatione
986 2010 1153 2072 idololatrici
1170 2015 1263 2074 cultus

60 2109 346 2187 loquatur,‹contigit
367 2107 489 2182 quiade
511 2107 602 2185 lapsis
623 2108 654 2165 in
674 2108 872 2185 persecutione
894 2108 1055 2179 scribebat;
1077 2109 1129 2169 sed
1150 2111 1185 2171 de
1198 2113 1262 2172 aliis

63 2208 198 2268 omnibus
220 2208 344 2284 peccatis
365 2206 498 2284 gravibus
520 2205 594 2264 valet
615 2224 701 2278 quam
722 2204 938 2274 adducitratio,
953 2206 1030 2279 quod
1050 2208 1162 2267 scilicet
1181 2210 1262 2271 Deus

48 2307 193 2368 omnium
214 2316 324 2366 mentes
338 2307 490 2373 intueatur,
507 2303 708 2382 judicaturus
700 2323 777 2381 rpsas
803 2305 1001 2382 cogitationes.
1042 2306 1185 2366 Privata'
1177 2310 1264 2386 rgitur

64 2403 141 2483 apud
155 2402 317 2462 sacerdotes
338 2403 424 2461 fiebat
437 2411 503 2461 tunc
517 2401 672 2470 confessio,
689 2413 718 2459 et
730 2401 863 2459 remissio
884 2418 935 2478 per
949 2401 1002 2459 lros
1025 2401 1098 2461 facta
1112 2404 1187 2481 apud
1203 2404 1262 2466 Do-

45 2503 176 2563 „miuum
190 2509 268 2578 grata
279 2499 451 2559 credebatur.

103 2603 154 2658 88.
176 2597 369 2656 Lscrmsrus
389 2595 637 2664 circumcisionem
657 2594 823 2672 symbolum
844 2544 987 2668 quoddam
1000 2606 1030 2654 et
1049 2605 1152 2673 typum
1173 2599 1264 2676 poeni·

64 2682 161 2757 tentiae
176 2714 242 2754 csse
257 2695 349 2753 docet.
381 2704 401 2731 ‘⁶
414 2693 522 2753 Volens
536 2693 613 2752 enim
626 2690 735 2770 (Deus)
748 2693 812 2750 vite
827 2711 860 2751 ac
874 2692 957 2752 saluti
972 2705 1076 2752 nostre
1091 2712 1145 2772 pro
1158 2706 1264 2756 aterna

63 2813 117 2855 sua
131 2793 235 2871 pietate
250 2792 410 2860 consulere,
422 2790 618 2869 poenitentiam
627 2790 711 2848 nobis
720 2791 750 2849 iu
759 2789 809 2847 illa
821 2789 1038 2851 circumcisione
1049 2794 1217 2870 proposuit:
1232 2805 1265 2853 ut

63 2895 89 2955 si
104 2912 155 2952 cor
169 2892 381 2959 nudaverimus,
396 2890 427 2949 id
440 2902 493 2956 est,
508 2891 534 2948 si
554 2908 690 2949 rsccsra
709 2906 825 2947 nosram
845 2907 989 2948 cournssr
1002 2890 1072 2948 satis
1087 2889 1151 2950 Deo
1165 2892 1266 2952 leceri-

65 3012 142 3061 mus,
156 2991 268 3049 veniam
291 3008 510 3062 consequamur,
524 3007 587 3062 quae
601 2987 818 3047 contumacibus
839 2999 868 3046 et
889 2987 1014 3047 admissa
1034 3007 1086 3047 sua
1106 2990 1263 3051 celantibus

64 3093 224 3169 denegatur
236 3090 272 3147 ab
286 3106 321 3147 eo
335 3089 455 3161 quinon
470 3087 584 3155 sociem,
599 3088 673 3146 sicut
687 3087 785 3154 homo,
800 3087 851 3145 sed
866 3088 965 3146 intima
979 3101 1008 3145 ct
1026 3108 1128 3147 arcana
1141 3092 1264 3168 pectoris

64 3187 237 3251 intuetur.’'⁸
278 3186 362 3244 Hanc
384 3199 564 3263 peccatorum
586 3185 798 3243 confessionem
818 3185 880 3242 fieri
909 3185 1020 3243 homini
1044 3185 1144 3258 liquet,
1171 3205 1265 3261 neque

65 3287 146 3363 euim
158 3285 194 3344 de
216 3285 324 3362 privata
337 3284 383 3341 sui
397 3300 494 3341 coram
507 3281 572 3340 Deo
587 3281 785 3340 humiliatione
800 3281 893 3339 verbis
904 3294 972 3338 -tam
993 3282 1096 3359 amplis
1111 3282 1264 3345 dicendum

65 3386 150 3455 foret.
192 3382 267 3441 Eam
290 3391 385 3439 autem
399 3379 541 3458 respicere
563 3379 660 3437 omnia
672 3387 797 3454 peccata,
818 3382 902 3435 etiam
918 3377 1038 3445 occulta,
1054 3378 1156 3454 pariter
1176 3382 1267 3439 mani·

66 3483 173 3542 festum
188 3490 242 3547 est,
258 3498 347 3552 quum
361 3479 470 3543 nullum
485 3477 535 3535 fiat
547 3476 711 3544 discrimen,
734 3484 763 3532 et
775 3493 825 3532 cor
845 3473 1010 3532 nudandum
1032 3474 1149 3534 dicatur.
1191 3478 1266 3556 Ejus
1327 3524 1335 3536 ,

67 3580 229 3641 necessitas
244 3589 320 3636 tanta
333 3586 387 3644 est,
402 3588 434 3634 ut
442 3577 525 3635 venia
540 3575 664 3661 admissa
675 3594 728 3632 sua
741 3573 897 3632 celantibus
910 3573 1075 3650 denegetur.
1118 3575 1203 3634 Nihil
1222 3588 1268 3637 est

66 3678 147 3755 quod
161 3677 279 3736 suadeat
298 3677 333 3735 de
354 3675 535 3735 consessione
555 3693 651 3734 coram
672 3684 745 3731 coetu
761 3666 887 3731 fidelium
903 3672 967 3748 agi:
988 3691 1074 3746 quam
1096 3692 1165 3732 sane
1180 3694 1266 3737 ucmo

67 3777 176 3838 dixerit
206 3787 289 3833 tantae
311 3774 499 3833 necessitatis.
553 3772 637 3830 Hanc
659 3790 732 3830 verm
760 3770 1021 3829 Ecclesiasnotam
1047 3771 1186 3850 adsignat,
1210 3794 1267 3849 qua

47 3949 50 3953 ἱ
66 3875 180 3936 scilicet
193 3895 210 3934 a
223 3872 251 3929 N
255 3872 402 3940 ovatianis,
414 3890 448 3929 eo
464 3881 589 3946 tempore
601 3868 793 3946 grassantibus
807 3867 1027 3935 discernebatur,
1043 3869 1120 3941 quod
1135 3873 1262 3932 omnium

69 3984 253 4054 peccatorum
273 3970 437 4028 vulneribus
453 3967 624 4046 poenitentiae
645 3978 674 4024 et
694 3965 884 4049 consessionis
905 3965 1031 4022 remedia
1051 3967 1264 4044 suppeditaret:

69 4072 163 4132 “Sed
178 4073 244 4145 quia
258 4069 363 4146 singuli
384 4069 491 4142 quique
512 4077 601 4125 coetus
623 4067 821 4127 haereticorum
841 4082 873 4122 se
896 4063 1077 4140 potissimum
1096 4066 1265 4127 christianos

68 4192 148 4241 esse,
162 4181 191 4229 et
210 4189 291 4228 suam
307 4168 487 4226 Catholicam
501 4166 664 4226 Ecclesiam
678 4175 787 4244 putant,
808 4157 956 4227 sciendum
970 4174 1023 4231 est,
1041 4164 1116 4223 illam
1139 4184 1203 4224 esse
1220 4187 1267 4228 ve·

122 4352 162 4413 (1)
197 4349 321 4399 ‘Facinus
333 4345 423 4397 libelli'
440 4344 565 4396 dicebatur
580 4361 664 4397 eorum
681 4324 772 4396 crimen
792 4340 839 4408 qui*
852 4341 1019 4413 testimonium
1034 4343 1115 4394 cultus
1130 4343 1271 4398 idololatrici

66 4435 170 4507 prestiti
181 4452 196 4486 a
207 4433 386 4498 magistratibus
398 4432 573 4493 mercabantur,
585 4430 646 4496 quin
652 4430 717 4482 idola
727 4427 774 4496 ipsi
784 4428 898 4481 colerent.

107 4527 146 4586 (2)
165 4521 194 4574 L.
206 4521 329 4589 delapsis.

106 4613 146 4678 (3)
164 4610 223 4663 Inst.
234 4612 250 4665 l.
262 4611 303 4674 iu,
313 4625 335 4660 c.
346 4606 403 4658 xvi'u
