2812 5062
114 317 170 377 tte
349 319 406 381 DE
427 317 736 380 INS'I'ITUTIONE
758 315 1072 378 nucitutttsttltt.

109 476 241 551 excidit:
267 498 370 540 sensus
384 499 452 540 vero
472 497 549 558 sape
570 476 683 536 fallitur.
724 476 868 544 Quoniam
888 475 957 534 verd
990 474 1142 545 illedixit,
1164 474 1258 536 ‘Hoc
1277 483 1321 535 est

111 593 215 652 corpus
242 595 350 645 meum,
371 579 613 655 obtemperemus,
635 572 795 642 credamus,
817 583 846 632 et
871 574 1068 651 spiritualibus
1093 573 1187 633 oculis
1215 574 1314 652 ipsum

108 674 344 750 respiciamus.’'¹
383 676 424 735 Et
448 676 505 734 alio
527 674 610 732 loco:
633 671 741 731 “Erat
762 673 832 731 olim
853 672 966 732 Pascha
989 672 1154 742 Judaicum,
1168 671 1225 731 sed
1239 690 1317 733 nnuc

109 770 233 831 solutum
258 783 312 842 est,
334 773 506 847 advenitque
532 770 683 848 spirituale
703 771 827 838 Pascha,
843 769 921 845 quod
936 782 1003 829 tunc
1024 770 1138 830 tradidit
1163 770 1314 830 Christus.

109 868 170 927 Illis
184 871 261 929 euim
273 871 508 930 manducantibus
522 889 555 928 ac
576 869 747 936 bibentibus,
763 868 866 942 inquit,
880 869 1024 946 accipiens
1050 889 1153 947 panem
1176 868 1267 947 fregit
1287 879 1315 927 et

107 965 198 1023 dixit:
221 966 288 1025 Hoc
302 986 357 1026 usn
370 983 589 1033 oenacensem,
605 983 684 1030 ouon
698 983 756 1023 rno
773 983 855 1023 vonis
872 983 1046 1024 remorans
1060 983 1093 1024 ru
1108 981 1315 1024 nemesium

107 1080 313 1122 rsccsnonuu.
355 1063 457 1121 Sciunt
477 1063 508 1130 ii,
523 1062 572 1134 qui
599 1061 700 1118 initiati
721 1070 798 1127 sunt,
822 1060 945 1134 illaque
959 1059 1101 1120 dicuntur.
1147 1062 1189 1121 Et
1213 1078 1312 1119 rursus

107 1159 236 1229 calicem,
250 1159 368 1219 dicens:
391 1159 452 1218 Hm
466 1176 521 1217 usn
532 1176 657 1216 sunonis
674 1175 763 1225 uuus,
779 1176 831 1223 our
845 1175 902 1215 rao
922 1175 1035 1217 nouus
1054 1174 1262 1217 seruauerunt
1281 1174 1313 1216 m

107 1274 307 1316 unuissronnu
321 1273 528 1317 reccaronuu.
570 1253 679 1314 Aderat
690 1253 781 1312 Judas
804 1254 867 1312 hec
882 1252 1001 1314 Christo
1015 1254 1137 1313 dicente.
1181 1249 1314 1313 Hocest

106 1371 222 1431 corpus,
236 1355 312 1428 quod
327 1353 479 1414 vendidisti
488 1352 507 1411 J
510 1351 574 1420 uda,
590 1352 705 1429 triginta
720 1352 872 1428 argenteis,
884 1370 937 1428 pro
947 1371 1005 1425 quo
1018 1371 1110 1430 nuper
1120 1364 1205 1430 pacta
1218 1352 1313 1429 impu·

105 1450 206 1510 denter
234 1453 324 1511 inibas
349 1470 415 1510 cum
442 1448 582 1526 improbis
611 1446 777 1506 Pharisaeis.
818 1447 845 1506 Ο
873 1446 984 1505 Christi
1011 1449 1238 1526 benignitateml
1278 1445 1305 1506 0

105 1549 188 1609 Judoe
202 1550 373 1610 dementiam
389 1559 417 1607 et
430 1547 591 1606 insaniam!
632 1545 685 1603 Ille
700 1563 823 1618 namque
838 1544 966 1604 vendidit
988 1547 1070 1605 illum
1093 1547 1210 1624 triginta
1226 1544 1311 1604 dena·

107 1647 179 1704 riis:
203 1646 339 1705 Christus
366 1645 434 1704 verd
450 1654 549 1722 postea
570 1659 627 1699 nou
649 1643 789 1700 recusavit
809 1660 892 1700 nunc
905 1661 995 1703 murt
1015 1662 1193 1703 sanemur!
1208 1659 1312 1702 mnni-

105 1761 168 1802 suu
182 1743 315 1803 vendenti
329 1743 395 1803 dare
409 1745 440 1802 in
453 1740 653 1801 remissionem
668 1746 950 1816 peccatorum-odsi
961 1749 990 1802 rt
1007 1741 1069 1811 ἁιμα
1079 1745 1110 1798 τὸ
1120 1748 1213 1812 spese
1223 1742 1310 1796 δοῖνω

105 1845 140 1902 εἰς
162 1839 245 1907 ὄφεσιν
256 1839 379 1914 epagatus
390 1847 426 1897 τῶ
438 1837 645 1911 παρεικότι-εἰ
660 1837 723 1914 ipse
737 1837 884 1895 voluisset.
947 1833 1053 1892 Aderat
1062 1830 1163 1897 Judas,
1179 1839 1210 1888 et
1224 1848 1312 1891 sacre

106 1947 214 1987 mensa
230 1930 372 2006 particeps
388 1931 493 1990 erat.”⁹

145 2031 193 2086 63.
216 2027 299 2085 Licet
311 2027 362 2086 has
373 2039 483 2104 patrum
498 2030 705 2108 explicationes
716 2031 858 2090 Ecclesia
874 2030 1002 2108 Syriaca
1017 2023 1228 2099 antiquissimis
1242 2041 1311 2082 oon·

105 2124 309 2192 stitutiouibus,
321 2143 392 2197 quas
416 2125 512 2185 laudat
536 2127 697 2196 Wisemau,
718 2127 843 2197 firmare,
857 2127 1007 2188 Arabicam
1029 2124 1120 2182 citans
1140 2122 1307 2180 versionem

104 2221 206 2280 lacum
234 2240 309 2280 anno
337 2221 453 2300 Hegire
474 2228 553 2283 386:
576 2224 695 2284 “Dedit
710 2224 789 2294 illud,
818 2223 929 2284 :dilect
952 2239 1068 2300 eorpus,
1090 2219 1311 2299 (benedicantur

104 2318 222 2378 nomina
248 2318 339 2396 illius)
361 2320 391 2378 in
413 2321 614 2382 :emissionem
639 2332 833 2400 peccatorum,
859 2340 913 2381 nee
936 2319 1064 2399 prolecto
1089 2317 1181 2395 figure
1203 2317 1232 2375 in
1252 2332 1311 2384 eo:

104 2417 313 2490 utiquentxm,
329 2415 492 2496 Hoe(nsr)
508 2438 730 2489 consustinuit,
752 2438 792 2478 nr
812 2437 875 2479 uon
895 2436 991 2486 nixis,
1011 2433 1084 2475 nmo
1106 2432 1221 2474 stenes
1240 2431 1310 2473 coe·

105 2531 189 2573 roms
203 2514 305 2574 un1.”³

500 2746 700 2789 omnentottus
720 2749 906 2790 ntuuuttwn.

145 2904 193 2960 64.
219 2900 286 2981 Obj.
312 2907 337 2960 1.
360 2912 379 2941 ‘⁴
393 2904 562 2964 Pronuntiat
573 2905 706 2965 Christus
722 2926 823 2985 panem
836 2925 1130 2986 essecorpussuum:
1153 2904 1188 2964 de
1203 2906 1307 2964 Sacra·

105 3009 201 3056 mento
226 2998 346 3056 habetur
365 3017 470 3058 sermo.
513 3001 606 3060 Fateri
630 3022 699 3063 vero
727 3023 845 3062 necesse
870 3013 924 3073 est,
951 3004 1168 3062 Sacramentum
1196 3001 1308 3060 visibili

104 3096 188 3172 signo
202 3104 342 3164 constare,
357 3098 404 3155 cui
429 3116 474 3156 res
496 3099 605 3176 signata
626 3102 779 3178 conjuncta
793 3114 847 3170 cst,
862 3121 926 3175 quae
941 3110 987 3160 est
1006 3102 1070 3178 ejus
1084 3099 1221 3159 veritas.’'
1263 3099 1308 3159 Ita

105 3191 244 3250 Calvinus
257 3196 280 3250 :⁴
300 3210 336 3251 ex
352 3211 386 3252 eo
408 3194 484 3267 quod
499 3196 669 3256 eucharistia
683 3209 892 3258 sacramentum
907 3199 954 3268 sit,
969 3217 1032 3257 eam
1048 3217 1106 3258 nou
1121 3215 1187 3255 esse
1208 3197 1307 3276 ipsum

103 3307 208 3366 corpus
222 3299 251 3347 et
272 3291 439 3368 sanguinem
462 3291 598 3363 inserens,
613 3296 744 3369 quamvis
766 3297 828 3354 haec
842 3297 926 3374 signo
940 3295 1077 3374 conjungi
1098 3294 1184 3363 dicat,
1201 3295 1306 3353 virtute

102 3387 213 3447 scilicet
221 3399 250 3447 et
263 3387 399 3447 efficacia.

141 3485 231 3566 Resp.
254 3488 372 3565 Species
385 3489 466 3565 panis
487 3491 588 3549 etvini
602 3492 678 3569 signi
693 3493 812 3552 visibilis
834 3494 940 3553 habeut
959 3493 1119 3552 rationem:
1140 3493 1182 3550 rei
1199 3492 1305 3551 veritas

103 3601 207 3660 corpus
222 3597 267 3643 est
279 3597 308 3642 et
321 3585 438 3662 sanguis
449 3585 577 3645 Christi:
601 3587 678 3661 quod
689 3589 714 3646 si
724 3588 785 3648 haec
795 3609 852 3649 non
863 3589 965 3649 adesse
976 3600 1004 3647 et
1015 3588 1076 3646 dari
1090 3587 1228 3666 intelligat
1238 3587 1306 3648 Gal·

102 3680 197 3747 riuus,
208 3682 300 3738 verbis
312 3680 394 3749 ludit,
406 3694 434 3740 et
446 3683 564 3743 Christo
576 3685 751 3744 contradicit.
785 3688 961 3746 Sacramenti
972 3704 1089 3755 nomen,
1099 3704 1156 3758 quo
1165 3684 1304 3755 abutitur,

102 3794 153 3851 pro
168 3795 247 3835 mero
260 3778 344 3854 signo
358 3797 438 3838 sacro
452 3780 604 3855 aliquando
618 3784 749 3853 sumitur,
765 3804 850 3858 quam
865 3783 1103 3862 significationem
1118 3801 1154 3842 ne
1169 3782 1305 3842 admittat

102 3872 278 3951 Zuingliame
293 3875 435 3934 hereseos
450 3878 559 3936 crimen
573 3890 702 3939 veretur:
718 3881 769 3940 sed
783 3884 818 3940 ab
832 3902 866 3940 ea
879 3901 938 3940 non
952 3882 1021 3940 satis
1036 3880 1170 3940 recedere
1184 3883 1305 3942 convin-

100 3970 182 4028 citur.
223 3969 369 4044 Equidem
383 3973 556 4049 ubicumque
570 3975 601 4034 in
615 3976 770 4056 scripturis
782 3978 818 4038 de
833 3979 1035 4048 Sacramentis,
1046 3979 1108 4037 sive
1125 3979 1228 4037 veteris
1239 3979 1303 4038 sive

101 4067 167 4126 novi
195 4066 373 4127 Testamenti
400 4070 581 4131 instituendis
608 4075 710 4152 agitur,
726 4076 819 4134 verbis
842 4076 935 4134 obviis
959 4086 988 4135 et
1015 4076 1176 4154 perspicuis
1196 4093 1301 4135 eorum

399 4305 442 4372 (l)
462 4306 538 4358 Hom.
548 4308 635 4360 lxxxii.
647 4309 708 4361 elias
721 4310 817 4363 lxxxiii.
828 4313 855 4365 iu
867 4312 938 4364 Mett.

345 4438 349 4445 .
398 4391 438 4457 (2)
457 4392 533 4445 Hom.
544 4395 574 4446 de
585 4395 674 4462 prodit.
684 4395 765 4448 tuda.

396 4479 436 4543 (3)
454 4478 528 4530 Hora
541 4481 647 4548 Syriaco
656 4498 682 4549 p.
692 4485 736 4535 db.

398 4563 434 4623 (4)
454 4561 483 4612 ln
494 4562 571 4616 barm.
583 4565 680 4632 Emug.
690 4583 715 4637 p.
727 4566 752 4619 ii.
763 4582 789 4619 u.
803 4569 860 4618 197.
