2774 5056
155 318 196 375 tt
340 317 396 379 DE
418 317 529 387 AQUA
549 317 603 378 AD
624 316 871 378 BAPTISMUM
893 317 1164 381 Nucssstltu.

193 475 346 535 Probatur
358 475 413 536 IV.
429 495 465 536 ce
479 477 626 537 cunctanti
639 475 772 535 omnium
786 476 961 536 seculorum
976 497 995 536 o
1012 477 1129 537 Christo
1143 495 1213 537 usu.

194 576 244 632 at.
266 573 396 651 Epistola
409 592 473 648 quse
487 573 588 633 dicitur
601 573 736 632 Barnabae
750 574 854 650 figuras
876 575 1016 650 Baptismi
1032 593 1095 648 quae
1116 577 1146 634 in
1161 574 1253 634 veteri
1266 572 1340 634 Tes-

155 678 279 727 tamenta
302 682 516 746 praecesseruut,
539 670 680 746 explicat:
704 670 774 728 “Et
794 670 909 742 quidem
930 670 965 728 de
987 690 1070 744 aqua,
1085 672 1224 748 scriptum
1245 673 1339 731 estin

154 764 306 834 israelitas,
320 785 377 840 quo
391 767 476 826 modo
497 768 667 844 baptismum
682 767 731 840 qui
752 766 833 824 affert
854 778 1031 844 pcccatorum
1054 769 1267 838 remissionem,
1281 786 1340 828 nou

153 873 221 921 sunt
240 863 474 941 recepturi.”-“
487 862 553 922 Hoc
579 865 635 931 aits
657 862 732 936 qnod
753 882 805 921 nos
826 862 1025 922 descendimus
1048 864 1163 938 quidem
1185 866 1216 924 in
1237 882 1339 939 aquam

154 960 231 1036 pleni
252 961 377 1037 peccatis
392 979 425 1017 ac
438 958 580 1027 sordibus,
596 958 661 1017 inde
682 969 775 1017 autem
795 960 967 1037 emergimus
988 961 1109 1019 fructum
1129 960 1291 1030 afferentes,
1312 960 1341 1020 iu

155 1057 251 1125 corde,
267 1058 398 1118 timorem
411 1067 440 1115 et
452 1075 533 1133 spem
550 1054 692 1115 inlesum
707 1056 841 1114 habentes
856 1076 892 1116 ex
907 1057 1056 1134 spiritu.'’²

190 1160 239 1213 28.
262 1156 293 1213 S.
309 1155 448 1214 lassans
468 1164 534 1230 post
547 1152 707 1213 mandatum
722 1153 831 1212 Christi
851 1154 886 1213 dc
907 1156 1049 1233 baptismo
1062 1155 1192 1224 relatum,
1208 1155 1334 1234 Spiritus

151 1253 249 1310 Sancti
262 1271 348 1329 opera
360 1269 488 1310 enarrare
502 1251 609 1328 pergit:
632 1251 842 1312 deindeaddit:
865 1252 978 1311 “Sicut
991 1253 1068 1311 enim
1090 1251 1125 1311 dc
1140 1252 1220 1312 arido
1241 1253 1335 1313 tritico

151 1368 246 1408 massa
257 1367 316 1407 uns
328 1349 390 1406 fieri
404 1367 460 1407 non
481 1360 575 1424 potest
594 1349 656 1405 sine
678 1348 805 1415 humore,
820 1367 914 1422 neque
933 1368 1007 1408 uuus
1029 1350 1131 1426 panis:
1153 1352 1192 1408 ita
1213 1368 1267 1409 nec
1286 1367 1340 1408 nos

151 1445 233 1504 nulti
246 1463 334 1503 unum
348 1445 409 1502 fieri
424 1445 453 1501 in
468 1443 585 1501 Christo
598 1443 670 1500 lesu
691 1453 864 1520 poteramus,
878 1445 941 1502 siue
955 1463 1028 1517 aqua
1048 1444 1161 1517 quaeda
1182 1444 1259 1504 coelo
1278 1453 1333 1503 est.

151 1544 192 1603 Et
204 1545 277 1602 sicut
291 1543 367 1601 arida
379 1555 461 1609 terra,
474 1543 499 1600 si
515 1561 573 1600 nou
586 1542 723 1619 percipiat
735 1543 895 1611 humorem,
910 1562 968 1601 uon
982 1543 1149 1602 fructificat:
1171 1542 1214 1600 sic
1227 1550 1337 1610 etuas,

150 1641 259 1719 lignum
273 1639 382 1698 aridum
402 1641 556 1698 existentes
576 1640 710 1716 primum,
725 1658 879 1713 numquam
901 1640 1134 1699 fructificaremus
1153 1640 1255 1708 vium,
1274 1639 1339 1699 sinc

150 1754 274 1813 superna
287 1736 440 1794 voluntaria
454 1735 558 1812 pluria.
600 1734 729 1812 Corpora
742 1737 819 1794 enim
834 1748 930 1794 nostra
943 1754 994 1813 per
1007 1736 1152 1795 lavacrum
1165 1735 1238 1795 illud
1260 1736 1339 1810 quod

149 1844 194 1894 est
206 1832 241 1892 sd
254 1835 504 1911 incorruptionem,
519 1835 652 1891 unitatem
674 1844 859 1907 acceperunt;
882 1836 982 1893 animae
1004 1847 1098 1893 autem
1120 1854 1171 1912 per
1185 1834 1337 1912 Spiritum.

150 1930 235 1991 Unde
246 1942 275 1989 et
287 1943 403 2004 utraque
415 1931 583 1998 neccssaria,
595 1949 659 1988 oum
671 1942 788 2004 utraque
803 1932 955 2009 proliciunt
965 1933 996 1989 in
1008 1932 1092 1990 vitam
1106 1932 1172 2001 Dei,
1184 1933 1339 1991 miserente

150 2029 277 2088 Domino
290 2039 387 2087 nostra
400 2029 469 2086 Jesu
485 2027 646 2084 Christo.’'a
685 2028 790 2100 Liquet
803 2047 840 2085 ex
859 2028 960 2086 lreuaei
981 2031 1130 2095 sententia,
1145 2042 1174 2086 et
1195 2028 1252 2087 fide
1266 2038 1335 2090 tunc

149 2127 272 2204 rigente,
284 2127 425 2185 lavacrum
440 2144 497 2198 quo
509 2143 627 2200 corpora
641 2126 791 2183 abluuntur
805 2127 996 2183 necessarium
1011 2144 1075 2185 esse
1089 2126 1124 2185 ad
1145 2128 1232 2186 vitam
1247 2136 1277 2185 ct
1295 2127 1339 2189 iu·

149 2223 369 2301 corruptionem.

187 2324 237 2380 29.
259 2323 290 2378 S.
315 2320 458 2379 Jusrruus
479 2319 523 2377 M.
546 2319 573 2377 iu
596 2318 735 2396 Apologia
749 2338 834 2392 quam
856 2319 890 2377 ad
911 2319 1052 2379 Ethnicos
1073 2322 1259 2398 imperatores
1281 2338 1336 2401 pro

148 2416 308 2475 christianis
321 2415 409 2483 misit,
422 2414 507 2472 refert
520 2433 576 2487 qua
589 2416 695 2473 ratione
708 2414 807 2473 fideles
822 2416 963 2493 baptismo
977 2417 1123 2476 initientur
1136 2437 1144 2474 ε
1167 2426 1187 2453 “
1200 2417 1337 2485 Quicum·

147 2532 203 2588 quc
218 2530 383 2590 persuasum
398 2512 546 2571 habuerint
558 2523 586 2569 et
599 2510 770 2570 crediderint
784 2532 848 2570 vera
862 2532 938 2580 esse,
954 2532 1010 2587 qua
1024 2535 1040 2571 a
1054 2515 1137 2572 nobis
1151 2514 1287 2574 docentur
1308 2525 1338 2573 ct

147 2609 287 2675 dicuutur,
302 2625 390 2680 seque
404 2610 441 2664 ita
456 2608 550 2664 vivere
565 2625 651 2682 posse
667 2609 858 2683 promiserint,
873 2609 894 2664 ii
908 2611 1017 2685 precari
1037 2622 1066 2668 et
1081 2611 1245 2688 jejunantes
1259 2611 1336 2688 prio·

147 2724 210 2764 rum
225 2716 404 2782 peccatorum
419 2704 531 2760 reniam
545 2722 561 2759 s
575 2702 639 2761 Deo
652 2714 748 2781 petere
771 2703 917 2773 docentur,
932 2706 1015 2764 nobis
1028 2726 1084 2766 uua
1104 2708 1286 2785 precantibus
1307 2718 1337 2766 et

148 2801 352 2881 jejunantibus.
382 2798 494 2856 Deinde
508 2817 544 2856 eo
558 2798 698 2858 ducuntur
712 2821 728 2857 a
741 2801 834 2869 nobis,
849 2802 897 2859 ubi
911 2821 984 2876 aqua
997 2818 1050 2872 est,
1064 2816 1093 2863 et
1106 2802 1208 2864 eodem
1222 2822 1337 2882 regene-

147 2898 264 2959 rationis
278 2895 364 2955 modo
378 2908 585 2974 regenerantur,
599 2914 655 2968 quo
667 2906 696 2954 et
708 2897 765 2974 ipsi
780 2917 879 2956 sumus
895 2902 1059 2976 regenerati.
1082 2902 1112 2959 N
1114 2921 1160 2960 atu
1175 2902 1205 2960 iu
1218 2902 1336 2961 nominc

146 2995 270 3074 parentis
284 2995 480 3052 universorum
495 3012 526 3050 ac
541 2993 658 3051 Domini
672 2992 729 3051 Dei
743 3014 776 3053 ac
795 2995 949 3055 Salvatoris
970 2998 1060 3056 nostri
1073 2996 1145 3056 Jesu
1166 2996 1286 3067 Christi,
1307 3010 1336 3058 et

147 3093 270 3170 Spiritus
284 3090 391 3158 Sancti,
403 3089 543 3147 lavacrum
558 3092 587 3147 iu
601 3108 674 3162 aqua
688 3102 753 3148 tuuc
774 3092 944 3169 suscipiunt.
987 3093 1071 3152 Dixit
1083 3095 1162 3153 euim
1176 3093 1331 3153 Christus:

147 3190 242 3248 “Nisi
256 3186 412 3265 regenerati
426 3185 544 3254 fueritis,
559 3204 616 3243 non
630 3185 768 3243 intrabitis
783 3187 812 3244 in
826 3206 945 3264 regnum
959 3188 1144 3248 coelorum.’'⁸

185 3292 234 3346 30.
255 3286 489 3345 Tauroentum
501 3293 646 3341 tractatum
660 3282 695 3340 de
706 3282 855 3360 Baptismo
866 3285 908 3344 sic
921 3286 1085 3345 exorditur:
1108 3285 1223 3344 “Felix
1235 3286 1336 3345 Sacra·

145 3397 274 3446 mentum
287 3401 366 3458 aquoe
380 3396 494 3450 nostrae,
509 3400 564 3455 qua
577 3380 664 3438 abluti
677 3379 788 3438 delictis
802 3382 928 3458 pristinae
942 3383 1090 3454 coecitatis,
1106 3383 1136 3441 in
1152 3383 1241 3442 vitam
1255 3392 1335 3443 cter-

144 3504 211 3546 nam
225 3479 408 3543 liberamur.’'
439 3478 565 3558 Cajanos
578 3478 738 3556 rejicientes
750 3479 930 3556 Baptismum
942 3482 1029 3540 veluti
1040 3481 1173 3541 haeresim
1184 3481 1335 3540 nefandam

144 3584 307 3648 insectatur,
322 3579 425 3653 quibus
440 3576 619 3635 Christianos
634 3576 802 3652 opponit-⁴
813 3578 977 3653 pisciculos’
987 3581 1023 3638 ob
1035 3579 1208 3638 nativitatem
1219 3579 1249 3637 in
1261 3594 1337 3654 aqua

143 3681 325 3756 designatos:
348 3686 368 3713 “
378 3675 428 3733 sed
442 3694 495 3734 nos
516 3674 646 3753 pisciculi
659 3674 814 3733 secundum
830 3683 903 3744 troia
918 3690 1044 3737 nostrum
1065 3677 1168 3736 Jcsum
1183 3677 1333 3736 Christum

144 3778 174 3835 in
188 3794 261 3850 aqua
281 3772 471 3833 nascimur.’'⁴
511 3774 594 3832 Hanc
608 3771 743 3832 nascendi
763 3775 901 3833 rationem
926 3775 962 3833 ad
982 3777 1094 3834 Christi
1113 3777 1207 3854 legem
1227 3776 1331 3834 refert:

144 3875 238 3933 “Lex
251 3871 327 3931 enim
342 3868 489 3947 tinguendi
502 3871 635 3948 imposita
645 3882 697 3940 est,
708 3883 736 3930 ct
749 3870 841 3929 forma
850 3874 1032 3952 prescripta:
1055 3873 1108 3942 lte,
1120 3875 1220 3947 iuquit,
1233 3873 1333 3934 docete

144 3970 284 4035 nationes,
299 3967 459 4043 tinguentes
474 3984 522 4024 eas
537 3968 567 4024 in
581 3985 688 4026 nomen
702 3968 806 4035 Patris,
815 3977 844 4026 et
857 3968 934 4037 Filii,
948 3985 976 4028 et
987 3971 1110 4048 Spiritus
1125 3970 1232 4030 Sancti.
1255 3970 1333 4030 Huic

143 4063 202 4144 legi
215 4064 315 4124 collata
328 4062 455 4121 definitio
468 4063 531 4121 illa:
554 4064 653 4122 “Nisi
668 4063 732 4138 quis
746 4073 859 4121 renatus
878 4064 962 4124 suerit
974 4085 1011 4124 ex
1024 4086 1097 4142 aqua
1110 4077 1139 4125 et
1151 4067 1262 4144 spiritu,
1275 4087 1333 4128 uon

180 4279 224 4346 (1)
243 4275 357 4327 marte
366 4291 404 4345 ep.
415 4279 431 4334 ς
442 4275 476 4325 xi
487 4290 511 4324 u.
523 4278 547 4323 2.
560 4279 599 4325 12.

180 4367 223 4432 (2)
241 4362 271 4412 L.
281 4361 315 4412 iii.
326 4362 381 4413 adv.
391 4361 447 4417 hur,
456 4376 476 4410 c.
488 4359 542 4409 xix.

179 4452 222 4517 (³)
242 4447 363 4513 Apologia
374 4445 395 4496 1.
407 4462 432 4495 n.
444 4447 484 4494 ot.
495 4444 555 4493 alias
566 4445 638 4510 Apol.
649 4443 674 4494 ii.

179 4537 222 4602 (4)
241 4533 280 4585 Dc
291 4533 421 4600 Baptismo.
440 4529 573 4580 Christiani
583 4532 712 4580 nubantur
719 4541 778 4576 rocc
789 4531 859 4592 3232),
867 4531 970 4595 symboli
980 4538 1006 4582 st
1015 4537 1109 4581 mre
1119 4529 1202 4595 instnr,
1210 4540 1240 4584 ut
1248 4531 1334 4606 lgm

145 4624 237 4689 Χριςον
247 4625 304 4682 >ron
313 4621 366 4676 dcco
376 4623 489 4685 Σωτηρα,
499 4613 631 4664 initialibus
640 4612 724 4664 littoris
734 4610 895 4675 designarent.
1026 4628 1031 4635 ·
