<?xml version="1.0" encoding="UTF-8"?>
<!DOCTYPE html PUBLIC "-//W3C//DTD XHTML 1.0 Transitional//EN"
    "http://www.w3.org/TR/xhtml1/DTD/xhtml1-transitional.dtd">
<html xmlns="http://www.w3.org/1999/xhtml" xml:lang="en" lang="en">
 <head>
  <title>
</title>
<meta http-equiv="Content-Type" content="text/html;charset=utf-8" />
  <meta name='ocr-system' content='tesseract 3.04.00' />
  <meta name='ocr-capabilities' content='ocr_page ocr_carea ocr_par ocr_line ocrx_word'/>
</head>
<body>
  <div class='ocr_page' id='page_1' title='image "./theologidogmati03kenrgoog_0108.png"; bbox 0 0 2774 5056; ppageno 0'>
   <div class='ocr_carea' id='block_1_1' title="bbox 475 301 1274 364">
    <p class='ocr_par' dir='ltr' id='par_1_1' title="bbox 475 301 1274 364">
     <span class='ocr_line' id='line_1_1' title="bbox 475 301 1274 364; baseline 0.001 -2"><span class='ocrx_word' id='word_1_1' title='bbox 475 301 532 363; x_wconf 84' lang='lat' dir='ltr'><strong>DE</strong></span> <span class='ocrx_word' id='word_1_2' title='bbox 559 302 860 364; x_wconf 66' lang='lat' dir='ltr'><strong>sacramanto,</strong></span> <span class='ocrx_word' id='word_1_3' title='bbox 1216 305 1274 363; x_wconf 76' lang='lat' dir='ltr'><strong>lut</strong></span> 
     </span>
    </p>
   </div>
   <div class='ocr_carea' id='block_1_2' title="bbox 36 459 1362 4453">
    <p class='ocr_par' dir='ltr' id='par_1_2' title="bbox 95 459 1275 615">
     <span class='ocr_line' id='line_1_2' title="bbox 96 459 1275 541; baseline 0.003 -23"><span class='ocrx_word' id='word_1_4' title='bbox 96 460 191 527; x_wconf 79' lang='lat' dir='ltr'><strong>unedo3</strong></span> <span class='ocrx_word' id='word_1_5' title='bbox 224 460 296 519; x_wconf 78' lang='lat' dir='ltr'><strong>aliis</strong></span> <span class='ocrx_word' id='word_1_6' title='bbox 318 459 373 519; x_wconf 89' lang='lat' dir='ltr'><strong>hos</strong></span> <span class='ocrx_word' id='word_1_7' title='bbox 396 479 496 520; x_wconf 85' lang='lat' dir='ltr'><strong>omues</strong></span> <span class='ocrx_word' id='word_1_8' title='bbox 516 462 588 520; x_wconf 87' lang='lat' dir='ltr'><strong>ritus</strong></span> <span class='ocrx_word' id='word_1_9' title='bbox 608 463 856 541; x_wconf 79' lang='lat' dir='ltr'><strong>conjungentibus.</strong></span> <span class='ocrx_word' id='word_1_10' title='bbox 910 461 991 540; x_wconf 73' lang='lat' dir='ltr'><strong>ergo</strong></span> <span class='ocrx_word' id='word_1_11' title='bbox 1018 472 1075 522; x_wconf 85' lang='lat' dir='ltr'><strong>tota</strong></span> <span class='ocrx_word' id='word_1_12' title='bbox 1098 480 1144 522; x_wconf 87' lang='lat' dir='ltr'><strong>res</strong></span> <span class='ocrx_word' id='word_1_13' title='bbox 1168 462 1275 522; x_wconf 80' lang='lat' dir='ltr'><strong>incerta</strong></span> 
     </span>
     <span class='ocr_line' id='line_1_3' title="bbox 95 551 277 615; baseline 0.011 -2"><span class='ocrx_word' id='word_1_14' title='bbox 95 551 277 615; x_wconf 58' lang='lat' dir='ltr'><strong>modam</strong></span> 
     </span>
    </p>

    <p class='ocr_par' dir='ltr' id='par_1_3' title="bbox 88 649 1274 1612">
     <span class='ocr_line' id='line_1_4' title="bbox 122 649 1274 733; baseline 0.005 -25"><span class='ocrx_word' id='word_1_15' title='bbox 122 649 202 730; x_wconf 82' lang='lat' dir='ltr'><strong>Resp.</strong></span> <span class='ocrx_word' id='word_1_16' title='bbox 225 653 373 712; x_wconf 72' lang='lat' dir='ltr'><strong>hiaauum</strong></span> <span class='ocrx_word' id='word_1_17' title='bbox 385 653 532 731; x_wconf 81' lang='lat' dir='ltr'><strong>impositio</strong></span> <span class='ocrx_word' id='word_1_18' title='bbox 545 653 620 712; x_wconf 85' lang='lat' dir='ltr'><strong>iacta</strong></span> <span class='ocrx_word' id='word_1_19' title='bbox 631 666 677 712; x_wconf 87' lang='lat' dir='ltr'><strong>est</strong></span> <span class='ocrx_word' id='word_1_20' title='bbox 695 655 730 713; x_wconf 93' lang='lat' dir='ltr'><strong>ab</strong></span> <span class='ocrx_word' id='word_1_21' title='bbox 743 654 903 731; x_wconf 83' lang='lat' dir='ltr'><strong>Apostolis,</strong></span> <span class='ocrx_word' id='word_1_22' title='bbox 917 667 947 712; x_wconf 93' lang='lat' dir='ltr'><strong>et</strong></span> <span class='ocrx_word' id='word_1_23' title='bbox 966 654 1059 714; x_wconf 86' lang='lat' dir='ltr'><strong>adhuc</strong></span> <span class='ocrx_word' id='word_1_24' title='bbox 1070 655 1132 714; x_wconf 81' lang='lat' dir='ltr'><strong>fita</strong></span> <span class='ocrx_word' id='word_1_25' title='bbox 1147 654 1274 733; x_wconf 77' lang='lat' dir='ltr'><strong>presuli·</strong></span> 
     </span>
     <span class='ocr_line' id='line_1_5' title="bbox 95 748 1274 831; baseline 0.006 -25"><span class='ocrx_word' id='word_1_26' title='bbox 95 748 135 806; x_wconf 88' lang='lat' dir='ltr'><strong>ha&#39;s</strong></span> <span class='ocrx_word' id='word_1_27' title='bbox 146 750 300 818; x_wconf 70' lang='lat' dir='ltr'><strong>Ecclesia,</strong></span> <span class='ocrx_word' id='word_1_28' title='bbox 316 770 379 824; x_wconf 79' lang='lat' dir='ltr'><strong>que</strong></span> <span class='ocrx_word' id='word_1_29' title='bbox 393 751 512 829; x_wconf 83' lang='lat' dir='ltr'><strong>proinde</strong></span> <span class='ocrx_word' id='word_1_30' title='bbox 526 751 562 809; x_wconf 88' lang='lat' dir='ltr'><strong>ad</strong></span> <span class='ocrx_word' id='word_1_31' title='bbox 582 753 759 811; x_wconf 88' lang='lat' dir='ltr'><strong>Sacramenti</strong></span> <span class='ocrx_word' id='word_1_32' title='bbox 779 755 933 811; x_wconf 77' lang='lat' dir='ltr'><strong>essentiam</strong></span> <span class='ocrx_word' id='word_1_33' title='bbox 947 764 1077 831; x_wconf 88' lang='lat' dir='ltr'><strong>spectare</strong></span> <span class='ocrx_word' id='word_1_34' title='bbox 1090 755 1192 814; x_wconf 89' lang='lat' dir='ltr'><strong>merito</strong></span> <span class='ocrx_word' id='word_1_35' title='bbox 1206 773 1274 813; x_wconf 84' lang='lat' dir='ltr'><strong>cen·</strong></span> 
     </span>
     <span class='ocr_line' id='line_1_6' title="bbox 92 848 1273 928; baseline 0.006 -24"><span class='ocrx_word' id='word_1_36' title='bbox 92 858 169 906; x_wconf 80' lang='lat' dir='ltr'><strong>netur:</strong></span> <span class='ocrx_word' id='word_1_37' title='bbox 190 848 229 906; x_wconf 93' lang='lat' dir='ltr'><strong>de</strong></span> <span class='ocrx_word' id='word_1_38' title='bbox 239 849 352 907; x_wconf 57' lang='lat' dir='ltr'><strong>curtem</strong></span> <span class='ocrx_word' id='word_1_39' title='bbox 362 849 462 909; x_wconf 89' lang='lat' dir='ltr'><strong>ritibus</strong></span> <span class='ocrx_word' id='word_1_40' title='bbox 470 850 550 908; x_wconf 83' lang='lat' dir='ltr'><strong>salsa</strong></span> <span class='ocrx_word' id='word_1_41' title='bbox 561 849 619 907; x_wconf 89' lang='lat' dir='ltr'><strong>lide</strong></span> <span class='ocrx_word' id='word_1_42' title='bbox 632 849 753 910; x_wconf 87' lang='lat' dir='ltr'><strong>dubitari</strong></span> <span class='ocrx_word' id='word_1_43' title='bbox 767 861 870 928; x_wconf 87' lang='lat' dir='ltr'><strong>potest.</strong></span> <span class='ocrx_word' id='word_1_44' title='bbox 899 851 1043 909; x_wconf 79' lang='lat' dir='ltr'><strong>Novimus</strong></span> <span class='ocrx_word' id='word_1_45' title='bbox 1054 848 1169 925; x_wconf 91' lang='lat' dir='ltr'><strong>quidem</strong></span> <span class='ocrx_word' id='word_1_46' title='bbox 1183 851 1273 925; x_wconf 82' lang='lat' dir='ltr'><strong>queri</strong></span> 
     </span>
     <span class='ocr_line' id='line_1_7' title="bbox 91 947 1272 1025; baseline 0.004 -23"><span class='ocrx_word' id='word_1_47' title='bbox 91 961 204 1016; x_wconf 80' lang='lat' dir='ltr'><strong>quanam</strong></span> <span class='ocrx_word' id='word_1_48' title='bbox 217 947 258 1004; x_wconf 89' lang='lat' dir='ltr'><strong>sit</strong></span> <span class='ocrx_word' id='word_1_49' title='bbox 281 964 418 1005; x_wconf 81' lang='lat' dir='ltr'><strong>manuum</strong></span> <span class='ocrx_word' id='word_1_50' title='bbox 442 947 599 1023; x_wconf 88' lang='lat' dir='ltr'><strong>impositio,</strong></span> <span class='ocrx_word' id='word_1_51' title='bbox 612 958 707 1005; x_wconf 90' lang='lat' dir='ltr'><strong>utrum</strong></span> <span class='ocrx_word' id='word_1_52' title='bbox 731 947 888 1006; x_wconf 86' lang='lat' dir='ltr'><strong>scilicstea</strong></span> <span class='ocrx_word' id='word_1_53' title='bbox 911 966 997 1022; x_wconf 84' lang='lat' dir='ltr'><strong>quam</strong></span> <span class='ocrx_word' id='word_1_54' title='bbox 1020 947 1086 1006; x_wconf 82' lang='lat' dir='ltr'><strong>lacit</strong></span> <span class='ocrx_word' id='word_1_55' title='bbox 1106 947 1272 1025; x_wconf 88' lang='lat' dir='ltr'><strong>episcopus,</strong></span> 
     </span>
     <span class='ocr_line' id='line_1_8' title="bbox 91 1043 1272 1122; baseline 0.002 -20"><span class='ocrx_word' id='word_1_56' title='bbox 91 1043 170 1101; x_wconf 86' lang='lat' dir='ltr'><strong>tubas</strong></span> <span class='ocrx_word' id='word_1_57' title='bbox 183 1063 290 1103; x_wconf 87' lang='lat' dir='ltr'><strong>manus</strong></span> <span class='ocrx_word' id='word_1_58' title='bbox 303 1063 391 1121; x_wconf 88' lang='lat' dir='ltr'><strong>super</strong></span> <span class='ocrx_word' id='word_1_59' title='bbox 410 1045 560 1104; x_wconf 86' lang='lat' dir='ltr'><strong>universos</strong></span> <span class='ocrx_word' id='word_1_60' title='bbox 574 1057 673 1104; x_wconf 91' lang='lat' dir='ltr'><strong>tenens</strong></span> <span class='ocrx_word' id='word_1_61' title='bbox 685 1056 830 1112; x_wconf 82' lang='lat' dir='ltr'><strong>extensas,</strong></span> <span class='ocrx_word' id='word_1_62' title='bbox 844 1045 912 1105; x_wconf 91' lang='lat' dir='ltr'><strong>dum</strong></span> <span class='ocrx_word' id='word_1_63' title='bbox 927 1058 1038 1122; x_wconf 88' lang='lat' dir='ltr'><strong>septem</strong></span> <span class='ocrx_word' id='word_1_64' title='bbox 1052 1045 1127 1103; x_wconf 86' lang='lat' dir='ltr'><strong>dona</strong></span> <span class='ocrx_word' id='word_1_65' title='bbox 1147 1045 1272 1122; x_wconf 87' lang='lat' dir='ltr'><strong>Spiritus</strong></span> 
     </span>
     <span class='ocr_line' id='line_1_9' title="bbox 91 1138 1272 1221; baseline 0.004 -22"><span class='ocrx_word' id='word_1_66' title='bbox 91 1138 172 1199; x_wconf 81' lang='lat' dir='ltr'><strong>Sancti</strong></span> <span class='ocrx_word' id='word_1_67' title='bbox 192 1142 253 1200; x_wconf 91' lang='lat' dir='ltr'><strong>illis</strong></span> <span class='ocrx_word' id='word_1_68' title='bbox 276 1153 454 1220; x_wconf 75' lang='lat' dir='ltr'>apprecatur,</span> <span class='ocrx_word' id='word_1_69' title='bbox 469 1162 505 1202; x_wconf 90' lang='lat' dir='ltr'><strong>an</strong></span> <span class='ocrx_word' id='word_1_70' title='bbox 525 1143 579 1202; x_wconf 86' lang='lat' dir='ltr'><strong>alia</strong></span> <span class='ocrx_word' id='word_1_71' title='bbox 593 1163 657 1217; x_wconf 79' lang='lat' dir='ltr'><strong>que</strong></span> <span class='ocrx_word' id='word_1_72' title='bbox 677 1144 709 1201; x_wconf 82' lang='lat' dir='ltr'><strong>fit</strong></span> <span class='ocrx_word' id='word_1_73' title='bbox 721 1144 843 1203; x_wconf 75' lang='lat' dir='ltr'><strong>frontem</strong></span> <span class='ocrx_word' id='word_1_74' title='bbox 857 1143 1041 1221; x_wconf 72' lang='lat' dir='ltr'><strong>inungendo:</strong></span> <span class='ocrx_word' id='word_1_75' title='bbox 1062 1154 1181 1217; x_wconf 89' lang='lat' dir='ltr'><strong>utraque</strong></span> <span class='ocrx_word' id='word_1_76' title='bbox 1193 1144 1272 1204; x_wconf 83' lang='lat' dir='ltr'><strong>caim</strong></span> 
     </span>
     <span class='ocr_line' id='line_1_10' title="bbox 88 1238 1271 1318; baseline 0.002 -23"><span class='ocrx_word' id='word_1_77' title='bbox 88 1248 167 1312; x_wconf 86' lang='lat' dir='ltr'><strong>potest</strong></span> <span class='ocrx_word' id='word_1_78' title='bbox 188 1239 229 1296; x_wconf 88' lang='lat' dir='ltr'><strong>ita</strong></span> <span class='ocrx_word' id='word_1_79' title='bbox 241 1238 404 1316; x_wconf 76' lang='lat' dir='ltr'><strong>designari:</strong></span> <span class='ocrx_word' id='word_1_80' title='bbox 425 1239 478 1298; x_wconf 89' lang='lat' dir='ltr'><strong>sed</strong></span> <span class='ocrx_word' id='word_1_81' title='bbox 496 1250 608 1299; x_wconf 91' lang='lat' dir='ltr'><strong>constat</strong></span> <span class='ocrx_word' id='word_1_82' title='bbox 626 1242 681 1299; x_wconf 87' lang='lat' dir='ltr'><strong>ritu</strong></span> <span class='ocrx_word' id='word_1_83' title='bbox 702 1241 867 1318; x_wconf 80' lang='lat' dir='ltr'><strong>prescripto</strong></span> <span class='ocrx_word' id='word_1_84' title='bbox 887 1240 1025 1299; x_wconf 77' lang='lat' dir='ltr'><strong>contineri</strong></span> <span class='ocrx_word' id='word_1_85' title='bbox 1046 1240 1271 1310; x_wconf 74' lang='lat' dir='ltr'><strong>Sacramentum,</strong></span> 
     </span>
     <span class='ocr_line' id='line_1_11' title="bbox 89 1338 1271 1416; baseline 0.003 -21"><span class='ocrx_word' id='word_1_86' title='bbox 89 1353 197 1410; x_wconf 86' lang='lat' dir='ltr'><strong>eumque</strong></span> <span class='ocrx_word' id='word_1_87' title='bbox 210 1338 324 1415; x_wconf 76' lang='lat' dir='ltr'><strong>integre</strong></span> <span class='ocrx_word' id='word_1_88' title='bbox 336 1338 553 1416; x_wconf 87' lang='lat' dir='ltr'><strong>perficiendum,</strong></span> <span class='ocrx_word' id='word_1_89' title='bbox 567 1352 598 1399; x_wconf 93' lang='lat' dir='ltr'><strong>ut</strong></span> <span class='ocrx_word' id='word_1_90' title='bbox 611 1342 821 1416; x_wconf 83' lang='lat' dir='ltr'><strong>obtemperetur</strong></span> <span class='ocrx_word' id='word_1_91' title='bbox 840 1339 980 1399; x_wconf 74' lang='lat' dir='ltr'><strong>Ecclesiae</strong></span> <span class='ocrx_word' id='word_1_92' title='bbox 990 1359 999 1408; x_wconf 71' lang='grc' dir='ltr'><strong>ς</strong></span> <span class='ocrx_word' id='word_1_93' title='bbox 1020 1358 1074 1398; x_wconf 91' lang='lat' dir='ltr'><strong>nec</strong></span> <span class='ocrx_word' id='word_1_94' title='bbox 1093 1340 1179 1398; x_wconf 85' lang='lat' dir='ltr'><strong>refert</strong></span> <span class='ocrx_word' id='word_1_95' title='bbox 1191 1357 1271 1398; x_wconf 87' lang='lat' dir='ltr'><strong>accu-</strong></span> 
     </span>
     <span class='ocr_line' id='line_1_12' title="bbox 91 1433 1272 1515; baseline 0.004 -24"><span class='ocrx_word' id='word_1_96' title='bbox 91 1441 137 1492; x_wconf 81' lang='lat' dir='ltr'><strong>rato</strong></span> <span class='ocrx_word' id='word_1_97' title='bbox 144 1433 257 1510; x_wconf 84' lang='lat' dir='ltr'><strong>judicio</strong></span> <span class='ocrx_word' id='word_1_98' title='bbox 270 1435 422 1494; x_wconf 86' lang='lat' dir='ltr'><strong>decernere</strong></span> <span class='ocrx_word' id='word_1_99' title='bbox 441 1456 593 1510; x_wconf 89' lang='lat' dir='ltr'><strong>quamnam</strong></span> <span class='ocrx_word' id='word_1_100' title='bbox 609 1438 666 1496; x_wconf 87' lang='lat' dir='ltr'><strong>rim</strong></span> <span class='ocrx_word' id='word_1_101' title='bbox 680 1437 800 1514; x_wconf 78' lang='lat' dir='ltr'><strong>singulte</strong></span> <span class='ocrx_word' id='word_1_102' title='bbox 814 1438 877 1515; x_wconf 88' lang='lat' dir='ltr'><strong>ejus</strong></span> <span class='ocrx_word' id='word_1_103' title='bbox 891 1447 984 1514; x_wconf 89' lang='lat' dir='ltr'><strong>partes</strong></span> <span class='ocrx_word' id='word_1_104' title='bbox 999 1437 1129 1496; x_wconf 82' lang='lat' dir='ltr'><strong>habeant.</strong></span> <span class='ocrx_word' id='word_1_105' title='bbox 1170 1437 1272 1496; x_wconf 82' lang='lat' dir='ltr'><strong>Manet</strong></span> 
     </span>
     <span class='ocr_line' id='line_1_13' title="bbox 92 1529 1217 1612; baseline 0.004 -23"><span class='ocrx_word' id='word_1_106' title='bbox 92 1529 162 1606; x_wconf 78' lang='lat' dir='ltr'><strong>igitur</strong></span> <span class='ocrx_word' id='word_1_107' title='bbox 172 1533 352 1591; x_wconf 81' lang='lat' dir='ltr'><strong>Sacmmenti</strong></span> <span class='ocrx_word' id='word_1_108' title='bbox 365 1534 513 1603; x_wconf 89' lang='lat' dir='ltr'><strong>certitudo,</strong></span> <span class='ocrx_word' id='word_1_109' title='bbox 528 1535 665 1609; x_wconf 91' lang='lat' dir='ltr'><strong>quidquid</strong></span> <span class='ocrx_word' id='word_1_110' title='bbox 679 1536 718 1592; x_wconf 90' lang='lat' dir='ltr'><strong>sit</strong></span> <span class='ocrx_word' id='word_1_111' title='bbox 730 1535 766 1594; x_wconf 92' lang='lat' dir='ltr'><strong>de</strong></span> <span class='ocrx_word' id='word_1_112' title='bbox 775 1535 990 1612; x_wconf 81' lang='lat' dir='ltr'><strong>&#39;lheologomm</strong></span> <span class='ocrx_word' id='word_1_113' title='bbox 1002 1534 1217 1608; x_wconf 71' lang='lat' dir='ltr'><strong>questionibus.</strong></span> 
     </span>
    </p>

    <p class='ocr_par' dir='ltr' id='par_1_4' title="bbox 38 1627 1271 2270">
     <span class='ocr_line' id='line_1_14' title="bbox 38 1627 1270 1708; baseline 0.004 -22"><span class='ocrx_word' id='word_1_114' title='bbox 38 1643 41 1649; x_wconf 84' lang='lat'><em>·</em></span> <span class='ocrx_word' id='word_1_115' title='bbox 115 1631 159 1686; x_wconf 75' lang='lat'><strong>28.</strong></span> <span class='ocrx_word' id='word_1_116' title='bbox 189 1627 259 1708; x_wconf 83' lang='lat' dir='ltr'><strong>Obj.</strong></span> <span class='ocrx_word' id='word_1_117' title='bbox 296 1635 343 1689; x_wconf 79' lang='lat'><strong>12.</strong></span> <span class='ocrx_word' id='word_1_118' title='bbox 384 1632 551 1691; x_wconf 85' lang='lat' dir='ltr'><strong>“Ecclesia</strong></span> <span class='ocrx_word' id='word_1_119' title='bbox 577 1633 709 1691; x_wconf 89' lang='lat' dir='ltr'><strong>omnibns</strong></span> <span class='ocrx_word' id='word_1_120' title='bbox 734 1632 874 1692; x_wconf 72' lang='lat' dir='ltr'><strong>hereticis</strong></span> <span class='ocrx_word' id='word_1_121' title='bbox 896 1631 932 1690; x_wconf 90' lang='lat' dir='ltr'><strong>ad</strong></span> <span class='ocrx_word' id='word_1_122' title='bbox 959 1631 1120 1690; x_wconf 86' lang='lat' dir='ltr'><strong>Ecclesiam</strong></span> <span class='ocrx_word' id='word_1_123' title='bbox 1148 1631 1270 1691; x_wconf 84' lang='lat' dir='ltr'><strong>reversis</strong></span> 
     </span>
     <span class='ocr_line' id='line_1_15' title="bbox 88 1727 1271 1807; baseline 0.005 -25"><span class='ocrx_word' id='word_1_124' title='bbox 88 1739 207 1784; x_wconf 85' lang='lat' dir='ltr'><strong>nannum</strong></span> <span class='ocrx_word' id='word_1_125' title='bbox 218 1727 433 1802; x_wconf 83' lang='lat' dir='ltr'><strong>impositionem</strong></span> <span class='ocrx_word' id='word_1_126' title='bbox 447 1729 595 1796; x_wconf 85' lang='lat' dir='ltr'><strong>tribuebat,</strong></span> <span class='ocrx_word' id='word_1_127' title='bbox 610 1741 639 1787; x_wconf 90' lang='lat' dir='ltr'><strong>ct</strong></span> <span class='ocrx_word' id='word_1_128' title='bbox 651 1730 708 1788; x_wconf 91' lang='lat' dir='ltr'><strong>hoc</strong></span> <span class='ocrx_word' id='word_1_129' title='bbox 729 1771 737 1788; x_wconf 90' lang='lat'><strong>.</strong></span> <span class='ocrx_word' id='word_1_130' title='bbox 760 1771 768 1787; x_wconf 90' lang='lat'><strong><em>.</em></strong></span> <span class='ocrx_word' id='word_1_131' title='bbox 791 1770 800 1788; x_wconf 90' lang='lat'><strong>.</strong></span> <span class='ocrx_word' id='word_1_132' title='bbox 822 1771 831 1788; x_wconf 89' lang='lat'><strong>.</strong></span> <span class='ocrx_word' id='word_1_133' title='bbox 852 1727 888 1787; x_wconf 92' lang='lat' dir='ltr'><strong>ad</strong></span> <span class='ocrx_word' id='word_1_134' title='bbox 898 1747 933 1787; x_wconf 89' lang='lat' dir='ltr'><strong>ea</strong></span> <span class='ocrx_word' id='word_1_135' title='bbox 945 1730 1091 1807; x_wconf 88' lang='lat' dir='ltr'><strong>spectabat</strong></span> <span class='ocrx_word' id='word_1_136' title='bbox 1100 1727 1271 1807; x_wconf 87' lang='lat' dir='ltr'><strong>supplenda,</strong></span> 
     </span>
     <span class='ocr_line' id='line_1_16' title="bbox 89 1823 1270 1904; baseline 0.006 -26"><span class='ocrx_word' id='word_1_137' title='bbox 89 1835 137 1892; x_wconf 80' lang='lat' dir='ltr'><strong>que</strong></span> <span class='ocrx_word' id='word_1_138' title='bbox 149 1823 178 1880; x_wconf 93' lang='lat' dir='ltr'><strong>in</strong></span> <span class='ocrx_word' id='word_1_139' title='bbox 192 1833 313 1883; x_wconf 82' lang='lat' dir='ltr'><strong>externa</strong></span> <span class='ocrx_word' id='word_1_140' title='bbox 325 1824 417 1883; x_wconf 79' lang='lat' dir='ltr'><strong>forma</strong></span> <span class='ocrx_word' id='word_1_141' title='bbox 429 1826 563 1903; x_wconf 81' lang='lat' dir='ltr'><strong>baptismi</strong></span> <span class='ocrx_word' id='word_1_142' title='bbox 576 1826 733 1895; x_wconf 86' lang='lat' dir='ltr'><strong>defuerant,</strong></span> <span class='ocrx_word' id='word_1_143' title='bbox 746 1845 811 1901; x_wconf 81' lang='lat' dir='ltr'><strong>quae</strong></span> <span class='ocrx_word' id='word_1_144' title='bbox 819 1827 938 1904; x_wconf 80' lang='lat' dir='ltr'><strong>gratiam</strong></span> <span class='ocrx_word' id='word_1_145' title='bbox 947 1826 1072 1904; x_wconf 83' lang='lat' dir='ltr'><strong>Spiritus</strong></span> <span class='ocrx_word' id='word_1_146' title='bbox 1083 1827 1127 1885; x_wconf 89' lang='lat' dir='ltr'><strong>eis</strong></span> <span class='ocrx_word' id='word_1_147' title='bbox 1140 1826 1270 1885; x_wconf 87' lang='lat' dir='ltr'><strong>conferre</strong></span> 
     </span>
     <span class='ocr_line' id='line_1_17' title="bbox 89 1922 1270 2004; baseline 0.007 -29"><span class='ocrx_word' id='word_1_148' title='bbox 89 1933 131 1976; x_wconf 88' lang='lat' dir='ltr'><strong>noa</strong></span> <span class='ocrx_word' id='word_1_149' title='bbox 142 1931 260 1997; x_wconf 90' lang='lat' dir='ltr'><strong>poterat,</strong></span> <span class='ocrx_word' id='word_1_150' title='bbox 276 1922 371 1995; x_wconf 91' lang='lat' dir='ltr'><strong>quoad</strong></span> <span class='ocrx_word' id='word_1_151' title='bbox 384 1923 415 1981; x_wconf 91' lang='lat' dir='ltr'><strong>in</strong></span> <span class='ocrx_word' id='word_1_152' title='bbox 429 1924 541 1992; x_wconf 77' lang='lat' dir='ltr'><strong>haeresi,</strong></span> <span class='ocrx_word' id='word_1_153' title='bbox 556 1924 601 1983; x_wconf 88' lang='lat' dir='ltr'><strong>vel</strong></span> <span class='ocrx_word' id='word_1_154' title='bbox 612 1924 641 1983; x_wconf 93' lang='lat' dir='ltr'><strong>in</strong></span> <span class='ocrx_word' id='word_1_155' title='bbox 662 1926 816 1983; x_wconf 84' lang='lat' dir='ltr'><strong>schismate</strong></span> <span class='ocrx_word' id='word_1_156' title='bbox 831 1924 1083 2002; x_wconf 80' lang='lat' dir='ltr'><strong>perseverabant.”</strong></span> <span class='ocrx_word' id='word_1_157' title='bbox 1124 1925 1169 1984; x_wconf 84' lang='lat' dir='ltr'><strong>Ita</strong></span> <span class='ocrx_word' id='word_1_158' title='bbox 1182 1925 1270 2004; x_wconf 53' lang='lat' dir='ltr'><strong>Bing*</strong></span> 
     </span>
     <span class='ocr_line' id='line_1_18' title="bbox 89 2010 1270 2100; baseline 0.005 -25"><span class='ocrx_word' id='word_1_159' title='bbox 89 2010 195 2076; x_wconf 72' lang='lat' dir='ltr'><strong>luamus.¹</strong></span> <span class='ocrx_word' id='word_1_160' title='bbox 235 2020 287 2078; x_wconf 86' lang='lat' dir='ltr'><strong>Sic</strong></span> <span class='ocrx_word' id='word_1_161' title='bbox 300 2019 362 2079; x_wconf 87' lang='lat' dir='ltr'><strong>Leo</strong></span> <span class='ocrx_word' id='word_1_162' title='bbox 378 2021 422 2079; x_wconf 91' lang='lat' dir='ltr'><strong>M.</strong></span> <span class='ocrx_word' id='word_1_163' title='bbox 431 2022 537 2098; x_wconf 86' lang='lat' dir='ltr'><strong>jussit:</strong></span> <span class='ocrx_word' id='word_1_164' title='bbox 560 2032 580 2059; x_wconf 85' lang='lat'>“</span> <span class='ocrx_word' id='word_1_165' title='bbox 592 2040 644 2099; x_wconf 91' lang='lat' dir='ltr'><strong>per</strong></span> <span class='ocrx_word' id='word_1_166' title='bbox 667 2041 767 2081; x_wconf 84' lang='lat' dir='ltr'><strong>manus</strong></span> <span class='ocrx_word' id='word_1_167' title='bbox 783 2023 997 2100; x_wconf 90' lang='lat' dir='ltr'><strong>impositionem</strong></span> <span class='ocrx_word' id='word_1_168' title='bbox 1016 2023 1146 2081; x_wconf 86' lang='lat' dir='ltr'><strong>invocata</strong></span> <span class='ocrx_word' id='word_1_169' title='bbox 1167 2023 1270 2082; x_wconf 87' lang='lat' dir='ltr'><strong>virtute</strong></span> 
     </span>
     <span class='ocr_line' id='line_1_19' title="bbox 90 2108 1269 2199; baseline 0.007 -27"><span class='ocrx_word' id='word_1_170' title='bbox 90 2108 192 2188; x_wconf 78' lang='lat' dir='ltr'><strong>Spiritus</strong></span> <span class='ocrx_word' id='word_1_171' title='bbox 206 2117 317 2186; x_wconf 85' lang='lat' dir='ltr'><strong>Sancti,</strong></span> <span class='ocrx_word' id='word_1_172' title='bbox 327 2137 412 2191; x_wconf 90' lang='lat' dir='ltr'><strong>quam</strong></span> <span class='ocrx_word' id='word_1_173' title='bbox 421 2120 456 2176; x_wconf 90' lang='lat' dir='ltr'><strong>ab</strong></span> <span class='ocrx_word' id='word_1_174' title='bbox 468 2120 608 2178; x_wconf 77' lang='lat' dir='ltr'><strong>hereticis</strong></span> <span class='ocrx_word' id='word_1_175' title='bbox 622 2120 752 2198; x_wconf 87' lang='lat' dir='ltr'><strong>accipere</strong></span> <span class='ocrx_word' id='word_1_176' title='bbox 765 2139 824 2179; x_wconf 91' lang='lat' dir='ltr'><strong>non</strong></span> <span class='ocrx_word' id='word_1_177' title='bbox 838 2131 999 2198; x_wconf 83' lang='lat' dir='ltr'><strong>potuemnt,</strong></span> <span class='ocrx_word' id='word_1_178' title='bbox 1010 2120 1168 2180; x_wconf 83' lang='lat' dir='ltr'><strong>Catholicis</strong></span> <span class='ocrx_word' id='word_1_179' title='bbox 1181 2139 1269 2199; x_wconf 90' lang='lat' dir='ltr'><strong>copu-</strong></span> 
     </span>
     <span class='ocr_line' id='line_1_20' title="bbox 93 2202 275 2270; baseline 0.027 -4"><span class='ocrx_word' id='word_1_180' title='bbox 93 2202 151 2268; x_wconf 84' lang='lat' dir='ltr'><strong>ludi</strong></span> <span class='ocrx_word' id='word_1_181' title='bbox 161 2213 275 2270; x_wconf 81' lang='lat' dir='ltr'><strong>sunt.”⁸</strong></span> 
     </span>
    </p>

    <p class='ocr_par' dir='ltr' id='par_1_5' title="bbox 91 2303 1269 2584">
     <span class='ocr_line' id='line_1_21' title="bbox 120 2303 1269 2390; baseline 0.002 -20"><span class='ocrx_word' id='word_1_182' title='bbox 120 2303 200 2388; x_wconf 64' lang='grc' dir='ltr'><strong>Καρ.</strong></span> <span class='ocrx_word' id='word_1_183' title='bbox 223 2312 340 2370; x_wconf 81' lang='lat' dir='ltr'><strong>Fatetur</strong></span> <span class='ocrx_word' id='word_1_184' title='bbox 354 2312 416 2389; x_wconf 92' lang='lat' dir='ltr'><strong>ipse</strong></span> <span class='ocrx_word' id='word_1_185' title='bbox 431 2312 610 2390; x_wconf 85' lang='lat' dir='ltr'><strong>Binghamus</strong></span> <span class='ocrx_word' id='word_1_186' title='bbox 624 2314 788 2372; x_wconf 88' lang='lat' dir='ltr'><strong>unctionem</strong></span> <span class='ocrx_word' id='word_1_187' title='bbox 809 2313 970 2372; x_wconf 88' lang='lat' dir='ltr'><strong>chrismatis</strong></span> <span class='ocrx_word' id='word_1_188' title='bbox 984 2333 1043 2372; x_wconf 92' lang='lat' dir='ltr'><strong>non</strong></span> <span class='ocrx_word' id='word_1_189' title='bbox 1062 2330 1179 2390; x_wconf 86' lang='lat' dir='ltr'><strong>semper</strong></span> <span class='ocrx_word' id='word_1_190' title='bbox 1190 2312 1269 2372; x_wconf 88' lang='lat' dir='ltr'><strong>adhi-</strong></span> 
     </span>
     <span class='ocr_line' id='line_1_22' title="bbox 93 2403 1268 2487; baseline 0.004 -25"><span class='ocrx_word' id='word_1_191' title='bbox 93 2403 160 2468; x_wconf 76' lang='lat' dir='ltr'><strong>tien</strong></span> <span class='ocrx_word' id='word_1_192' title='bbox 173 2407 242 2468; x_wconf 91' lang='lat' dir='ltr'><strong>dum</strong></span> <span class='ocrx_word' id='word_1_193' title='bbox 256 2409 320 2468; x_wconf 76' lang='lat' dir='ltr'><strong>hec</strong></span> <span class='ocrx_word' id='word_1_194' title='bbox 333 2410 414 2470; x_wconf 87' lang='lat' dir='ltr'><strong>lieret</strong></span> <span class='ocrx_word' id='word_1_195' title='bbox 432 2429 569 2470; x_wconf 91' lang='lat' dir='ltr'><strong>manuum</strong></span> <span class='ocrx_word' id='word_1_196' title='bbox 590 2411 746 2487; x_wconf 86' lang='lat' dir='ltr'><strong>impositio,</strong></span> <span class='ocrx_word' id='word_1_197' title='bbox 760 2411 922 2487; x_wconf 84' lang='lat' dir='ltr'><strong>specialiter</strong></span> <span class='ocrx_word' id='word_1_198' title='bbox 935 2411 965 2469; x_wconf 91' lang='lat' dir='ltr'><strong>in</strong></span> <span class='ocrx_word' id='word_1_199' title='bbox 979 2410 1105 2487; x_wconf 90' lang='lat' dir='ltr'><strong>partibus</strong></span> <span class='ocrx_word' id='word_1_200' title='bbox 1127 2407 1268 2468; x_wconf 90' lang='lat' dir='ltr'><strong>Occiden-</strong></span> 
     </span>
     <span class='ocr_line' id='line_1_23' title="bbox 91 2503 1267 2584; baseline 0.002 -20"><span class='ocrx_word' id='word_1_201' title='bbox 91 2503 178 2565; x_wconf 76' lang='lat' dir='ltr'><strong>telibus.</strong></span> <span class='ocrx_word' id='word_1_202' title='bbox 220 2506 312 2584; x_wconf 81' lang='lat' dir='ltr'><strong>Igitur</strong></span> <span class='ocrx_word' id='word_1_203' title='bbox 334 2516 403 2566; x_wconf 89' lang='lat' dir='ltr'><strong>tunc</strong></span> <span class='ocrx_word' id='word_1_204' title='bbox 426 2509 527 2566; x_wconf 89' lang='lat' dir='ltr'><strong>saltem</strong></span> <span class='ocrx_word' id='word_1_205' title='bbox 553 2509 623 2566; x_wconf 89' lang='lat' dir='ltr'><strong>satis</strong></span> <span class='ocrx_word' id='word_1_206' title='bbox 651 2507 863 2567; x_wconf 84' lang='lat' dir='ltr'><strong>discernebatur</strong></span> <span class='ocrx_word' id='word_1_207' title='bbox 883 2509 918 2566; x_wconf 93' lang='lat' dir='ltr'><strong>ab</strong></span> <span class='ocrx_word' id='word_1_208' title='bbox 942 2526 977 2566; x_wconf 89' lang='lat' dir='ltr'><strong>ea</strong></span> <span class='ocrx_word' id='word_1_209' title='bbox 1001 2525 1065 2581; x_wconf 82' lang='lat' dir='ltr'><strong>que</strong></span> <span class='ocrx_word' id='word_1_210' title='bbox 1091 2507 1177 2565; x_wconf 86' lang='lat' dir='ltr'><strong>tiebat</strong></span> <span class='ocrx_word' id='word_1_211' title='bbox 1198 2505 1267 2566; x_wconf 90' lang='lat' dir='ltr'><strong>dum</strong></span> 
     </span>
    </p>

    <p class='ocr_par' dir='ltr' id='par_1_6' title="bbox 51 2586 1269 3465">
     <span class='ocr_line' id='line_1_24' title="bbox 51 2586 1269 2683; baseline 0.004 -24"><span class='ocrx_word' id='word_1_212' title='bbox 51 2586 54 2594; x_wconf 46' lang='lat'><strong>¹</strong></span> <span class='ocrx_word' id='word_1_213' title='bbox 91 2598 284 2664; x_wconf 75' lang='lat' dir='ltr'><strong>Sacramentum</strong></span> <span class='ocrx_word' id='word_1_214' title='bbox 298 2606 520 2665; x_wconf 84' lang='lat' dir='ltr'><strong>confirmationis</strong></span> <span class='ocrx_word' id='word_1_215' title='bbox 530 2606 651 2665; x_wconf 89' lang='lat' dir='ltr'><strong>daretur.</strong></span> <span class='ocrx_word' id='word_1_216' title='bbox 691 2605 809 2683; x_wconf 91' lang='lat' dir='ltr'><strong>Optimo</strong></span> <span class='ocrx_word' id='word_1_217' title='bbox 818 2604 933 2680; x_wconf 91' lang='lat' dir='ltr'><strong>quidem</strong></span> <span class='ocrx_word' id='word_1_218' title='bbox 942 2605 1074 2676; x_wconf 88' lang='lat' dir='ltr'><strong>consilio,</strong></span> <span class='ocrx_word' id='word_1_219' title='bbox 1084 2603 1269 2682; x_wconf 89' lang='lat' dir='ltr'><strong>etaptissimc</strong></span> 
     </span>
     <span class='ocr_line' id='line_1_25' title="bbox 93 2697 1269 2781; baseline 0.001 -22"><span class='ocrx_word' id='word_1_220' title='bbox 93 2697 133 2759; x_wconf 79' lang='lat' dir='ltr'><strong>u‘tu</strong></span> <span class='ocrx_word' id='word_1_221' title='bbox 153 2703 372 2781; x_wconf 90' lang='lat' dir='ltr'><strong>imponebantur</strong></span> <span class='ocrx_word' id='word_1_222' title='bbox 385 2721 497 2771; x_wconf 87' lang='lat' dir='ltr'><strong>manus,</strong></span> <span class='ocrx_word' id='word_1_223' title='bbox 512 2712 542 2761; x_wconf 90' lang='lat' dir='ltr'><strong>et</strong></span> <span class='ocrx_word' id='word_1_224' title='bbox 564 2704 653 2762; x_wconf 87' lang='lat' dir='ltr'><strong>oratio</strong></span> <span class='ocrx_word' id='word_1_225' title='bbox 676 2702 845 2762; x_wconf 85' lang='lat' dir='ltr'><strong>fundebatur</strong></span> <span class='ocrx_word' id='word_1_226' title='bbox 867 2714 899 2760; x_wconf 93' lang='lat' dir='ltr'><strong>ut</strong></span> <span class='ocrx_word' id='word_1_227' title='bbox 920 2702 978 2762; x_wconf 89' lang='lat' dir='ltr'><strong>illis</strong></span> <span class='ocrx_word' id='word_1_228' title='bbox 1003 2701 1115 2763; x_wconf 89' lang='lat' dir='ltr'><strong>daretur</strong></span> <span class='ocrx_word' id='word_1_229' title='bbox 1141 2701 1269 2780; x_wconf 81' lang='lat' dir='ltr'><strong>Spiritus</strong></span> 
     </span>
     <span class='ocr_line' id='line_1_26' title="bbox 92 2793 1266 2879; baseline 0.003 -22"><span class='ocrx_word' id='word_1_230' title='bbox 92 2793 167 2858; x_wconf 76' lang='lat' dir='ltr'><strong>tacti</strong></span> <span class='ocrx_word' id='word_1_231' title='bbox 178 2800 278 2860; x_wconf 92' lang='lat' dir='ltr'><strong>lumen</strong></span> <span class='ocrx_word' id='word_1_232' title='bbox 291 2810 321 2859; x_wconf 91' lang='lat' dir='ltr'><strong>ct</strong></span> <span class='ocrx_word' id='word_1_233' title='bbox 332 2801 429 2878; x_wconf 85' lang='lat' dir='ltr'><strong>gratia,</strong></span> <span class='ocrx_word' id='word_1_234' title='bbox 445 2820 530 2875; x_wconf 88' lang='lat' dir='ltr'><strong>quarn</strong></span> <span class='ocrx_word' id='word_1_235' title='bbox 545 2802 573 2859; x_wconf 89' lang='lat' dir='ltr'><strong>in</strong></span> <span class='ocrx_word' id='word_1_236' title='bbox 591 2801 694 2860; x_wconf 80' lang='lat' dir='ltr'><strong>heresi</strong></span> <span class='ocrx_word' id='word_1_237' title='bbox 715 2800 853 2875; x_wconf 87' lang='lat' dir='ltr'><strong>consequi</strong></span> <span class='ocrx_word' id='word_1_238' title='bbox 867 2820 925 2860; x_wconf 91' lang='lat' dir='ltr'><strong>non</strong></span> <span class='ocrx_word' id='word_1_239' title='bbox 939 2809 1077 2879; x_wconf 86' lang='lat' dir='ltr'><strong>poterant,</strong></span> <span class='ocrx_word' id='word_1_240' title='bbox 1092 2801 1160 2860; x_wconf 87' lang='lat' dir='ltr'><strong>licet</strong></span> <span class='ocrx_word' id='word_1_241' title='bbox 1170 2800 1266 2879; x_wconf 77' lang='lat' dir='ltr'><strong>signe·</strong></span> 
     </span>
     <span class='ocr_line' id='line_1_27' title="bbox 89 2893 1268 2975; baseline 0.003 -22"><span class='ocrx_word' id='word_1_242' title='bbox 89 2893 162 2956; x_wconf 84' lang='lat' dir='ltr'><strong>tulum</strong></span> <span class='ocrx_word' id='word_1_243' title='bbox 174 2898 237 2974; x_wconf 84' lang='lat' dir='ltr'><strong>ejus</strong></span> <span class='ocrx_word' id='word_1_244' title='bbox 252 2897 412 2956; x_wconf 85' lang='lat' dir='ltr'><strong>confirmati</strong></span> <span class='ocrx_word' id='word_1_245' title='bbox 426 2897 630 2975; x_wconf 88' lang='lat' dir='ltr'><strong>suscepissent.</strong></span> <span class='ocrx_word' id='word_1_246' title='bbox 672 2897 780 2956; x_wconf 88' lang='lat' dir='ltr'><strong>Manus</strong></span> <span class='ocrx_word' id='word_1_247' title='bbox 794 2897 941 2975; x_wconf 90' lang='lat' dir='ltr'><strong>impositio</strong></span> <span class='ocrx_word' id='word_1_248' title='bbox 952 2896 987 2956; x_wconf 89' lang='lat' dir='ltr'><strong>ad</strong></span> <span class='ocrx_word' id='word_1_249' title='bbox 998 2898 1110 2958; x_wconf 88' lang='lat' dir='ltr'><strong>veniam</strong></span> <span class='ocrx_word' id='word_1_250' title='bbox 1125 2907 1154 2956; x_wconf 89' lang='lat' dir='ltr'><strong>et</strong></span> <span class='ocrx_word' id='word_1_251' title='bbox 1167 2915 1268 2975; x_wconf 87' lang='lat' dir='ltr'><strong>pacem</strong></span> 
     </span>
     <span class='ocr_line' id='line_1_28' title="bbox 90 2987 1268 3074; baseline 0.004 -26"><span class='ocrx_word' id='word_1_252' title='bbox 90 2987 206 3055; x_wconf 77' lang='lat' dir='ltr'><strong>Ecclesia</strong></span> <span class='ocrx_word' id='word_1_253' title='bbox 221 2993 450 3074; x_wconf 84' lang='lat' dir='ltr'><strong>significandam,</strong></span> <span class='ocrx_word' id='word_1_254' title='bbox 460 2994 676 3055; x_wconf 83' lang='lat' dir='ltr'><strong>similitudinem</strong></span> <span class='ocrx_word' id='word_1_255' title='bbox 689 2997 804 3074; x_wconf 79' lang='lat' dir='ltr'><strong>gerebat</strong></span> <span class='ocrx_word' id='word_1_256' title='bbox 815 3015 881 3056; x_wconf 91' lang='lat' dir='ltr'><strong>cum</strong></span> <span class='ocrx_word' id='word_1_257' title='bbox 893 2995 941 3054; x_wconf 89' lang='lat' dir='ltr'><strong>illa</strong></span> <span class='ocrx_word' id='word_1_258' title='bbox 950 3015 1013 3069; x_wconf 82' lang='lat' dir='ltr'><strong>que</strong></span> <span class='ocrx_word' id='word_1_259' title='bbox 1025 2997 1109 3055; x_wconf 87' lang='lat' dir='ltr'><strong>tiebat</strong></span> <span class='ocrx_word' id='word_1_260' title='bbox 1122 2996 1152 3055; x_wconf 94' lang='lat' dir='ltr'><strong>in</strong></span> <span class='ocrx_word' id='word_1_261' title='bbox 1166 2995 1268 3055; x_wconf 89' lang='lat' dir='ltr'><strong>confir·</strong></span> 
     </span>
     <span class='ocr_line' id='line_1_29' title="bbox 89 3092 1268 3172; baseline 0.005 -26"><span class='ocrx_word' id='word_1_262' title='bbox 89 3092 201 3163; x_wconf 87' lang='lat' dir='ltr'><strong>natione,</strong></span> <span class='ocrx_word' id='word_1_263' title='bbox 215 3104 244 3153; x_wconf 93' lang='lat' dir='ltr'><strong>et</strong></span> <span class='ocrx_word' id='word_1_264' title='bbox 254 3092 378 3153; x_wconf 68' lang='lat' dir='ltr'><strong>euntbm</strong></span> <span class='ocrx_word' id='word_1_265' title='bbox 391 3094 423 3153; x_wconf 91' lang='lat' dir='ltr'><strong>in</strong></span> <span class='ocrx_word' id='word_1_266' title='bbox 437 3095 525 3153; x_wconf 85' lang='lat' dir='ltr'><strong>tinem</strong></span> <span class='ocrx_word' id='word_1_267' title='bbox 537 3092 676 3154; x_wconf 88' lang='lat' dir='ltr'><strong>destinata</strong></span> <span class='ocrx_word' id='word_1_268' title='bbox 689 3104 743 3165; x_wconf 91' lang='lat' dir='ltr'><strong>est,</strong></span> <span class='ocrx_word' id='word_1_269' title='bbox 759 3095 889 3169; x_wconf 87' lang='lat' dir='ltr'><strong>quamvis</strong></span> <span class='ocrx_word' id='word_1_270' title='bbox 903 3095 966 3172; x_wconf 78' lang='lat' dir='ltr'><strong>eJus</strong></span> <span class='ocrx_word' id='word_1_271' title='bbox 979 3094 1097 3152; x_wconf 85' lang='lat' dir='ltr'><strong>effectus</strong></span> <span class='ocrx_word' id='word_1_272' title='bbox 1109 3104 1184 3152; x_wconf 87' lang='lat' dir='ltr'><strong>totus</strong></span> <span class='ocrx_word' id='word_1_273' title='bbox 1199 3112 1268 3171; x_wconf 88' lang='lat' dir='ltr'><strong>pen·</strong></span> 
     </span>
     <span class='ocr_line' id='line_1_30' title="bbox 89 3181 1267 3271; baseline 0 -23"><span class='ocrx_word' id='word_1_274' title='bbox 89 3181 147 3248; x_wconf 82' lang='lat' dir='ltr'><strong>deret</strong></span> <span class='ocrx_word' id='word_1_275' title='bbox 158 3210 193 3251; x_wconf 86' lang='lat' dir='ltr'><strong>ex</strong></span> <span class='ocrx_word' id='word_1_276' title='bbox 207 3192 263 3269; x_wconf 90' lang='lat' dir='ltr'><strong>piis</strong></span> <span class='ocrx_word' id='word_1_277' title='bbox 278 3191 419 3251; x_wconf 75' lang='lat' dir='ltr'><strong>Ecclesia</strong></span> <span class='ocrx_word' id='word_1_278' title='bbox 433 3193 576 3269; x_wconf 85' lang='lat' dir='ltr'><strong>precibus,</strong></span> <span class='ocrx_word' id='word_1_279' title='bbox 591 3201 620 3250; x_wconf 89' lang='lat' dir='ltr'><strong>et</strong></span> <span class='ocrx_word' id='word_1_280' title='bbox 633 3191 736 3251; x_wconf 87' lang='lat' dir='ltr'><strong>devoto</strong></span> <span class='ocrx_word' id='word_1_281' title='bbox 745 3192 943 3271; x_wconf 76' lang='lat' dir='ltr'><strong>penitentium</strong></span> <span class='ocrx_word' id='word_1_282' title='bbox 959 3190 1073 3250; x_wconf 83' lang='lat' dir='ltr'><strong>affectu.</strong></span> <span class='ocrx_word' id='word_1_283' title='bbox 1105 3190 1267 3264; x_wconf 79' lang='lat' dir='ltr'><strong>Aliquando</strong></span> 
     </span>
     <span class='ocr_line' id='line_1_31' title="bbox 89 3280 1266 3368; baseline 0.002 -23"><span class='ocrx_word' id='word_1_284' title='bbox 89 3280 133 3359; x_wconf 79' lang='lat' dir='ltr'><strong>ipsa</strong></span> <span class='ocrx_word' id='word_1_285' title='bbox 144 3291 319 3350; x_wconf 88' lang='lat' dir='ltr'><strong>confirmatio</strong></span> <span class='ocrx_word' id='word_1_286' title='bbox 333 3289 459 3359; x_wconf 88' lang='lat' dir='ltr'><strong>dabatur,</strong></span> <span class='ocrx_word' id='word_1_287' title='bbox 474 3290 589 3368; x_wconf 91' lang='lat' dir='ltr'><strong>plurimi</strong></span> <span class='ocrx_word' id='word_1_288' title='bbox 613 3291 690 3349; x_wconf 88' lang='lat' dir='ltr'><strong>enim</strong></span> <span class='ocrx_word' id='word_1_289' title='bbox 718 3310 781 3349; x_wconf 91' lang='lat' dir='ltr'><strong>eam</strong></span> <span class='ocrx_word' id='word_1_290' title='bbox 802 3292 948 3368; x_wconf 84' lang='lat' dir='ltr'><strong>suscipere</strong></span> <span class='ocrx_word' id='word_1_291' title='bbox 972 3299 1053 3348; x_wconf 90' lang='lat' dir='ltr'><strong>autea</strong></span> <span class='ocrx_word' id='word_1_292' title='bbox 1066 3289 1266 3366; x_wconf 84' lang='lat' dir='ltr'><strong>neglexerant,</strong></span> 
     </span>
     <span class='ocr_line' id='line_1_32' title="bbox 89 3384 1267 3465; baseline -0.008 -13"><span class='ocrx_word' id='word_1_293' title='bbox 89 3385 144 3452; x_wconf 70' lang='lat' dir='ltr'><strong>llud</strong></span> <span class='ocrx_word' id='word_1_294' title='bbox 152 3387 184 3447; x_wconf 89' lang='lat' dir='ltr'><strong>de</strong></span> <span class='ocrx_word' id='word_1_295' title='bbox 194 3388 223 3448; x_wconf 92' lang='lat' dir='ltr'>N</span> <span class='ocrx_word' id='word_1_296' title='bbox 225 3389 365 3447; x_wconf 88' lang='lat' dir='ltr'><strong>oratianls</strong></span> <span class='ocrx_word' id='word_1_297' title='bbox 374 3396 494 3447; x_wconf 88' lang='lat' dir='ltr'><strong>constat.</strong></span> <span class='ocrx_word' id='word_1_298' title='bbox 517 3388 694 3465; x_wconf 86' lang='lat' dir='ltr'><strong>Exemplum</strong></span> <span class='ocrx_word' id='word_1_299' title='bbox 705 3407 821 3465; x_wconf 90' lang='lat' dir='ltr'><strong>precum</strong></span> <span class='ocrx_word' id='word_1_300' title='bbox 830 3389 912 3447; x_wconf 89' lang='lat' dir='ltr'><strong>nobis</strong></span> <span class='ocrx_word' id='word_1_301' title='bbox 923 3387 1084 3464; x_wconf 86' lang='lat' dir='ltr'><strong>suppeditat</strong></span> <span class='ocrx_word' id='word_1_302' title='bbox 1095 3384 1187 3443; x_wconf 85' lang='lat' dir='ltr'><strong>codex</strong></span> <span class='ocrx_word' id='word_1_303' title='bbox 1198 3384 1267 3443; x_wconf 87' lang='lat' dir='ltr'><strong>Gel-</strong></span> 
     </span>
    </p>

    <p class='ocr_par' dir='ltr' id='par_1_7' title="bbox 36 3466 1266 4038">
     <span class='ocr_line' id='line_1_33' title="bbox 36 3466 1266 3570; baseline 0.001 -32"><span class='ocrx_word' id='word_1_304' title='bbox 36 3560 41 3570; x_wconf 17' lang='grc' dir='ltr'><em>ὓ</em></span> <span class='ocrx_word' id='word_1_305' title='bbox 88 3466 199 3552; x_wconf 79' lang='lat' dir='ltr'><strong>lortensis,</strong></span> <span class='ocrx_word' id='word_1_306' title='bbox 211 3485 388 3563; x_wconf 83' lang='lat' dir='ltr'><strong>temporibus</strong></span> <span class='ocrx_word' id='word_1_307' title='bbox 401 3484 498 3544; x_wconf 82' lang='lat' dir='ltr'><strong>Caroli</strong></span> <span class='ocrx_word' id='word_1_308' title='bbox 521 3485 622 3562; x_wconf 84' lang='lat' dir='ltr'><strong>Magni</strong></span> <span class='ocrx_word' id='word_1_309' title='bbox 641 3494 782 3552; x_wconf 86' lang='lat' dir='ltr'><strong>exaratus,</strong></span> <span class='ocrx_word' id='word_1_310' title='bbox 804 3484 852 3559; x_wconf 94' lang='lat' dir='ltr'><strong>qui</strong></span> <span class='ocrx_word' id='word_1_311' title='bbox 874 3484 916 3542; x_wconf 88' lang='lat' dir='ltr'><strong>sic</strong></span> <span class='ocrx_word' id='word_1_312' title='bbox 933 3483 1037 3541; x_wconf 91' lang='lat' dir='ltr'><strong>habet:</strong></span> <span class='ocrx_word' id='word_1_313' title='bbox 1060 3481 1266 3540; x_wconf 86' lang='lat' dir='ltr'><strong>“Benedictio</strong></span> 
     </span>
     <span class='ocr_line' id='line_1_34' title="bbox 89 3579 1261 3656; baseline 0 -20"><span class='ocrx_word' id='word_1_314' title='bbox 89 3587 224 3653; x_wconf 68' lang='lat' dir='ltr'><strong>lupercos,</strong></span> <span class='ocrx_word' id='word_1_315' title='bbox 239 3582 290 3656; x_wconf 92' lang='lat' dir='ltr'><strong>qui</strong></span> <span class='ocrx_word' id='word_1_316' title='bbox 305 3579 340 3639; x_wconf 92' lang='lat' dir='ltr'><strong>de</strong></span> <span class='ocrx_word' id='word_1_317' title='bbox 354 3581 474 3640; x_wconf 81' lang='lat' dir='ltr'><strong>diversis</strong></span> <span class='ocrx_word' id='word_1_318' title='bbox 490 3581 646 3640; x_wconf 83' lang='lat' dir='ltr'><strong>heresibus</strong></span> <span class='ocrx_word' id='word_1_319' title='bbox 661 3583 778 3641; x_wconf 88' lang='lat' dir='ltr'><strong>veniunt</strong></span> <span class='ocrx_word' id='word_1_320' title='bbox 793 3601 801 3638; x_wconf 90' lang='lat'><strong>:</strong></span> <span class='ocrx_word' id='word_1_321' title='bbox 823 3580 948 3638; x_wconf 83' lang='lat' dir='ltr'><strong>‘Sancte</strong></span> <span class='ocrx_word' id='word_1_322' title='bbox 962 3580 1047 3639; x_wconf 89' lang='lat' dir='ltr'><strong>Pater</strong></span> <span class='ocrx_word' id='word_1_323' title='bbox 1067 3579 1261 3656; x_wconf 87' lang='lat' dir='ltr'><strong>omnipotens,</strong></span> 
     </span>
     <span class='ocr_line' id='line_1_35' title="bbox 89 3668 1263 3756; baseline 0.002 -23"><span class='ocrx_word' id='word_1_324' title='bbox 89 3671 124 3739; x_wconf 77' lang='lat' dir='ltr'><strong>tui</strong></span> <span class='ocrx_word' id='word_1_325' title='bbox 142 3668 275 3737; x_wconf 83' lang='lat' dir='ltr'><strong>ianiulum</strong></span> <span class='ocrx_word' id='word_1_326' title='bbox 299 3687 378 3736; x_wconf 90' lang='lat' dir='ltr'><strong>tuum</strong></span> <span class='ocrx_word' id='word_1_327' title='bbox 392 3679 427 3735; x_wconf 89' lang='lat' dir='ltr'><strong>ab</strong></span> <span class='ocrx_word' id='word_1_328' title='bbox 441 3695 536 3736; x_wconf 89' lang='lat' dir='ltr'><strong>errore</strong></span> <span class='ocrx_word' id='word_1_329' title='bbox 551 3677 694 3737; x_wconf 80' lang='lat' dir='ltr'><strong>hereseos</strong></span> <span class='ocrx_word' id='word_1_330' title='bbox 717 3677 848 3756; x_wconf 84' lang='lat' dir='ltr'><strong>dignatus</strong></span> <span class='ocrx_word' id='word_1_331' title='bbox 874 3695 906 3735; x_wconf 90' lang='lat' dir='ltr'><strong>es</strong></span> <span class='ocrx_word' id='word_1_332' title='bbox 927 3695 1036 3746; x_wconf 88' lang='lat' dir='ltr'><strong>eruere,</strong></span> <span class='ocrx_word' id='word_1_333' title='bbox 1050 3686 1079 3736; x_wconf 90' lang='lat' dir='ltr'><strong>et</strong></span> <span class='ocrx_word' id='word_1_334' title='bbox 1099 3676 1263 3737; x_wconf 77' lang='lat' dir='ltr'><strong>adstructam</strong></span> 
     </span>
     <span class='ocr_line' id='line_1_36' title="bbox 90 3761 1259 3849; baseline 0.007 -21"><span class='ocrx_word' id='word_1_335' title='bbox 90 3761 223 3835; x_wconf 73' lang='lat' dir='ltr'><strong>Ecclesiam</strong></span> <span class='ocrx_word' id='word_1_336' title='bbox 248 3778 393 3842; x_wconf 81' lang='lat' dir='ltr'><strong>revocare,</strong></span> <span class='ocrx_word' id='word_1_337' title='bbox 408 3794 573 3849; x_wconf 80' lang='lat' dir='ltr'><strong>quesumus</strong></span> <span class='ocrx_word' id='word_1_338' title='bbox 596 3786 623 3834; x_wconf 90' lang='lat' dir='ltr'><strong>te</strong></span> <span class='ocrx_word' id='word_1_339' title='bbox 644 3776 781 3846; x_wconf 90' lang='lat' dir='ltr'><strong>Domine,</strong></span> <span class='ocrx_word' id='word_1_340' title='bbox 806 3776 927 3835; x_wconf 89' lang='lat' dir='ltr'><strong>immitte</strong></span> <span class='ocrx_word' id='word_1_341' title='bbox 950 3776 979 3835; x_wconf 92' lang='lat' dir='ltr'><strong>in</strong></span> <span class='ocrx_word' id='word_1_342' title='bbox 994 3795 1060 3835; x_wconf 91' lang='lat' dir='ltr'><strong>eum</strong></span> <span class='ocrx_word' id='word_1_343' title='bbox 1087 3776 1259 3836; x_wconf 87' lang='lat' dir='ltr'><strong>Paraclitum</strong></span> 
     </span>
     <span class='ocr_line' id='line_1_37' title="bbox 92 3858 1262 3953; baseline 0.008 -29"><span class='ocrx_word' id='word_1_344' title='bbox 92 3858 200 3940; x_wconf 75' lang='lat' dir='ltr'><strong>Spiritum</strong></span> <span class='ocrx_word' id='word_1_345' title='bbox 223 3886 305 3932; x_wconf 90' lang='lat' dir='ltr'><strong>tuum</strong></span> <span class='ocrx_word' id='word_1_346' title='bbox 331 3872 538 3950; x_wconf 88' lang='lat' dir='ltr'><strong>septiformem,</strong></span> <span class='ocrx_word' id='word_1_347' title='bbox 562 3875 701 3951; x_wconf 86' lang='lat' dir='ltr'><strong>Spiritum</strong></span> <span class='ocrx_word' id='word_1_348' title='bbox 724 3875 871 3953; x_wconf 80' lang='lat' dir='ltr'><strong>sapientie</strong></span> <span class='ocrx_word' id='word_1_349' title='bbox 894 3883 923 3932; x_wconf 94' lang='lat' dir='ltr'><strong>et</strong></span> <span class='ocrx_word' id='word_1_350' title='bbox 945 3872 1115 3943; x_wconf 88' lang='lat' dir='ltr'><strong>intellectus,</strong></span> <span class='ocrx_word' id='word_1_351' title='bbox 1131 3874 1262 3952; x_wconf 90' lang='lat' dir='ltr'><strong>spiritum</strong></span> 
     </span>
     <span class='ocr_line' id='line_1_38' title="bbox 96 3968 524 4038; baseline 0.021 -19"><span class='ocrx_word' id='word_1_352' title='bbox 96 3968 183 4028; x_wconf 80' lang='lat' dir='ltr'><strong>csttsilii</strong></span> <span class='ocrx_word' id='word_1_353' title='bbox 196 3980 223 4029; x_wconf 89' lang='lat' dir='ltr'><strong>et</strong></span> <span class='ocrx_word' id='word_1_354' title='bbox 233 3969 439 4038; x_wconf 81' lang='lat' dir='ltr'><strong>fortitudinis,”</strong></span> <span class='ocrx_word' id='word_1_355' title='bbox 453 3970 524 4029; x_wconf 70' lang='lat' dir='ltr'><strong>dre.a</strong></span> 
     </span>
    </p>

    <p class='ocr_par' dir='ltr' id='par_1_8' title="bbox 94 4063 1362 4453">
     <span class='ocr_line' id='line_1_39' title="bbox 119 4063 1263 4147; baseline 0.002 -23"><span class='ocrx_word' id='word_1_356' title='bbox 119 4063 157 4122; x_wconf 78' lang='lat'><strong>29.</strong></span> <span class='ocrx_word' id='word_1_357' title='bbox 178 4066 242 4147; x_wconf 79' lang='lat' dir='ltr'><strong>obj.</strong></span> <span class='ocrx_word' id='word_1_358' title='bbox 262 4071 309 4126; x_wconf 86' lang='grc'><strong>13.</strong></span> <span class='ocrx_word' id='word_1_359' title='bbox 342 4067 502 4127; x_wconf 89' lang='lat' dir='ltr'><strong>Orientales</strong></span> <span class='ocrx_word' id='word_1_360' title='bbox 531 4076 561 4127; x_wconf 91' lang='lat' dir='ltr'><strong>et</strong></span> <span class='ocrx_word' id='word_1_361' title='bbox 589 4068 683 4127; x_wconf 76' lang='lat' dir='ltr'><strong>Graeci</strong></span> <span class='ocrx_word' id='word_1_362' title='bbox 711 4069 935 4128; x_wconf 87' lang='lat' dir='ltr'><strong>confirmationis</strong></span> <span class='ocrx_word' id='word_1_363' title='bbox 963 4068 1158 4136; x_wconf 73' lang='lat' dir='ltr'><strong>sacramento,</strong></span> <span class='ocrx_word' id='word_1_364' title='bbox 1180 4068 1263 4141; x_wconf 91' lang='lat' dir='ltr'><strong>quale</strong></span> 
     </span>
     <span class='ocr_line' id='line_1_40' title="bbox 94 4163 1263 4244; baseline 0.011 -30"><span class='ocrx_word' id='word_1_365' title='bbox 94 4165 223 4227; x_wconf 61' lang='lat' dir='ltr'><strong>umescunt</strong></span> <span class='ocrx_word' id='word_1_366' title='bbox 237 4164 395 4233; x_wconf 86' lang='lat' dir='ltr'><strong>Pontificii,</strong></span> <span class='ocrx_word' id='word_1_367' title='bbox 408 4174 522 4225; x_wconf 87' lang='lat' dir='ltr'><strong>carent:</strong></span> <span class='ocrx_word' id='word_1_368' title='bbox 545 4166 675 4240; x_wconf 81' lang='lat' dir='ltr'><strong>quamvis</strong></span> <span class='ocrx_word' id='word_1_369' title='bbox 696 4167 771 4225; x_wconf 90' lang='lat' dir='ltr'><strong>enim</strong></span> <span class='ocrx_word' id='word_1_370' title='bbox 787 4178 816 4225; x_wconf 91' lang='lat' dir='ltr'><strong>et</strong></span> <span class='ocrx_word' id='word_1_371' title='bbox 828 4166 885 4244; x_wconf 93' lang='lat' dir='ltr'><strong>ipsi</strong></span> <span class='ocrx_word' id='word_1_372' title='bbox 899 4175 1044 4244; x_wconf 78' lang='lat' dir='ltr'><strong>unguento</strong></span> <span class='ocrx_word' id='word_1_373' title='bbox 1065 4163 1187 4239; x_wconf 89' lang='lat' dir='ltr'><strong>quodum</strong></span> <span class='ocrx_word' id='word_1_374' title='bbox 1203 4183 1263 4227; x_wconf 86' lang='lat' dir='ltr'><strong>vet·</strong></span> 
     </span>
     <span class='ocr_line' id='line_1_41' title="bbox 95 4247 1308 4349; baseline 0.003 -30"><span class='ocrx_word' id='word_1_375' title='bbox 95 4247 158 4314; x_wconf 76' lang='lat' dir='ltr'><strong>ticam</strong></span> <span class='ocrx_word' id='word_1_376' title='bbox 170 4260 276 4334; x_wconf 81' lang='lat' dir='ltr'><strong>liniant,</strong></span> <span class='ocrx_word' id='word_1_377' title='bbox 289 4262 387 4323; x_wconf 90' lang='lat' dir='ltr'><strong>unctio</strong></span> <span class='ocrx_word' id='word_1_378' title='bbox 397 4263 459 4322; x_wconf 86' lang='lat' dir='ltr'><strong>haec</strong></span> <span class='ocrx_word' id='word_1_379' title='bbox 472 4263 547 4323; x_wconf 87' lang='lat' dir='ltr'><strong>inter</strong></span> <span class='ocrx_word' id='word_1_380' title='bbox 556 4265 690 4342; x_wconf 88' lang='lat' dir='ltr'><strong>baptismi</strong></span> <span class='ocrx_word' id='word_1_381' title='bbox 702 4265 771 4323; x_wconf 85' lang='lat' dir='ltr'><strong>ritus</strong></span> <span class='ocrx_word' id='word_1_382' title='bbox 787 4262 950 4342; x_wconf 87' lang='lat' dir='ltr'><strong>reponenda</strong></span> <span class='ocrx_word' id='word_1_383' title='bbox 963 4274 1015 4334; x_wconf 90' lang='lat' dir='ltr'><strong>est,</strong></span> <span class='ocrx_word' id='word_1_384' title='bbox 1031 4265 1064 4323; x_wconf 87' lang='lat' dir='ltr'><strong>fit</strong></span> <span class='ocrx_word' id='word_1_385' title='bbox 1076 4262 1153 4322; x_wconf 89' lang='lat' dir='ltr'><strong>enim</strong></span> <span class='ocrx_word' id='word_1_386' title='bbox 1168 4262 1263 4323; x_wconf 83' lang='lat' dir='ltr'><strong>statim</strong></span> <span class='ocrx_word' id='word_1_387' title='bbox 1301 4340 1308 4349; x_wconf 32' lang='grc' dir='ltr'>ι</span> 
     </span>
     <span class='ocr_line' id='line_1_42' title="bbox 95 4354 1362 4453; baseline 0.001 -33"><span class='ocrx_word' id='word_1_388' title='bbox 95 4359 145 4416; x_wconf 78' lang='lat' dir='ltr'><strong>pest</strong></span> <span class='ocrx_word' id='word_1_389' title='bbox 153 4354 325 4435; x_wconf 79' lang='lat' dir='ltr'><strong>baptismum,</strong></span> <span class='ocrx_word' id='word_1_390' title='bbox 339 4370 369 4421; x_wconf 90' lang='lat' dir='ltr'><strong>ct</strong></span> <span class='ocrx_word' id='word_1_391' title='bbox 382 4380 399 4420; x_wconf 91' lang='lat' dir='ltr'><strong>a</strong></span> <span class='ocrx_word' id='word_1_392' title='bbox 413 4361 633 4421; x_wconf 85' lang='lat' dir='ltr'><strong>Sacerdotibus:</strong></span> <span class='ocrx_word' id='word_1_393' title='bbox 657 4381 721 4436; x_wconf 80' lang='lat' dir='ltr'><strong>que</strong></span> <span class='ocrx_word' id='word_1_394' title='bbox 732 4361 891 4439; x_wconf 80' lang='lat' dir='ltr'><strong>discipline</strong></span> <span class='ocrx_word' id='word_1_395' title='bbox 906 4361 934 4421; x_wconf 90' lang='lat' dir='ltr'><strong>ei</strong></span> <span class='ocrx_word' id='word_1_396' title='bbox 947 4381 1033 4436; x_wconf 83' lang='lat' dir='ltr'><strong>quem</strong></span> <span class='ocrx_word' id='word_1_397' title='bbox 1046 4358 1131 4420; x_wconf 81' lang='lat' dir='ltr'><strong>refert</strong></span> <span class='ocrx_word' id='word_1_398' title='bbox 1148 4356 1262 4449; x_wconf 62' lang='lat' dir='ltr'><strong>Tertulj</strong></span> <span class='ocrx_word' id='word_1_399' title='bbox 1348 4416 1362 4453; x_wconf 27' lang='grc' dir='ltr'><strong>ὅ..</strong></span> 
     </span>
    </p>
   </div>
   <div class='ocr_carea' id='block_1_3' title="bbox 258 4553 1302 4813">
    <p class='ocr_par' dir='ltr' id='par_1_9' title="bbox 258 4553 1302 4813">
     <span class='ocr_line' id='line_1_43' title="bbox 262 4553 931 4620; baseline 0.006 -18"><span class='ocrx_word' id='word_1_400' title='bbox 262 4555 304 4620; x_wconf 90' lang='lat' dir='ltr'><strong>(l)</strong></span> <span class='ocrx_word' id='word_1_401' title='bbox 323 4553 459 4605; x_wconf 85' lang='lat' dir='ltr'><strong>Scholastic</strong></span> <span class='ocrx_word' id='word_1_402' title='bbox 471 4553 564 4619; x_wconf 85' lang='lat' dir='ltr'><strong>history</strong></span> <span class='ocrx_word' id='word_1_403' title='bbox 577 4554 606 4603; x_wconf 84' lang='lat' dir='ltr'><strong>os</strong></span> <span class='ocrx_word' id='word_1_404' title='bbox 612 4554 652 4619; x_wconf 84' lang='lat' dir='ltr'><strong>lay</strong></span> <span class='ocrx_word' id='word_1_405' title='bbox 663 4555 775 4619; x_wconf 87' lang='lat' dir='ltr'><strong>baptism,</strong></span> <span class='ocrx_word' id='word_1_406' title='bbox 786 4571 808 4607; x_wconf 85' lang='lat' dir='ltr'><strong>c.</strong></span> <span class='ocrx_word' id='word_1_407' title='bbox 818 4557 835 4606; x_wconf 85' lang='lat' dir='ltr'><strong>i.</strong></span> <span class='ocrx_word' id='word_1_408' title='bbox 842 4571 868 4606; x_wconf 87' lang='lat' dir='ltr'><strong>n.</strong></span> <span class='ocrx_word' id='word_1_409' title='bbox 879 4555 931 4606; x_wconf 86' lang='lat' dir='ltr'><strong>xxi.</strong></span> 
     </span>
     <span class='ocr_line' id='line_1_44' title="bbox 264 4640 1285 4707; baseline 0.006 -18"><span class='ocrx_word' id='word_1_410' title='bbox 264 4642 306 4707; x_wconf 78' lang='lat'><strong>(2)</strong></span> <span class='ocrx_word' id='word_1_411' title='bbox 325 4641 372 4706; x_wconf 82' lang='lat' dir='ltr'><strong>Ep</strong></span> <span class='ocrx_word' id='word_1_412' title='bbox 384 4641 410 4691; x_wconf 92' lang='lat' dir='ltr'><strong>ii.</strong></span> <span class='ocrx_word' id='word_1_413' title='bbox 419 4642 449 4692; x_wconf 85' lang='lat' dir='ltr'><strong>ad</strong></span> <span class='ocrx_word' id='word_1_414' title='bbox 459 4641 553 4692; x_wconf 84' lang='lat' dir='ltr'><strong>Rustic.</strong></span> <span class='ocrx_word' id='word_1_415' title='bbox 563 4640 674 4692; x_wconf 83' lang='lat' dir='ltr'><strong>Narbon.</strong></span> <span class='ocrx_word' id='word_1_416' title='bbox 685 4642 777 4705; x_wconf 87' lang='lat' dir='ltr'><strong>laquis.</strong></span> <span class='ocrx_word' id='word_1_417' title='bbox 785 4642 853 4694; x_wconf 77' lang='lat' dir='ltr'><strong>xviit</strong></span> <span class='ocrx_word' id='word_1_418' title='bbox 1282 4664 1285 4671; x_wconf 95' lang='lat'>·</span> 
     </span>
     <span class='ocr_line' id='line_1_45' title="bbox 258 4674 1302 4813; baseline 0.002 -36"><span class='ocrx_word' id='word_1_419' title='bbox 258 4724 1055 4795; x_wconf 73' lang='lat' dir='ltr'><strong>(a)comutecoustantcotees.Tom.i.0pist.1tom.1²oattt</strong></span> <span class='ocrx_word' id='word_1_420' title='bbox 1116 4796 1120 4803; x_wconf 33' lang='grc' dir='ltr'>Ι</span> <span class='ocrx_word' id='word_1_421' title='bbox 1155 4792 1168 4813; x_wconf 35' lang='lat' dir='ltr'>x</span> <span class='ocrx_word' id='word_1_422' title='bbox 1190 4763 1200 4778; x_wconf 33' lang='grc' dir='ltr'>κ</span> <span class='ocrx_word' id='word_1_423' title='bbox 1265 4674 1302 4766; x_wconf 50' lang='lat' dir='ltr'>a</span> 
     </span>
    </p>
   </div>
   <div class='ocr_carea' id='block_1_4' title="bbox 0 0 1392 5056">
    <p class='ocr_par' dir='ltr' id='par_1_10' title="bbox 0 0 1392 5056">
     <span class='ocr_line' id='line_1_46' title="bbox 0 0 1392 5056; baseline 0 0"><span class='ocrx_word' id='word_1_424' title='bbox 0 0 1392 5056; x_wconf 95' lang='lat' dir='ltr'><strong> </strong></span> 
     </span>
    </p>
   </div>
  </div>
 </body>
</html>
