2812 5062
319 312 377 373 DE
398 310 705 373 INSTITUTIONE
727 311 1039 383 EUOHARISTIAE.
1201 313 1257 372 147

57 472 225 533 universam
239 490 293 530 suo
315 481 444 549 tempore
458 490 539 530 saera
559 471 698 548 mysteria
718 471 888 540 celebrasse,
910 490 947 530 ex
968 471 1052 530 firma
1074 470 1258 548 persuasione

56 568 140 627 illam
164 568 329 628 alimoniam
344 587 401 641 qua
421 587 525 646 eorpus
550 568 680 636 nutritur,
702 569 874 627 eucharistia
898 568 981 636 faeta,
1002 567 1126 626 solemni
1147 567 1257 625 seilicet

60 684 159 745 prese,
173 667 235 725 fieri
246 667 382 725 inoarnati
395 665 466 725 Jesu
479 685 592 725 earnem
607 677 635 725 et
648 667 827 743 sanguinem,
840 667 907 739 quia
919 665 1053 724 Christus
1067 665 1155 724 dixit:
1169 664 1258 723 “Hos

60 773 109 823 est
120 782 224 840 eorpus
238 762 367 831 meum,’'
390 772 410 799 “
421 761 480 822 Hic
494 774 538 821 est
551 764 667 840 sanguis
683 762 797 830 meus,'’
812 773 842 822 et
850 763 939 840 jussit
952 763 990 820 ita
1004 763 1065 821 fieri
1080 763 1108 820 in
1124 765 1168 820 sui
1183 780 1260 820 oom-

61 860 308 921 memorationem.
349 859 494 919 lntellexit
517 861 602 938 igitur
626 860 707 919 beata
727 861 776 919 illa
795 871 873 928 atas,
895 860 1068 936 Apostolioae
1089 859 1259 936 propinqua,

62 956 175 1017 Christi
189 958 275 1016 verba
294 958 379 1016 obvio
400 975 508 1026 sensu;
530 968 559 1016 et
573 976 679 1024 veram,
701 957 807 1016 realem
829 968 857 1015 et
879 956 1092 1015 substantialem
1108 956 1171 1033 ejus
1193 973 1263 1032 pra·

63 1055 188 1114 sentiam
203 1055 234 1112 in
249 1055 433 1114 Sacramenta
448 1056 573 1132 agnovit.

104 1152 154 1207 59.
175 1149 208 1207 S.
223 1148 374 1218 Iaanmm,
391 1149 568 1210 Marcionem
583 1150 633 1223 qui
654 1150 865 1227 phantasticum
886 1169 993 1228 corpus
1010 1148 1131 1208 Christo
1156 1148 1262 1206 adseri·

62 1242 158 1312 habat,
173 1262 296 1318 eumque
316 1245 407 1304 filium
422 1263 487 1304 esse
501 1245 558 1304 Dei
572 1266 589 1304 a
601 1265 695 1305 rerum
710 1245 856 1304 conditore
878 1246 993 1315 diversi,
1010 1247 1085 1305 hune
1106 1246 1183 1303 enim
1205 1264 1262 1303 non

63 1358 232 1418 supremum
257 1341 416 1400 Dominum
444 1341 574 1411 habebat,
595 1343 748 1420 repellens,
764 1344 820 1402 ait:
856 1341 1039 1410 “Quomodo
1068 1354 1161 1400 autera
1185 1342 1266 1418 juste

64 1436 223 1507 Dominus,
237 1439 263 1496 si
287 1440 402 1498 alterius
417 1440 510 1500 Patris
530 1441 638 1510 existit,
653 1443 739 1519 hujus
760 1442 942 1509 conditionis,
958 1460 1021 1514 quae
1042 1451 1087 1499 est
1106 1439 1264 1499 secundum

65 1553 134 1604 mus,
147 1536 291 1613 accipiens
307 1555 411 1613 panem
426 1556 530 1614 eorpus
545 1557 629 1597 suum
644 1539 841 1607 confitebatur,
856 1549 885 1596 et
899 1548 1155 1614 temperamentum
1170 1536 1267 1593 calicis

66 1633 116 1690 sui
131 1633 301 1709 sanguinem
317 1633 516 1692 confirmavitl
557 1635 597 1694 Et
617 1654 704 1708 quare
729 1655 761 1694 se
775 1636 866 1694 filium
885 1634 1011 1694 hominis
1026 1633 1221 1700 confitebatur,
1243 1632 1268 1688 si

66 1748 205 1790 aeneam
221 1748 284 1803 quae
299 1749 336 1789 ex
357 1729 474 1790 homine
489 1743 543 1801 est,
555 1733 768 1810 generationem
783 1733 967 1791 sustinuisset
977 1731 1024 1788 l''¹
1065 1731 1170 1789 Probat
1183 1730 1269 1806 igitur

64 1826 220 1901 Christum
234 1845 298 1885 esss
312 1827 419 1886 Filium
434 1828 501 1898 Dei,
512 1848 607 1889 rerum
622 1830 767 1896 creatoris,
780 1830 847 1903 quia
860 1839 967 1887 creatas
981 1847 1025 1885 res
1040 1828 1070 1885 in
1085 1828 1270 1884 Sacramenta

65 1922 208 1992 adhibuit,
223 1932 252 1981 et
275 1943 379 2000 panem
403 1944 506 2002 eorpus
520 1945 604 1985 suum
619 1927 814 1995 confitebatur,
830 1938 859 1983 et
876 1925 973 1984 vinum
988 1943 1062 1997 aqna
1078 1933 1266 1999 temperatum

63 2038 156 2079 suum
170 2021 340 2097 sanguinem
355 2023 544 2082 confirmavit.
580 2022 712 2104 Credidit
723 2024 808 2099 igitur
823 2022 950 2082 ireneus
965 2039 1069 2097 panem
1084 2038 1150 2078 vere
1165 2020 1270 2078 laetum

63 2137 174 2196 eorpus
186 2118 307 2187 Christi,
322 2121 419 2180 vinum
434 2140 500 2180 vere
515 2122 619 2180 sautum
634 2141 698 2180 esse
719 2122 783 2199 ejus
806 2121 986 2198 sanguinem.
1029 2119 1080 2176 Sia
1093 2127 1122 2175 et
1136 2119 1269 2191 sequenti

64 2215 163 2275 libro:
185 2225 206 2252 ‘⁴
218 2215 295 2274 Eum
310 2217 427 2278 salicem
442 2219 492 2292 qui
506 2231 550 2278 est
563 2231 689 2278 ereatura
702 2238 786 2278 suum
801 2219 969 2294 sanguinem
984 2215 1150 2288 quieffusus
1165 2225 1218 2281 est,
1234 2233 1271 2272 ex

65 2331 130 2386 quo
144 2325 229 2389 auget
241 2323 368 2373 nostrum
384 2318 564 2394 sanguinem,
579 2327 608 2374 et
618 2328 684 2375 eum
700 2334 803 2393 panem
815 2317 864 2388 qui
879 2323 924 2372 est
933 2323 1060 2370 ereatura
1070 2330 1154 2369 suum
1168 2330 1273 2387 eorpus

64 2410 332 2469 eoofirmavie-asv
349 2412 399 2469 ἀπὸ
421 2416 523 2476 κτίσεως
538 2415 611 2483 ἄρτον
630 2411 692 2468 ibim
713 2419 782 2481 σῶμα
803 2409 1073 2478 methodorum-ex
1095 2426 1152 2480 quo
1177 2418 1274 2466 nostra

68 2518 157 2585 auget
170 2506 338 2584 corpora.”²
376 2506 570 2581 Augmentum
585 2501 640 2560 hoe
661 2499 696 2558 de
717 2499 884 2577 resurgendi
911 2502 1013 2561 virtute
1039 2504 1149 2562 videtur
1169 2504 1272 2562 intelli·

69 2603 209 2682 gendum,
224 2603 259 2662 de
273 2601 479 2662 resurreetione
494 2599 572 2657 enirn
586 2617 652 2657 oum
665 2597 804 2655 hareticis
819 2597 963 2657 Irenaeum
978 2619 1060 2677 agere
1075 2601 1176 2674 liquet.

114 2703 163 2759 60.
185 2699 217 2757 S.
232 2702 426 2758 Asnanasrus
442 2697 497 2754 ait:
515 2694 663 2771 “Corpus
684 2703 729 2752 est
748 2694 794 2751 eui
823 2693 910 2752 dicit:
934 2695 1009 2754 Sede
1024 2717 1040 2754 a
1054 2696 1161 2756 dextris
1188 2701 1271 2758 meis.
1340 2770 1343 2775 ι

72 2799 133 2859 Per
145 2797 222 2871 quod
235 2815 340 2874 eorpus
355 2794 490 2854 Pontifex
500 2804 529 2851 et
542 2793 698 2867 Apostolus
713 2792 774 2861 suit,
790 2805 819 2850 et
832 2793 924 2852 dietus
939 2806 992 2863 est,
1010 2795 1109 2855 dicens
1137 2817 1188 2875 per
1202 2797 1272 2856 illud

71 2895 154 2970 quod
164 2896 246 2954 uobis
258 2893 372 2953 tradidit
382 2893 570 2969 mysterium:
597 2890 664 2948 Hae
677 2900 722 2948 est
735 2908 840 2967 eorpus
855 2910 962 2961 meum,
978 2893 1054 2966 quod
1071 2906 1122 2971 pro
1134 2896 1228 2964 vobis,
1244 2906 1273 2952 et

70 2993 193 3070 sanguis
208 2993 276 3051 novi
289 2988 479 3055 Testamenti,
498 3006 557 3046 nou
571 2987 685 3055 veteris,
697 3004 750 3062 pro
765 2987 845 3045 vobis
860 2987 981 3046 effusus.
1022 2989 1165 3049 Divinitas
1180 3000 1275 3050 autem

74 3106 172 3161 neque
192 3105 307 3164 eorpus,
323 3103 416 3158 neque
437 3083 606 3160 sanguinem
626 3081 722 3150 habet,
737 3081 789 3140 sed
810 3082 858 3141 ille
879 3102 965 3156 quern
986 3103 1023 3143 ex
1038 3086 1132 3144 Maria
1146 3088 1273 3164 gestabat

74 3183 215 3245 homo.'’³
1278 3246 1292 3265 ψ

121 3285 169 3340 61.
191 3281 223 3338 S.
237 3279 390 3338 Cumanus
405 3276 736 3336 Hmnusouvurranus:
759 3276 886 3341 “Quum
902 3295 972 3354 ergo
984 3278 1048 3354 ipse
1060 3276 1195 3337 Christus
1210 3298 1275 3356 pro-

76 3378 251 3441 nuntiaverit
259 3387 288 3436 et
298 3375 401 3435 dixerit
415 3375 450 3433 de
465 3393 556 3452 pane:
580 3374 653 3432 ‘boo
667 3385 711 3432 est
724 3392 827 3449 eorpus
843 3375 961 3442 meum,’
973 3377 1038 3450 quis
1059 3375 1173 3436 audebit
1196 3376 1276 3436 dein·
1326 3358 1328 3363 Ι

75 3497 150 3556 seps
177 3476 344 3554 ambigere?
371 3484 400 3534 et
413 3494 479 3534 oum
500 3474 563 3551 ipse
583 3472 801 3541 adseveraverit,
816 3483 844 3531 et
864 3472 988 3533 dixerit:
1012 3474 1077 3532 ‘hio
1099 3487 1143 3532 est
1157 3476 1274 3552 sanguia

78 3575 184 3645 meus,’
197 3575 263 3649 quis
276 3592 403 3647 unquam
414 3572 591 3641 dubitaverit,
604 3573 683 3631 aiens
697 3591 756 3631 uon
770 3589 835 3629 esse
848 3572 911 3649 ejus
922 3573 1092 3650 sauguinem
1101 3572 1150 3630 l”⁴

121 3677 170 3733 62.
192 3673 225 3731 S.
239 3670 377 3730 Joarvrvrrs
399 3669 636 3731 Guavsosrouus
650 3669 706 3727 ait:
729 3668 824 3727 “Deo
839 3669 925 3745 igitur
946 3670 1051 3744 ubique
1076 3671 1278 3745 obsequamur,

78 3789 136 3833 uec
159 3768 385 3830 uonuadioamus
397 3769 435 3837 ei,
449 3767 562 3827 etiamsi
576 3766 606 3826 id
620 3765 697 3841 quod
710 3766 789 3835 dioit,
801 3767 904 3826 rationi
917 3777 947 3826 et
959 3767 1153 3846 intelligentie
1174 3774 1278 3830 nostra

79 3868 255 3930 eouuarium
275 3865 421 3925 videatur:
443 3864 495 3923 sed
520 3864 672 3942 prevaleat
694 3865 758 3942 ejus
785 3882 881 3924 sermo
901 3865 1004 3925 rationi
1030 3877 1059 3925 st
1083 3867 1278 3946 intelligentie

79 3977 198 4027 uuam.
239 3963 290 4021 Sia
310 3963 395 4022 etiam
417 3962 447 4021 in
462 3962 608 4040 mysteriis
622 3961 771 4032 iaciamus,
785 3981 844 4022 uon
857 3981 893 4021 ea
905 3963 1001 4021 solum
1015 3981 1079 4037 quar
1094 3965 1147 4024 sub
1162 3984 1280 4025 sensum

77 4061 189 4123 eadunt
200 4060 387 4138 respicientes
399 4079 408 4128 ς
430 4058 482 4119 sed
496 4059 584 4119 verba
595 4060 659 4137 ejus
673 4060 839 4129 retinentes,
881 4059 1011 4119 Verbum
1032 4061 1142 4139 quippe
1157 4063 1221 4140 ejus
1234 4063 1285 4122 sal·

78 4161 141 4223 lere
155 4159 267 4234 aequit,
280 4176 387 4217 sensus
401 4155 469 4217 verd
490 4168 588 4217 noster
611 4157 693 4218 saeile
713 4157 864 4236 decipitur.
905 4158 1034 4220 Verbum
1048 4160 1110 4237 ejus
1126 4179 1285 4236 numquam

283 4316 325 4382 (l)
342 4313 373 4366 L.
384 4315 417 4367 iv.
428 4315 484 4367 adv.
494 4314 554 4367 uer.
563 4333 585 4369 a.
596 4319 648 4370 lvii.

287 4402 330 4468 (2)
349 4399 381 4451 L.
392 4400 485 4452 maii.
1027 4432 1033 4443 ·

285 4486 326 4552 (³)
343 4484 1063 4552 mmspameusmoaasmnuoammdiuogoit

295 4570 335 4637 (4)
355 4567 486 4622 Cateohasi
497 4570 559 4623 nii.
