2812 5062
154 343 214 400 284
412 338 469 401 DE
489 336 764 401 ADORATIONE
784 338 1096 403 nucuomsulm.

149 498 200 560 bilr
223 515 299 558 nexo
312 497 464 576 conjuncta
475 507 519 556 est
537 496 717 577 hypostatica
729 498 846 559 unione.
886 499 976 578 Igitur
990 498 1117 562 adoratio
1130 498 1255 561 debetur
1267 499 1310 570 ei,
1321 501 1352 560 in

156 595 339 657 sacramento
353 614 419 655 vera
433 596 578 674 praesenti.

601 805 890 851 sumwvunmouns.

188 952 256 1008 285.
293 948 401 1009 prater
424 948 583 1009 solemnem
609 939 829 1009 celebrationem
852 948 1041 1010 institutionis
1058 950 1242 1012 sanctissimi
1265 952 1352 1031 hujus

148 1047 325 1108 sacramenti
338 1064 401 1122 quar
415 1046 484 1105 seria
495 1046 593 1121 quinta
606 1046 722 1124 majoris
736 1046 921 1108 bebdomada
935 1046 977 1118 fit,
991 1048 1152 1110 institutum
1174 1058 1221 1110 est
1244 1049 1352 1111 festum

148 1146 224 1221 qnod
238 1145 339 1206 dicitnr
352 1142 465 1223 Corpus
476 1142 612 1213 Domini,
625 1163 699 1204 anno
710 1148 797 1215 1246,
807 1145 842 1203 ab
852 1145 1078 1225 Archiepiscopo
1090 1144 1253 1219 Tolosano,
1269 1148 1349 1224 quod

148 1243 184 1303 ad
198 1242 359 1302 universam
371 1240 531 1301 Ecclesiam
546 1259 621 1300 anno
638 1244 713 1300 126³
725 1241 853 1300 extendit
867 1241 1001 1302 Urbanus
1016 1240 1069 1303 lv,
1111 1239 1181 1304 Non
1190 1243 1303 1305 tantum
1318 1244 1350 1305 in

148 1341 274 1419 templis,
288 1338 340 1398 sed
360 1351 389 1398 et
403 1339 547 1416 persicos
562 1337 684 1398 solemni
698 1357 806 1416 pompa
829 1336 1085 1399 circumferebatur
1095 1336 1192 1401 hostia
1204 1358 1300 1411 sacra,
1318 1351 1353 1401 nt

148 1439 279 1517 publicus
306 1436 397 1497 honor
418 1434 536 1494 Christo
557 1434 736 1504 tribueretur,
751 1434 825 1494 sicut
849 1436 919 1495 olim
940 1436 1107 1497 solemniter
1126 1457 1191 1498 arca
1210 1436 1271 1499 lata
1290 1448 1347 1499 est.

148 1533 378 1613 supplicationes
392 1532 447 1591 illa
461 1531 553 1591 adhuc
566 1530 640 1590 fiunt
653 1532 683 1590 in
693 1532 857 1610 regionibus
872 1532 1041 1592 Catholicis.

186 1635 256 1691 286.
278 1628 449 1689 Benedictio
464 1627 643 1687 Sanctissimi
656 1629 833 1689 sacramenti
847 1629 904 1689 diei
913 1631 988 1690 solet
996 1631 1068 1690 ritus
1081 1630 1178 1690 minus
1192 1628 1350 1704 solemnis,

148 1746 205 1802 quo
225 1724 359 1786 Christus
373 1726 403 1784 in
424 1724 609 1783 Sacramenta
621 1724 733 1793 colitur,
748 1724 946 1786 benedictione
959 1725 987 1786 ei
1001 1726 1120 1804 prolata,
1133 1745 1171 1787 so
1184 1745 1278 1789 sensu
1288 1746 1349 1805 qno

148 1828 179 1886 in
192 1820 370 1901 Apocalypsi
384 1821 477 1899 angeli
490 1830 520 1880 ct
532 1821 661 1881 seniores
675 1821 774 1881 dicunt
781 1824 1009 1884 benedictionem
1023 1822 1135 1884 sedenti
1147 1822 1181 1884 in
1193 1825 1305 1887 throno
1319 1837 1352 1887 ct

149 1925 257 2001 Agna.¹
298 1918 449 1980 Benedicit
470 1920 555 1980 etiam
572 1917 705 1978 sacerdos
725 1920 844 1999 populo,
859 1922 933 1982 elato
947 1923 977 1982 in
1001 1920 1118 1982 modum
1138 1922 1235 1984 crucia
1249 1926 1352 1987 Sacra·

148 2030 256 2089 mento,
271 2017 356 2079 nullis
370 2027 464 2078 autem
479 2019 595 2096 prolatis
609 2017 714 2076 vorbis.

613 2173 657 2243 (1)
677 2173 768 2227 nstv.
782 2177 820 2225 1a.
