2774 5056
83 340 123 398 so
202 299 210 308 “
437 339 494 400 ue
516 340 637 401 mono
657 341 938 431 nsrmznnnt„

85 498 167 558 sione
191 500 312 559 conferri
333 504 442 577 posse.²
482 500 707 578 Presbyteriani⁹
720 519 735 558 e
750 511 855 568 contra,
870 511 898 557 et
923 497 1150 576 Episcopaliani,
1165 507 1193 554 et
1208 493 1274 554 Me·

86 595 216 655 thodistae
233 596 300 655 alias
312 615 424 670 quoque
439 598 602 676 baptizandi
616 599 738 656 rationes
754 609 920 676 agnoscunt.

25 742 30 765 ,
128 695 175 750 63.
199 692 346 750 Catholica
360 692 492 751 Ecclesia
505 712 619 751 omnem
635 695 735 770 probat
748 692 909 771 baptizandi
924 693 1073 759 rationem,
1089 710 1140 749 seu
1161 690 1275 747 immer-

25 774 30 827 3
86 790 178 858 sione,
194 808 244 847 seu
264 789 416 857 infusione,
431 809 481 848 seu
503 791 679 868 aspersione,
692 809 756 863 quae
778 791 888 849 scilicet
911 789 1008 848 haberi
1031 789 1123 866 possit
1144 785 1273 862 eorporis

24 946 30 967 ¹
87 887 210 960 ablutior
231 885 282 944 sed
296 887 403 946 ordinis
418 907 512 956 causa,
527 906 593 946 eum
608 889 714 946 servari
735 888 862 965 praecipit
876 888 957 944 ritum
974 887 1023 959 qui
1038 885 1165 944 invaluit.
1206 881 1277 941 Ideo

24 970 30 1039 i
87 983 229 1041 infusione
241 982 408 1059 plerumque
420 984 586 1059 baptizatur,
600 984 787 1061 immergendi
797 984 851 1041 ritu
864 984 892 1042 in
905 982 1036 1040 Ecclesia
1052 979 1274 1044 Mediolanensi,

28 1096 32 1161 ζ
87 1090 117 1138 et
130 1080 204 1157 a'pud
220 1080 338 1139 Graecos
353 1091 471 1149 retento,
487 1083 616 1155 quamvis
629 1081 702 1158 apud
718 1083 770 1139 bos
786 1101 842 1140 non
856 1094 943 1139 totum
956 1081 1150 1156 submergatur
1161 1096 1275 1153 corpus,

31 1188 35 1247 j
87 1177 137 1235 sed
152 1196 241 1255 puero
255 1179 283 1236 in
299 1177 374 1236 fonte
389 1198 493 1256 magna
505 1197 542 1237 ex
567 1193 646 1255 parte
665 1179 806 1246 demerso,
822 1179 905 1255 capiti
920 1179 982 1255 ejus
1005 1175 1168 1234 infundatur
1181 1192 1274 1246 aqua:

29 1262 34 1277 '¹
88 1295 151 1351 quae
165 1277 236 1335 ratio
249 1277 412 1353 baptizandi
427 1277 503 1355 apud
516 1289 624 1335 veteres
640 1297 716 1354 saepe
731 1278 861 1335 obtinuit.
894 1275 1053 1335 Orientales
1065 1275 1149 1332 etiam
1164 1274 1278 1330 immer-

27 1354 49 1456 ιχ
87 1375 169 1433 sione
184 1374 353 1451 plerumque
368 1386 500 1443 utuntur;
516 1375 659 1433 infusione
673 1375 718 1433 vel
732 1376 896 1452 aspersione
911 1376 1149 1446 nonnumquam.⁸

51 1456 54 1461 ’
128 1473 176 1527 64.
199 1469 244 1527 De
266 1471 361 1531 valore
383 1471 517 1548 baptismi
541 1472 684 1529 infusione
709 1491 760 1529 seu
784 1472 949 1548 aspersione
964 1469 1057 1528 collati
1078 1489 1136 1527 non
1158 1469 1277 1526 habetur

87 1567 219 1644 specialis
235 1567 372 1637 definitio,
384 1570 450 1643 quia
463 1571 654 1628 controversia
668 1570 730 1627 haee
744 1570 882 1627 recentior
897 1582 959 1635 est;
975 1568 1025 1626 sed
1040 1586 1077 1625 ex
1088 1567 1236 1625 ritualibus
1248 1577 1277 1622 et

88 1683 125 1723 ex
139 1662 344 1723 consuetudine
360 1666 508 1733 Ecclesiae,
523 1667 612 1740 liquet
632 1679 780 1740 utramque
802 1668 904 1725 uslere.
947 1663 1177 1741 “baptismum”
1194 1663 1281 1720 verba

88 1773 155 1820 sunt
169 1762 290 1820 Ritualis
306 1764 440 1832 Romani,
455 1774 476 1801 ‘⁸
486 1764 552 1823 licet
565 1765 627 1824 fieri
641 1767 734 1842 possit
747 1775 795 1823 aut
808 1783 859 1842 per
873 1764 1045 1822 infusionem
1060 1781 1152 1835 aquae,
1167 1758 1282 1838 autper

87 1856 312 1928 immersionem,
327 1872 373 1920 aut
395 1881 447 1938 per
459 1864 672 1941 aspersionem3
694 1864 804 1940 primus
819 1873 923 1930 tamen,
938 1861 985 1920 vel
1006 1859 1148 1918 secundus
1163 1857 1278 1925 modus,

89 1957 139 2030 qui
153 1955 244 2033 magis
259 1957 368 2015 suntin
382 1976 447 2026 usu,
462 1976 514 2035 pro
536 1958 730 2017 Ecclesiamnr
752 1957 957 2016 consuetudine
978 1956 1166 2023 retineantur;
1190 1954 1229 2012 ita
1248 1962 1280 2010 ut

86 2052 160 2111 trina
181 2053 324 2111 ablutione
345 2064 430 2132 caput
450 2054 614 2131 baptizandi
638 2055 829 2133 perfundatur,
843 2055 889 2112 vel
909 2055 1092 2130 immergatur
1105 2053 1135 2109 in
1157 2050 1278 2109 modum

88 2149 179 2208 crucis
194 2169 251 2208 uno
266 2159 293 2208 et
307 2149 409 2209 eodem
431 2161 557 2228 tempore
579 2171 636 2225 quo
657 2154 742 2210 verba
766 2153 954 2230 proferuntur,
969 2161 997 2208 et
1020 2149 1096 2208 idem
1118 2150 1155 2206 sit
1176 2165 1282 2221 aquam

89 2246 226 2307 adhibens
254 2257 283 2306 et
304 2250 390 2307 verba
416 2249 648 2327 pronuntians.”⁴
688 2250 778 2309 Porro
804 2249 956 2308 concilium
984 2247 1187 2305 Tridentinum
1216 2263 1282 2318 quae

87 2346 196 2407 obtinet
209 2345 238 2404 in
254 2344 386 2404 Ecclesia
401 2346 532 2405 Romana
545 2347 580 2405 de
601 2349 751 2426 Baptismo
775 2346 931 2405 doctrinam
953 2363 1048 2403 veram
1068 2362 1143 2411 esse,
1158 2341 1283 2401 solemni

88 2441 146 2502 isto
160 2460 280 2511 canone,
295 2442 441 2502 definivit:
458 2453 477 2482 ‘⁸
488 2443 521 2502 Si
535 2445 599 2518 quis
610 2444 722 2511 dixerit,
735 2444 765 2502 in
778 2442 911 2504 Ecclesia
921 2442 1061 2510 Romana,
1073 2460 1139 2514 quae
1151 2438 1284 2499 omnium

91 2538 288 2601 Ecclesiarum
316 2552 404 2599 mater
426 2553 470 2598 est
494 2551 522 2599 et
542 2544 685 2620 magistra,
706 2560 765 2601 non
786 2560 851 2600 esse
871 2559 966 2599 veram
981 2538 1017 2597 de
1040 2540 1173 2617 baptismi
1193 2556 1287 2596 sacra·

89 2647 187 2697 meato
202 2637 380 2706 doctrinam
395 2637 544 2696 anathema
558 2638 642 2696 sit.’'⁵

594 2851 777 2893 monastrio.

138 2989 218 3051 Vola
231 2990 397 3068 baptismus
410 2988 561 3070 infusione
574 2989 621 3049 acl
632 2992 801 3068 aspersione
815 2990 948 3051 collatas.

131 3089 283 3148 Probatur
296 3088 323 3147 Ι.
338 3106 374 3147 ee
391 3086 565 3166 Scripturas.
1298 3142 1301 3149 .

132 3190 181 3245 65.
203 3186 337 3243 Christus
351 3185 417 3244 dum
432 3185 594 3262 baptizandi
609 3205 711 3244 munus
726 3187 871 3263 Apostolis
886 3184 1077 3252 demandaret,
1087 3185 1143 3243 illis
1158 3205 1190 3244 se
1205 3185 1256 3245 adt
1273 3220 1288 3234 ·

93 3293 185 3342 turum
201 3283 343 3360 pollicitus
358 3295 401 3340 est
415 3282 450 3340 ad
464 3284 549 3341 fiuem
565 3303 655 3357 usque
671 3284 779 3350 mundi,
795 3285 870 3357 qaod
886 3303 953 3341 sane
969 3282 1004 3339 de
1018 3301 1117 3340 eorum
1133 3302 1287 3343 successo·

77 3381 178 3455 vribus,
188 3379 288 3438 eodem
297 3379 479 3456 fungentibus
492 3378 792 3447 munere‚'necessarid
805 3378 1022 3457 intelligendum
1037 3380 1106 3438 eset
1126 3380 1208 3458 Ergo
1220 3381 1286 3439 fieri

92 3497 249 3553 numquam
264 3479 367 3556 poterit
380 3488 411 3537 ut
424 3479 548 3537 obtineat
562 3479 637 3557 apud
651 3478 855 3556 Apostolorum
870 3498 1060 3545 successores,
1076 3479 1168 3551 iisqne
1184 3480 1288 3555 probe·

50 3655 57 3683 ¹
90 3584 137 3633 tur
150 3575 311 3653 baptizandi
327 3575 396 3634 ratio
410 3595 427 3632 a
442 3575 550 3634 Christi
564 3577 691 3635 instituto
706 3575 805 3634 aliena.
847 3577 979 3634 Attamen
994 3576 1074 3634 omni
1094 3575 1201 3634 seculo
1216 3576 1288 3652 bap·

128 3785 171 3849 (1)
190 3791 204 3814 ‘¹
215 3783 366 3845 lmmersion,
378 3800 406 3832 or
415 3784 517 3849 dipping
527 3785 556 3834 of
569 3785 610 3835 the
620 3801 708 3849 person
718 3786 745 3834 in
757 3793 837 3843 water,
848 3785 870 3834 is
887 3801 1013 3849 necessary
1024 3793 1051 3835 to
1060 3785 1102 3834 tha
1113 3785 1161 3835 dua
1172 3785 1293 3837 adminis-

92 3869 182 3931 tration
193 3871 222 3919 af
235 3869 284 3918 this
296 3869 425 3918 ordinence
434 3868 449 3892 ”
485 3870 579 3934 Baptin
591 3871 736 3920 confession
746 3872 775 3919 of
787 3871 854 3928 faith,
866 3870 904 3920 cb.
913 3887 972 3919 xxx.

127 3955 170 4021 (2)
190 3962 205 3984 ‘⁴
216 3954 326 4019 Dipping
337 3955 366 4003 of
378 3954 418 4003 the
430 3970 517 4018 person
529 3956 581 4003 into
592 3958 633 4004 the
650 3965 724 4003 water
735 3957 756 4002 is
768 3966 811 4004 not
827 3972 967 4018 necessaryr
984 3957 1027 4004 but
1043 3956 1147 4019 baptism
1159 3957 1181 4004 is
1196 3956 1293 4022 rightly

92 4039 264 4090 administered
275 4041 307 4104 by
319 4039 430 4104 pouring,
442 4055 469 4086 or
480 4039 616 4103 sprinkling
627 4048 701 4088 water
712 4055 743 4088 on
756 4039 804 4110 the¹
814 4039 924 4104 person.''
959 4038 1126 4104 Presbyterian
1138 4038 1293 4092 Confession

92 4125 122 4176 of
134 4125 216 4186 Faith,
226 4125 264 4175 ab.
276 4125 361 4174 xxviii.
373 4141 398 4174 n.
409 4124 444 4175 iit.

126 4214 169 4280 (3)
187 4212 301 4278 Euoplie.

127 4297 171 4364 (4)
191 4297 288 4351 Rituale
300 4297 370 4347 Rom.
387 4296 426 4346 Ds
436 4296 513 4346 forme
522 4297 586 4362 bapt

42 4372 44 4379 ’
125 4383 168 4450 (5)
188 4384 252 4432 Sese.
265 4382 306 4432 vii.
324 4381 386 4430 Can.
398 4381 432 4430 iii.
699 4430 704 4442 ,

127 4468 170 4533 (b)
191 4467 290 4532 Optime
301 4465 472 4517 Oxonrensesr
489 4471 505 4496 ‘¹
514 4465 540 4514 N
542 4483 580 4516 oa
591 4481 641 4531 you
653 4465 702 4514 will
719 4466 778 4526 find,
792 4467 875 4532 (Matt.
887 4467 970 4516 xxviii.
984 4468 1023 4526 19,
1035 4467 1088 4532 20,)
1101 4467 1154 4518 that
1165 4484 1213 4518 our
1224 4469 1313 4522 Lora·

92 4553 214 4619 promised
226 4560 252 4604 to
263 4554 293 4603 be
303 4552 363 4602 with
383 4551 431 4601 His
442 4552 563 4616 Apostles,
575 4553 602 4601 in
622 4551 684 4601 their
695 4551 817 4602 character
836 4554 864 4601 of
877 4552 984 4603 tenebere
1001 4551 1049 4600 and
1070 4553 1188 4616 baptizare
1205 4555 1235 4606 οἰ
1249 4558 1296 4610 th.

94 4641 200 4700 nations,
212 4640 311 4704 always,
322 4655 384 4689 even
395 4644 457 4690 anto
466 4636 506 4690 tte
520 4638 570 4690 end
583 4638 615 4707 of
626 4636 665 4688 tbc
681 4637 782 4690 norld.''
817 4639 866 4690 vot
877 4640 893 4692 i·
904 4636 997 4698 Trscts,
1007 4639 1056 4693 No
1069 4642 1109 4691 29.
