2812 5062
153 292 213 348 ⁶210
602 286 658 346 DE
679 286 903 347 LITURGIIS.

155 446 332 507 distribuitur
343 445 444 512 libros,
459 462 581 518 quorum
597 445 706 522 primus
720 446 780 523 agit
793 443 828 504 dc
841 443 1005 525 mysteriis,
1019 463 1072 504 scu
1091 445 1128 505 dc
1140 445 1218 505 astrui
1232 441 1348 513 circulo,

155 561 206 622 per
219 562 305 618 quem
319 542 504 609 celebrantur,
519 540 663 600 secundus
685 541 720 600 dc
741 540 902 600 thuls'tiit
918 539 1107 611 &umorum
1121 545 1224 601 tertius
1236 552 1285 601 est
1296 556 1349 619 pro

156 638 325 700 Dominicis
339 638 443 698 diebus
457 647 522 715 post
535 637 738 697 Pentecosten.
780 637 896 697 Tertius
918 638 1011 698 codex
1033 648 1078 697 est
1096 639 1171 698 liber
1184 639 1349 698 Sacnmen·

155 750 249 796 torum
264 736 397 813 Gregorii
418 734 463 802 M,
485 734 535 807 qni
559 735 634 811 apud
656 735 807 812 plerasque
828 733 994 794 Occidentis
1015 736 1164 795 Ecclesiae
1186 744 1349 815 usurpem,

154 832 293 910 plurimas
308 832 454 889 varietates
469 849 571 906 passus
590 844 643 889 cst.

196 930 265 985 203.
288 926 415 1003 Liturgia
429 926 617 984 Ambrosisua
631 924 733 984 dicitur
753 943 818 998 quac
840 927 869 984 iu
891 925 1024 985 Ecclesia
1044 927 1262 987 Mediolanensi
1275 946 1350 987 usur·

158 1036 224 1102 pata
235 1043 253 1082 a
265 1032 374 1081 remota
383 1021 463 1081 valde
477 1022 643 1095 antiquitate
656 1041 673 1079 a
693 1023 726 1080 S.
741 1022 895 1081 Ambrosio
909 1025 1055 1101 recognita
1067 1034 1121 1090 cst,
1135 1034 1165 1083 et
1179 1025 1210 1083 iu
1223 1022 1350 1083 ordinem

157 1121 282 1181 redacta.

199 1222 269 1277 204.
291 1218 418 1295 liturgia
429 1216 579 1275 Gallicana
589 1216 691 1275 dicitur
702 1236 765 1291 qum
780 1228 843 1276 urite
858 1216 956 1276 Caroli
969 1218 1071 1295 Magni
1084 1229 1215 1296 tempora
1228 1218 1351 1283 adhibita
1393 1188 1396 1303 i

159 1326 205 1375 est
217 1316 249 1372 iu
270 1314 385 1382 Galliis,
406 1313 459 1372 sed
478 1314 575 1381 cessit,
595 1315 659 1391 ipso
680 1327 790 1391 agente,
813 1314 960 1373 Romane.
1002 1315 1152 1375 Habentur
1173 1316 1273 1393 plures
1293 1316 1351 1394 ejus

159 1411 284 1480 codices,
299 1430 420 1485 qnorum
434 1411 523 1484 aliqui
536 1410 571 1469 ad
586 1422 718 1469 octavum
732 1412 870 1469 saeculum
884 1412 1052 1480 referuntur,
1067 1413 1112 1470 vel
1125 1412 1162 1471 ad
1175 1413 1341 1489 septimum.

199 1512 269 1567 205.
292 1507 418 1585 [liturgia
432 1506 625 1574 Mozauabica,
635 1525 698 1580 quae
707 1517 736 1565 et
747 1507 1027 1583 Hispanicadicitur,
1039 1525 1073 1565 ea
1082 1520 1127 1567 ast
1136 1527 1194 1582 qua
1206 1510 1352 1569 utebantur

161 1606 296 1683 Hispani,
306 1605 446 1664 Arabibus
461 1604 682 1671 dominantibus,
692 1604 823 1663 solebant
835 1606 912 1663 euim
928 1606 958 1665 hi
973 1606 1151 1665 Mostarabcs
1164 1607 1210 1665 vel
1221 1607 1352 1667 Mossra·

160 1705 222 1772 bes,
237 1703 385 1780 Hispanos
399 1720 511 1769 vocare,
526 1702 613 1761 veluti
627 1708 713 1760 extro
726 1700 852 1770 Arabes,
871 1704 911 1761 uti
927 1721 983 1763 vox
996 1704 1045 1761 illa
1057 1705 1228 1781 explicatur.
1271 1704 1353 1763 Dicta

159 1800 303 1859 astutiam
321 1797 595 1876 Gotho-hispanae,
610 1809 639 1856 et
653 1796 923 1877 Gotho-gallicano.
938 1800 1006 1873 quia
1020 1800 1125 1859 Gothis
1138 1799 1352 1861 dominantibus

160 1907 243 1956 antea
256 1895 406 1973 Hispaniis
420 1905 450 1954 et
463 1895 565 1955 Gallie
579 1894 768 1964 meridionali,
782 1897 912 1973 usurpari
923 1897 1090 1956 consuerit:
1105 1916 1219 1974 magne
1235 1897 1352 1976 proinde

159 2004 206 2053 est
224 1994 409 2067 antiquitatis.
438 2002 442 2021 ¹

201 2090 265 2149 Hac
291 2090 369 2148 brevi
390 2089 582 2166 Liturgiarum
607 2089 707 2147 notitia
725 2089 882 2165 promissa,
905 2107 991 2162 qnam
1016 2107 1053 2148 cx
1077 2088 1150 2149 libro
1173 2089 1210 2148 dc
1231 2092 1354 2165 antiquis

160 2188 296 2266 liturgiis
325 2207 343 2244 a
371 2186 540 2246 Thsobaldo
564 2186 701 2245 Licnhart
727 2197 791 2245 ante
813 2205 919 2263 paucos
945 2204 1035 2246 annos
1056 2187 1158 2257 edito,¹
1182 2190 1353 2267 compendio

162 2282 277 2352 damus,
289 2293 486 2360 argumentum
497 2283 592 2360 ipsum
602 2280 638 2339 de
649 2281 885 2351 reeuehariatica,
898 2281 1041 2361 quodjam
1052 2283 1257 2355 iudicavimus,
1266 2285 1353 2345 usius

159 2378 362 2456 exponendum
376 2387 430 2436 cst.

666 2608 848 2650 Puoooslolo.

207 2763 290 2832 Vera,
306 2764 404 2832 realia,
419 2772 446 2823 et
460 2763 667 2823 substantialis
683 2766 844 2843 prasentia
858 2767 987 2845 eorporis
1002 2776 1030 2828 ct
1049 2773 1216 2849 sauguinis
1231 2772 1353 2835 Domini

162 2863 258 2920 nostri
271 2861 344 2920 Jesu
368 2862 480 2920 Christi
493 2862 526 2921 in
544 2861 733 2923 Sacramento
759 2864 952 2935 eucharistiae,
976 2874 1004 2926 ct
1023 2871 1352 2935 transubstantiationis

160 2959 272 3036 dogma
285 2959 394 3018 inuicte
408 2958 649 3019 demonstrantur
671 2979 707 3020 ec
720 2961 856 3040 liturgiis
881 2964 1019 3024 omnibus
1041 2969 1276 3046 antiquissimis,
1295 2979 1351 3033 toto

160 3056 227 3114 orbe
240 3055 400 3113 christiano
412 3057 576 3132 usurpatis.

200 3156 271 3210 200.
293 3151 454 3210 Probatur.
475 3153 604 3229 Liturgia
618 3154 650 3212 S.
665 3154 776 3225 Jacubi,
794 3161 879 3236 juxta
898 3161 1026 3222 codicem
1041 3165 1071 3222 iu
1086 3164 1268 3227 Bibliotheca
1281 3180 1352 3228 vete·

161 3269 224 3308 rum
239 3250 366 3316 Patrum,
387 3249 594 3308 invocationem
617 3253 743 3310 continet
767 3255 890 3332 Spiritus
912 3259 1030 3318 Sancti:
1054 3271 1073 3298 “
1087 3261 1128 3320 Ut
1148 3266 1351 3340 superveniens

161 3359 259 3405 sancta
272 3359 300 3404 ct
314 3347 388 3404 bona
399 3356 427 3403 et
440 3345 565 3422 gloriosa
579 3365 630 3404 sua
640 3353 789 3425 praesentia
798 3356 956 3414 sanctificet
967 3368 995 3414 et
1005 3377 1147 3418 nrntcrsr
1158 3379 1244 3420 nunc
1254 3381 1353 3422 rursu

161 3464 271 3504 cunnus
294 3462 430 3503 assurum
458 3444 587 3504 Cantent
609 3465 671 3506 nur.
712 3451 815 3535 Amen.
857 3453 906 3512 Er
930 3474 1061 3515 cmrcnn
1083 3477 1166 3517 nunc
1187 3478 1352 3520 rnnrrosun

162 3561 335 3600 ssuuurnnru
349 3542 478 3601 Gnarsrr
492 3561 553 3601 rut.
595 3546 736 3604 Amen.”⁵¹
775 3550 854 3609 Alter
864 3552 956 3610 codex
973 3573 1058 3628 quem
1073 3557 1190 3615 exhibet
1204 3559 1351 3618 Renaudo

163 3642 218 3694 tius
242 3641 342 3696 habet:
366 3650 386 3675 ‘⁶
400 3653 429 3696 ut
449 3639 604 3699 adveniens
624 3643 728 3703 efficiat
748 3665 851 3722 panem
873 3650 959 3708 istum
981 3671 1085 3729 corpus
1106 3654 1235 3724 coelcste,
1251 3676 1351 3734 corpus

163 3736 311 3792 animabus
325 3748 353 3792 ct
366 3739 531 3812 corporibus
546 3740 666 3799 salutem
682 3756 828 3820 praestans,
844 3766 947 3824 corpus
960 3751 1078 3809 Domini
1094 3751 1149 3810 Dei
1163 3755 1352 3813 ctSalvatoris

165 3831 252 3886 nostri
266 3831 335 3887 Jesu
358 3831 476 3899 Christi,
493 3835 521 3890 iu
546 3839 747 3898 remissionem
771 3855 961 3918 peccatorum,
978 3860 1006 3904 et
1027 3849 1111 3906 vitam
1134 3862 1269 3910 aeternam
1285 3852 1354 3910 acci·

163 3927 306 4001 pientibus
318 3927 419 3986 illud.”
449 3929 577 4005 Populus
593 3933 676 3993 dicit:
701 3946 720 3972 ‘⁶
733 3939 858 3997 Amen.”
900 3952 918 3977 “
931 3943 971 4000 Et
986 3946 1186 4019 mistumquod
1201 3960 1245 4007 est
1255 3949 1287 4008 in
1301 3949 1353 4008 hoc

166 4025 265 4091 colice,
292 4026 398 4084 efficiat
428 4029 595 4103 sanguinem
617 4033 795 4095 Testamenti
816 4041 893 4108 novi,
915 4042 1083 4118 sanguinem
1104 4045 1267 4114 salutarem,
1296 4066 1355 4104 san-

164 4122 280 4199 gninem
295 4123 449 4191 vivificum,
464 4127 632 4202 sanguinum
648 4131 802 4201 coelestem,
812 4140 980 4213 sanguinem
992 4140 1139 4199 animabus
1149 4153 1177 4201 at
1189 4145 1354 4222 corporibus

164 4219 285 4278 salutem
308 4230 498 4296 praestantem,
520 4227 687 4302 sanguinem
712 4229 830 4289 Domini
853 4235 941 4293 nostri
962 4235 1034 4294 Jesu
1056 4237 1176 4308 Christi,
1199 4241 1229 4300 iu
1257 4243 1355 4302 remis·

462 4435 504 4501 (l)
524 4438 686 4502 Argentorati,
701 4444 774 4493 1829.

461 4520 504 4585 (2)
524 4520 679 4576 bibliotheca
691 4526 791 4581 Petrum
802 4538 819 4581 t
830 4530 855 4581 ii.
866 4531 923 4605 edit
933 4531 1049 4597 Lugduu.
