2774 5056
403 210 460 273 DE
480 210 763 274 eenhamensi
784 212 1047 276 eumenum
1259 216 1329 274 m·

371 616 389 655 :t
437 600 450 651 i
548 626 556 645 ι

244 584 491 901 Whffi
621 754 762 817 CAPUT
784 757 837 816 xl.

17 972 21 977 ’
87 914 199 1097 ἱ[ΎᾸΙ
370 990 1082 1049 unrnsuannnnwaasunurs.

58 1214 66 1251 ,-
82 1249 89 1259 ι
164 1177 238 1235 25⁰.
261 1172 403 1235 Martinus
422 1176 562 1246 Bucems,
578 1196 595 1236 e
609 1176 800 1237 Dominicaua
813 1177 920 1236 familia
933 1187 1071 1256 apostata,
1087 1178 1236 1238 verhomm
1258 1197 1317 1239 am·

123 1272 266 1351 bigoitate
286 1284 315 1333 et
327 1272 443 1334 fallendi
456 1273 550 1334 studio
565 1275 748 1342 notissimus,
760 1273 938 1335 Lutheranos
959 1294 1025 1335 cum
1047 1275 1278 1335 Sacramentariis
1292 1287 1324 1336 ut

123 1368 303 1439 conciliaret,
318 1369 467 1437 Christum
481 1371 510 1429 in
525 1370 695 1429 eucharistia
709 1369 808 1429 adesse
823 1369 930 1440 docuit,
950 1371 1002 1430 sed
1022 1371 1053 1430 in
1072 1373 1183 1431 actione
1203 1381 1322 1440 tautum,

125 1466 199 1527 dnm
212 1468 389 1528 sumeretur:
409 1467 466 1527 hoc
480 1468 590 1526 scilicet
604 1478 686 1546 pacto
701 1468 736 1527 iis
754 1468 824 1527 savit
844 1469 893 1542 qui
914 1468 970 1527 fide
990 1469 1206 1547 suscipientium
1222 1468 1324 1528 Chris·

127 1574 192 1624 tum
205 1564 316 1643 percipi
331 1565 493 1635 tradebant3
515 1565 653 1633 Luthero,
668 1565 826 1643 praesentire
847 1565 1038 1634 consessione,
1050 1566 1224 1645 gratificans.
1265 1564 1324 1626 Hie

124 1671 226 1723 nmen
239 1664 380 1725 nonsatis
401 1663 430 1722 id
444 1663 551 1732 habuit,
566 1663 617 1722 sed
632 1681 683 1742 per
703 1673 791 1722 totam
806 1664 947 1723 actionem
969 1664 1209 1724 Sacramentalem
1225 1663 1325 1724 Chris·
1383 1671 1387 1724 '2

126 1766 190 1818 tum
204 1756 305 1817 adesse
325 1757 465 1819 definivit.
505 1758 672 1818 Kemnitius
693 1778 760 1818 eum
780 1760 896 1837 agnodt
915 1769 1086 1837 presentem
1107 1760 1137 1820 in
1158 1761 1194 1819 iis
1215 1761 1324 1820 actibus

128 1854 181 1929 qui
193 1872 261 1914 cum
275 1872 358 1914 crana
378 1866 593 1925 connectuntur,
609 1856 697 1914 veluti
720 1855 788 1915 dum
810 1855 980 1915 eucharistia
1000 1857 1087 1935 paulo
1100 1868 1168 1935 post
1181 1857 1216 1916 ad
1238 1877 1326 1937 egro·

128 1959 224 2011 tantas
236 1949 369 2011 defertur.
410 1952 544 2012 Ecclesia
555 1951 705 2011 Catholica
720 1954 936 2012 conversionem
951 1953 1034 2030 panis
1048 1964 1077 2012 et
1089 1954 1147 2012 sini
1157 1954 1187 2012 iu
1196 1955 1327 2014 substan·
1375 1942 1383 2033 Ἰ

128 2048 200 2108 tiam
226 2049 355 2127 corporis
382 2059 412 2108 et
435 2050 581 2128 sanguinis
607 2047 718 2109 Christi
743 2050 912 2128 predicans,
938 2068 1005 2109 enm
1030 2049 1127 2110 adorat
1155 2064 1324 2129 presentem

129 2145 269 2239 quam-diu
283 2157 434 2239 servao‘trn
447 2148 559 2229 species
580 2148 809 2229 sacramentales,
824 2157 853 2206 et
873 2148 1051 2207 anathemate
1072 2149 1135 2207 serit
1154 2149 1326 2208 contrarium

128 2260 272 2303 mmmm:
295 2244 358 2303 “Si
372 2246 437 2319 quis
452 2243 565 2313 dixerit,
580 2254 694 2322 peracta
707 2244 920 2303 consecratione
935 2247 964 2302 in
979 2243 1134 2302 admirabili
1150 2244 1326 2302 eucharistie

128 2340 317 2400 Sacramento
331 2359 468 2400 neeesse
491 2360 595 2418 corpus
618 2350 647 2399 et
671 2341 839 2419 sanguinem
863 2340 982 2398 Domini
1007 2338 1097 2398 nostri
1116 2338 1188 2399 Jesu
1204 2339 1325 2408 Christi,

128 2434 184 2496 sed
194 2446 305 2497 tautam
319 2437 349 2496 in
364 2456 428 2506 usu,
443 2436 512 2497 dum
526 2438 657 2506 sumitur,
671 2457 730 2497 nou
744 2447 838 2496 autem
850 2436 968 2495 antemi
982 2449 1057 2514 post,
1072 2445 1101 2494 et
1115 2437 1143 2495 in
1158 2435 1260 2495 hostiis
1274 2455 1327 2496 seu

128 2534 277 2614 particulis
291 2534 465 2594 consecratis
480 2554 543 2609 que
558 2534 869 2613 postcommunionem
891 2543 1081 2604 reserventur,
1102 2535 1147 2593 vel
1163 2544 1326 2612 supersunt,

129 2648 191 2692 non
213 2649 361 2691 remanere
386 2649 484 2691 verum
508 2649 612 2710 corpus
637 2630 777 2699 Domini;
803 2629 952 2691 anathema
974 2629 1059 2690 sit.'’¹
1098 2630 1141 2689 lta
1165 2630 1328 2691 Tridentini

133 2736 238 2804 patres.

639 2934 823 2976 Phorosmo.

173 3072 213 3138 In
225 3077 334 3139 maliis
347 3095 401 3137 seu
406 3075 568 3157 partiendis
579 3075 766 3145 comessalia,
780 3090 846 3154 quat
853 3081 921 3153 post
935 3071 1172 3137 communionem
1180 3094 1330 3136 reseruan-

75 3238 79 3243 ,
145 3177 196 3244 lus,
209 3174 257 3235 vel
266 3183 436 3254 supersunt,
451 3182 581 3234 remanet
594 3192 697 3234 oerum
711 3191 815 3251 corpus
828 3170 963 3231 Domini.

74 3294 75 3297 ¹
176 3268 417 3331 ProbaturLeoe
434 3269 608 3350 Scripturis.

178 3368 243 3426 260.
266 3366 379 3426 Christi
392 3368 477 3426 verba
491 3385 558 3425 vera
576 3375 656 3425 erant
674 3384 710 3424 eo
734 3382 792 3438 quo
817 3362 925 3441 prolata
949 3374 1017 3421 sunt
1035 3371 1181 3421 momento
1201 3373 1230 3421 et
1251 3362 1327 3436 quod

150 3465 298 3544 porrigebat
311 3465 458 3543 Apostolis
472 3482 558 3522 suum
578 3476 637 3522 erat
659 3480 762 3539 corpus
786 3470 816 3519 et
838 3460 964 3539 sanguis,
979 3469 1131 3533 antequam
1144 3459 1201 3536 ipsi
1215 3477 1332 3538 accepe-

149 3558 214 3620 rint:
233 3581 303 3641 ergo
316 3582 355 3622 ex
369 3580 434 3631 usu,
448 3561 494 3620 vel
508 3579 544 3619 ex
559 3559 616 3619 fide
637 3559 811 3619 sumentium
832 3577 890 3617 non
909 3556 1050 3635 pendebat
1070 3567 1102 3616 ut
1115 3556 1331 3621 Sacramentum

147 3648 367 3735 Christi-corpus
387 3657 459 3715 soret
471 3666 500 3714 et
514 3657 641 3734 sanguis.
685 3654 773 3712 Nulla
786 3653 855 3711 sinit
869 3655 939 3712 ratio
960 3662 993 3711 ut
1013 3653 1061 3712 iila
1074 3671 1243 3713 censeamus
1257 3655 1331 3716 desi·

143 3764 208 3807 uere
219 3754 329 3823 adessa,
343 3772 433 3828 quum
447 3752 536 3812 semel
551 3751 665 3829 prolatis
680 3751 789 3809 Christi
804 3751 897 3809 verbis
908 3751 1059 3828 presentia
1072 3751 1151 3812 flant.

179 3841 329 3908 Probatur
342 3847 385 3908 II.
402 3866 438 3908 ex
451 3846 581 3907 Petrum
594 3846 779 3906 acclamate.

178 3942 248 4005 261.
269 3946 299 4003 S·
314 3946 456 4005 Cerasus
470 3945 682 4004 Mruuvrrauus
702 3947 732 4002 in
752 3942 918 4003 Donatistae
942 3942 1125 4001 vehementer
1147 3943 1274 4003 invectus
1290 3958 1334 4006 est

133 4029 172 4086 ⁰b
196 4042 338 4101 confracta
359 4041 572 4101 Catholicorum
602 4038 708 4107 altaria,
738 4050 767 4097 et
793 4037 993 4098 eucharistiam
1021 4037 1162 4096 horrenda
1187 4039 1332 4116 impietate

130 4122 271 4196 violatam
283 4158 291 4196 ι
314 4135 421 4205 “Quid
435 4136 512 4195 enim
526 4144 571 4192 est
584 4134 669 4192 altare
685 4133 741 4191 nisi
755 4133 838 4192 sedes
852 4131 980 4211 corporis
994 4142 1023 4191 et
1036 4132 1183 4210 sanguinis
1198 4134 1308 4192 Christi
1320 4134 1332 4191 l

131 4215 239 4286 *Quid
257 4251 307 4292 vos
329 4231 487 4294 offenderat
501 4229 645 4296 Christus,
660 4228 742 4307 cujus
756 4229 825 4288 illuc
845 4236 991 4306 percerte
1012 4236 1157 4287 momenta
1181 4246 1283 4305 corpus
1303 4239 1333 4286 et

138 4325 259 4393 anguia
272 4326 465 4389 inhabitabat?
487 4368 496 4386 .
519 4366 527 4384 .
551 4367 558 4384 .
581 4325 627 4383 An
640 4323 726 4382 modo
739 4323 856 4384 Judaeos
871 4323 971 4382 imitati
985 4322 1079 4382 estisi
1114 4320 1161 4380 Illi
1175 4321 1333 4399 injecerunt
1380 4400 1384 4405 Ι

570 4532 612 4597 (ι)
632 4529 879 4582 amanum.
