2774 5056
376 307 434 368 mc
454 304 676 367 ssomrlcn
696 307 922 368 vinnium.
1188 310 1245 369 sol

44 476 221 527 vescentes:
245 464 381 525 “Videte
405 465 493 525 larsel
515 465 673 526 secondum
693 484 826 525 carnem:
848 484 944 525 nonne
958 466 1008 540 qni
1028 466 1116 526 edunt
1129 467 1248 537 hostias,

45 566 204 646 participes
219 572 288 623 sunt
298 565 392 624 altaris
402 564 435 622 l”
455 564 527 624 Inde
541 565 635 624 innuit
644 566 738 638 sequi,
750 583 801 623 eos
813 565 863 639 qui
873 566 1060 624 vescebantur
1071 565 1248 643 idolothytis,

44 666 82 725 iis
96 666 127 724 in
140 682 241 723 rerum
257 663 399 742 adjunctis
413 664 442 723 in
466 664 569 737 quibus
589 662 771 723 manducatio
793 681 860 721 cnm
879 664 1003 722 victimis
1026 663 1169 722 oblatione
1183 682 1250 724 con·

46 761 227 828 nectebatur,
242 778 308 818 esse
322 760 488 819 idololatris
502 778 576 828 reos,
598 760 666 819 licet
684 759 761 818 idola
774 760 831 837 ipsi
852 778 910 818 non
929 761 1064 818 colerent.
1106 760 1249 838 Proponit

48 870 144 919 auwm
158 859 365 936 objectionem,
386 857 464 932 quod
486 856 585 917 fideles
606 857 686 917 idola
698 876 771 915 vana
791 876 856 917 esse
871 868 900 916 et
913 859 1009 916 insuia
1022 869 1182 926 noscerent,
1196 878 1251 919 nec

45 956 186 1015 haberent
209 955 337 1014 animum
358 973 393 1014 ea
417 955 548 1014 colendi:
571 954 623 1013 sod
646 953 801 1032 respondet
820 966 919 1032 gentes
941 955 1071 1013 victimas
1095 974 1131 1014 eo
1153 957 1250 1016 auimo

46 1052 164 1121 offerre,
179 1052 303 1126 ideoque
319 1071 378 1111 non
392 1052 478 1110 licere
493 1051 671 1125 aliquatenus
692 1051 868 1110 consortium
882 1070 948 1110 cum
969 1052 1006 1110 iis
1027 1052 1108 1120 inire,
1124 1053 1251 1112 victimis

50 1150 207 1220 vescendo,
222 1162 250 1209 et
269 1152 348 1209 nesas
368 1169 433 1209 esse
456 1151 571 1209 victima
592 1151 779 1208 eucharistica
798 1151 887 1218 vesci,
909 1160 976 1227 post
996 1150 1161 1228 hujusmodi
1186 1170 1251 1228 pro·

48 1249 147 1308 lanum
163 1249 361 1306 consortium:
384 1246 493 1315 “Quid
507 1248 598 1324 arnol
619 1246 684 1305 dico
696 1246 771 1320 quod
784 1245 868 1305 idolis
880 1246 1059 1306 immolatum
1074 1249 1112 1305 sit
1123 1247 1249 1320 aliquid?
1316 1322 1320 1329 .

46 1357 98 1407 aot
107 1346 186 1421 qnod
198 1334 307 1405 idolum
319 1346 358 1405 sit
370 1343 500 1418 aliquidl
541 1345 599 1404 Sed
613 1364 676 1419 qurs
688 1345 838 1403 immolant
849 1344 971 1412 Gentes,
985 1345 1136 1404 daemoniis
1148 1347 1251 1405 immo·

44 1443 117 1518 lant,
130 1454 161 1502 et
177 1461 235 1501 uon
248 1442 324 1501 Deo.
354 1441 434 1501 Nolo
449 1450 543 1501 autem
559 1460 610 1501 vos
624 1443 720 1501 socios
734 1441 796 1499 fieri
812 1441 1036 1500 demoniorum:
1058 1461 1116 1501 non
1131 1444 1251 1520 potestis

44 1542 169 1603 calicem
181 1540 302 1600 Domini
315 1541 425 1609 bibere,
439 1550 469 1599 ct
481 1541 600 1599 calicem
614 1541 839 1600 demoniorum:
861 1559 919 1599 non
934 1543 1056 1618 potestis
1070 1560 1178 1601 mense
1191 1543 1251 1602 Do-

47 1639 124 1707 mini
135 1639 289 1716 participes
300 1647 530 1706 esse,etmcnsoe
543 1636 786 1698 demoniorum.”
808 1636 958 1711 Loquitur,
968 1647 1000 1695 ut
1008 1647 1096 1715 patet,
1105 1638 1142 1698 de
1152 1657 1252 1699 menen

45 1737 79 1795 iu
89 1755 147 1810 qus
157 1737 373 1813 apponebantur
384 1754 484 1795 carnes
497 1736 685 1804 victimarum,
698 1735 734 1793 de
743 1735 823 1794 altari
834 1735 945 1793 scilicet
955 1735 985 1794 in
996 1754 1053 1809 qua
1063 1736 1253 1818 immolabam

44 1844 103 1902 tur,
118 1851 177 1892 non
192 1831 326 1907 equidem
341 1832 377 1891 de
399 1852 500 1892 mensa
514 1833 676 1901 communi3
695 1850 817 1905 eamque
830 1850 895 1891 cum
910 1850 1010 1890 mense
1024 1833 1143 1892 Domini
1156 1835 1252 1895 conie-

45 1950 126 2000 rens,
134 1930 241 1989 indicat
251 1930 283 1990 in
293 1930 347 1989 hac
355 1931 462 2008 apponi
472 1948 586 1989 carnem
598 1930 729 1997 victimae,
741 1948 844 2007 corpus
855 1930 965 1988 scilicet
976 1928 1097 1988 Christi.
1120 1930 1250 1991 Calicem

46 2030 134 2089 etiam
157 2028 186 2087 in
201 2045 260 2101 quo
274 2026 321 2085 vel
340 2026 458 2105 sanguis
479 2026 605 2087 victimae
624 2024 817 2104 degustandus
839 2027 1050 2104 propinabatur,
1074 2027 1120 2085 vel
1146 2030 1249 2089 vinum

47 2125 126 2187 idolo
140 2125 299 2195 libandum,
313 2127 425 2186 confert
437 2145 504 2186 curn
517 2126 606 2185 calice
621 2126 751 2195 Domini,
764 2127 794 2186 in
806 2144 863 2200 quo
874 2127 990 2204 sanguis
1004 2136 1050 2185 est
1060 2126 1173 2186 Christi
1185 2127 1251 2188 Deo

48 2228 168 2294 oblatus,
184 2238 218 2285 et-
228 2226 350 2302 mystice
364 2224 444 2284 lusus
459 2227 488 2283 in
504 2234 684 2303 pcccatorum
708 2225 933 2285 remissionem.¹
974 2225 1031 2285 Est
1050 2225 1136 2304 igitur
1149 2226 1252 2285 eucha-

50 2327 127 2384 ristia
147 2343 246 2384 verum
270 2334 301 2382 et
321 2324 468 2401 proprium
491 2324 673 2392 sacrificium,
697 2323 862 2396 etquidem
889 2323 1016 2400 corporis
1048 2333 1077 2381 et
1100 2323 1250 2400 sanguinis

57 2420 173 2490 Christi,
189 2440 311 2496 quorum
326 2423 479 2500 participes
493 2422 566 2480 fiunt
579 2438 643 2479 eam
657 2433 814 2479 sumentes.

90 2522 139 2578 26.
153 2518 187 2577 Id
196 2519 287 2593 liquet
299 2536 337 2577 ex
351 2519 387 2578 iis
399 2537 464 2592 qus
478 2518 634 2596 Apostolus
645 2518 706 2594 jam
720 2516 841 2583 dixerat,
858 2534 952 2575 mores
965 2516 1092 2594 integros
1103 2532 1251 2576 commen·

62 2610 132 2685 daus,
141 2628 174 2675 nt
186 2618 273 2694 epulo
286 2634 368 2675 sscro
382 2616 518 2675 fruamur.
561 2624 581 2652 ‘⁶
593 2616 759 2693 Expurgate
770 2624 853 2673 vetus
863 2614 1045 2682 fermentum,
1056 2624 1087 2673 ut
1099 2613 1163 2673 sitis
1174 2632 1251 2673 nove

65 2715 227 2791 conspersio,
249 2714 325 2773 sicut
349 2715 418 2773 estis
440 2715 557 2790 azymi:
580 2712 698 2772 Etenim
726 2712 838 2773 Pascha
864 2721 992 2771 nostrum
1020 2711 1183 2771 immolatus
1205 2719 1252 2770 est

64 2803 202 2870 Christus:
226 2812 322 2886 itaque
343 2814 503 2891 epulemur,
525 2812 635 2870 nonin
657 2813 797 2879 fermento
820 2811 918 2879 veteri,
940 2829 1033 2885 neque
1055 2811 1084 2870 in
1106 2811 1251 2870 fermento

61 2906 162 2968 malitie
176 2920 205 2968 et
218 2910 374 2984 nequitie:
395 2909 447 2969 sed
461 2911 490 2969 in
505 2909 619 2986 azymis
633 2909 803 2969 sinceritatis
817 2920 846 2967 et
862 2908 1021 2968 veritatis.”
1045 2910 1142 2977 Quum
1155 2926 1249 2986 agnus

61 3004 193 3072 paschalis
208 3026 274 3065 sere
289 3015 368 3067 esset
379 3006 563 3074 sacrificium,
578 3017 607 3065 et
621 3006 755 3066 Christus
771 3006 884 3066 Pascha
903 3015 1034 3065 nostrum
1054 3005 1173 3073 dicatur,
1195 3022 1250 3083 pro

59 3099 136 3159 uobis
147 3102 337 3171 immolatum,
351 3122 447 3162 veram
462 3104 595 3162 sacrificii
609 3105 749 3163 rationem
761 3104 791 3162 in
800 3121 836 3161 eo
847 3121 1002 3180 agnoscere
1014 3111 1135 3178 oportet.
1157 3103 1252 3178 Apos-

61 3196 130 3257 tolus
143 3216 235 3261 autem
256 3202 384 3261 hortatur
403 3214 483 3261 uteo
503 3203 662 3279 epulemur,
678 3220 737 3275 quo
758 3214 841 3278 pacto
863 3203 928 3278 agni
952 3200 1094 3278 paschalis
1117 3201 1250 3258 carnibus

60 3300 237 3359 vescebantur
264 3300 379 3359 Judael:
402 3319 470 3377 ergo
496 3318 562 3358 vere
584 3300 666 3358 nobis
688 3299 770 3357 datur
789 3317 854 3357 caro
875 3298 986 3357 Christi
1010 3296 1206 3357 manducanda
1219 3297 1251 3355 in

61 3394 231 3465 eucharistia,
247 3417 311 3472 quae
325 3398 446 3475 proinde
459 3409 504 3456 est
517 3399 577 3456 veri
592 3398 717 3455 nominis
731 3397 921 3464 sacrificium
944 3413 1036 3468 neque
1052 3395 1129 3452 euim
1143 3393 1250 3451 sacrifi-

10 3484 14 3601 ἰ
33 3474 36 3481 ¹
63 3482 131 3551 elunt
144 3494 246 3564 crucis,
260 3494 337 3569 qnod
352 3495 442 3554 semel
456 3507 566 3555 tantum
581 3495 705 3554 oblatum
718 3503 771 3562 est,
783 3490 943 3570 potestdioi
957 3490 1027 3550 illud
1041 3491 1123 3569 cujus
1138 3492 1251 3568 partici-

66 3596 111 3655 lss
123 3609 230 3661 sumus,
245 3611 298 3653 nec
313 3594 430 3671 epulum
445 3593 639 3671 symbolicum
653 3591 784 3650 sacrificii
805 3589 939 3668 preteriti
954 3590 1046 3648 verbis
1060 3588 1194 3666 Apostoli
1207 3609 1250 3649 re·
1329 3612 1333 3618 ·

66 3688 192 3755 spondas*

96 3876 131 3947 (l)
146 3891 162 3917 “
171 3887 219 3951 Bp.
231 3885 393 3946 Werbnrton,
403 3885 461 3938 Dis.
472 3885 532 3949 Lsg.
544 3885 581 3937 ix.
591 3884 681 3935 svnt.
693 3884 725 3935 vi.
737 3885 796 3944 296,
807 3881 947 3943 maintains,
958 3881 1013 3934 that
1025 3882 1066 3933 the
1082 3883 1199 3947 religione
1214 3900 1254 3934 or·

73 3954 167 4021 Mes
176 3971 206 4020 oi
218 3970 261 4022 tbe
271 3970 392 4022 heathens
402 3972 461 4023 here
471 3970 586 4021 adverted
597 3978 631 4030 to,
641 3984 705 4020 ware
715 3967 799 4038 scaete
814 3984 884 4036 upon
898 3967 1018 4035 sacrifice,
1032 3984 1061 4018 so
1076 3969 1118 4019 tbs
1129 3978 1216 4021 nsturs
1227 3969 1256 4020 oi

73 4037 104 4093 ὼ
116 4055 251 4119 spodon
269 4056 330 4107 used
350 4057 383 4122 by
393 4058 430 4107 St.
441 4055 504 4107 Paul
520 4054 614 4121 plainly
631 4055 732 4105 denotes
748 4054 803 4105 that
811 4054 844 4104 he
855 4053 997 4105 considered
1007 4054 1050 4105 the
1066 4054 1198 4107 Euchariot
1207 4062 1252 4105 not

74 4128 128 4187 l'lih
137 4140 175 4191 tbe
183 4142 333 4205 Socinlsm
345 4160 373 4195 es
381 4160 397 4194 s
406 4160 472 4195 mess
483 4142 699 4195 commemoration
713 4142 742 4193 oi
749 4158 764 4193 a
774 4141 835 4193 dead
846 4142 993 4202 benefactor,
1001 4143 1047 4194 but
1054 4160 1105 4193 ssa
1116 4142 1176 4193 feast
1183 4157 1252 4208 upon

77 4223 186 4283 'diod’
221 4232 366 4283 Bloomiield
377 4231 405 4282 in
415 4231 432 4282 i.
444 4230 502 4283 Cor.
513 4247 539 4281 x.
553 4233 593 4281 16.

99 4308 133 4379 (²)
148 4323 162 4349 ‘⁴
170 4318 197 4371 lt*
209 4318 316 4371 Duras
334 4320 365 4371 be
382 4336 398 4369 a
414 4318 572 4385 propitiatory
583 4317 704 4378 Sanitics,
721 4333 735 4366 a
746 4314 944 4380 Posce-olferius,
955 4316 1021 4368 1100
1031 4324 1076 4368 not
1085 4317 1143 4368 bow
1154 4330 1193 4366 sse
1204 4331 1252 4367 can

77 4393 229 4455 When·
242 4405 306 4456 llesli
321 4405 409 4457 oionr
425 4404 614 4471 pesco-offering
629 4409 695 4455 must
710 4402 741 4452 bs
757 4408 829 4451 eston
844 4400 873 4452 in
888 4401 1251 4467 thisfmtbyusorslassss

16 4492 22 4557 i
78 4484 168 4540 “nto
181 4491 503 4558 nomanatissimus
514 4493 565 4542 lose
576 4491 618 4542 the
628 4489 723 4541 imitoi
735 4493 770 4549 it;
788 4488 1255 4541 sudwsstbsresPsssoserhssrdot

78 4562 223 4629 ffifflhmb
232 4578 396 4637 notentenl”
430 4578 552 4629 Androm
569 4575 871 4642 episcopushnglicenns,
882 4576 998 4626 Somoss
1015 4572 1049 4643 os
1058 4572 1100 4626 lde
1118 4574 1252 4628 Resurrec-

79 4642 176 4716 tionillo.
188 4667 212 4714 7.
223 4665 288 4731 apud
300 4664 464 4724 Oxonienscs,
474 4671 535 4716 tract
546 4664 588 4725 sl,
599 4678 625 4713 n.
636 4664 678 4712 95.
