2774 5056
374 298 696 361 INDULGENTIAS
723 299 1019 370 CONOEDENDI.
1236 306 1297 363 885

89 457 216 519 cleriam
229 457 287 517 Dei
302 457 484 519 Hierusalem
500 458 645 536 profectus
659 459 744 518 fuerit
755 458 798 529 ;”¹
811 469 840 518 et
853 461 937 519 etiarn
950 461 1085 518 omnibns
1100 462 1250 539 pecuniam
1266 461 1297 521 in

89 555 165 615 belli
177 556 252 614 sacri
266 557 424 633 impensas,
446 557 492 615 vel
513 557 621 615 milites
642 556 901 634 suppeditantibus.
943 557 1074 630 AEquum
1096 559 1189 617 risum
1204 570 1249 617 est
1268 568 1300 617 ut

93 653 149 727 qui
161 651 231 711 fidei
250 652 346 711 studio
367 652 517 730 pecuniam
539 653 710 721 conferrent,
734 653 807 712 baud
830 654 910 713 omni
929 663 1058 712 carerent
1077 655 1209 713 mercede
1223 654 1300 731 apud

94 749 274 819 Ecclesium,
288 749 411 826 ideoque
425 760 454 809 ot
465 751 638 828 poenitentiae
653 750 789 809 severitas
804 750 849 808 his
864 751 991 828 mitigata
1005 764 1059 809 est.
1080 752 1175 810 Simili
1191 754 1300 811 ratione

94 846 283 926 indulgentie
298 859 399 926 postea
411 849 640 909 concedebantur
653 849 690 907 iis
711 849 760 922 qni
773 858 877 924 sponte
902 848 1086 908 conferebant
1098 850 1299 926 eleemosynas

95 946 342 1021 inEcclesiarum
362 946 607 1016 erectionem,ch
629 947 660 1005 in
683 947 740 1005 alia
764 948 878 1024 pietatis
899 966 1003 1031 operar
1025 959 1198 1021 quae-tamen
1219 967 1301 1006 num·

97 1063 189 1120 quam
202 1045 232 1104 iu
247 1045 369 1124 alicujus
384 1046 523 1123 privatam
537 1045 686 1104 utilitatem
701 1044 803 1103 cedere
823 1045 973 1104 debebant.
1015 1045 1112 1104 Hodie
1128 1047 1233 1119 ubique
1247 1056 1303 1103 ter·

97 1162 195 1202 rarum
210 1144 398 1216 exquiruntur
411 1163 428 1201 a
441 1143 574 1202 fidelibus
588 1142 716 1201 subsidia
725 1143 755 1201 in
767 1143 815 1220 pia
825 1161 923 1220 opera,
937 1144 1047 1217 absque
1060 1144 1108 1202 illa
1119 1143 1301 1221 indulgentie

98 1238 328 1318 pollicitatione:
344 1257 408 1313 quae
420 1239 534 1313 quidem
550 1239 575 1297 si
590 1239 768 1316 adjiceretur,
783 1258 840 1298 non
855 1239 1019 1297 desinerent
1030 1239 1223 1316 eleemosyna:
1238 1258 1302 1298 esse

97 1336 280 1406 voluntarie,
301 1346 331 1395 et
355 1336 419 1396 Deo
444 1345 578 1413 accepte.
620 1336 763 1395 Caeterum
786 1337 822 1395 ob
844 1337 1027 1403 Questornm
1048 1338 1165 1405 abusus,
1187 1337 1237 1411 qui
1257 1337 1304 1395 vel

102 1431 346 1511 indulgentiarum
360 1433 418 1492 rim
438 1434 656 1511 exaggerabant,
672 1433 717 1491 vel
732 1434 817 1492 nimis
832 1434 1012 1510 importunos
1027 1452 1059 1492 se
1073 1435 1255 1510 prebuerunt
1272 1435 1303 1493 in

101 1531 356 1608 eleemosynarum
381 1532 528 1608 petitione,
554 1550 658 1590 munus
681 1530 751 1589 illud
772 1551 789 1589 a
809 1531 932 1590 concilio
952 1531 1124 1590 Tridentino
1138 1532 1304 1608 abrogatum

100 1637 160 1697 est,
187 1641 217 1689 et
242 1630 327 1689 nulle
355 1629 595 1706 indulgentiarum
619 1630 771 1700 occasione
800 1630 863 1706 jam
896 1629 1070 1706 colliguntur
1095 1631 1301 1706 eleemosynae.

103 1736 133 1765 “
147 1727 262 1786 Abusus
283 1726 383 1796 vero,”
405 1728 508 1801 inquit,
531 1727 613 1801 “qui
638 1727 669 1785 in
692 1726 738 1784 his
760 1727 944 1803 irrepserunt,
965 1739 993 1785 et
1013 1746 1135 1800 quornm
1155 1727 1306 1786 occasione

101 1823 219 1901 insigne
232 1823 289 1883 hoc
303 1823 542 1901 indulgentiarum
564 1841 669 1881 nomen
691 1823 725 1880 ab
747 1823 888 1881 hereticis
903 1823 1125 1900 blasphematur,
1140 1824 1307 1883 emendatos

100 1932 134 1981 et
146 1929 289 1983 correctos
304 1921 435 1997 cupiens,
451 1921 584 1997 praesenti
609 1918 734 1986 decreto,
749 1918 920 1995 generaliter
941 1920 1047 1988 statuit,
1063 1938 1166 1996 pravos
1180 1934 1307 1992 quaestus

101 2037 207 2079 omues
223 2037 274 2095 pro
288 2018 334 2077 his
348 2017 571 2092 consequendis,
586 2017 662 2075 unde
684 2016 807 2094 plurima
827 2016 856 2075 in
870 2017 1026 2076 christiano
1042 2018 1150 2094 populo
1165 2018 1305 2076 aburnnm

107 2135 199 2176 causa
214 2116 309 2184 fluxit,
324 2116 442 2174 omnino
455 2112 611 2174 abolendos
626 2113 739 2173 esse.”⁹

144 2217 195 2270 22.
218 2210 284 2290 Obj.
299 2217 328 2270 8.
350 2210 469 2270 lnsamis
485 2230 601 2288 prorsus
625 2211 677 2269 tuit
696 2210 766 2269 olim
787 2210 1024 2288 indulgentiarum
1049 2210 1225 2278 nundinatio,
1240 2229 1307 2269 nam

103 2307 281 2367 vendebatur
295 2327 311 2364 a
325 2308 461 2384 pontifice
478 2309 528 2385 jus
549 2306 704 2385 colligendi
726 2306 926 2383 eleemosynas
949 2306 1087 2374 fidelium,
1102 2325 1166 2380 que
1188 2307 1308 2384 proinde

103 2407 138 2467 in
153 2405 257 2482 privati
271 2403 408 2471 hominis,
422 2405 559 2481 emptoris
574 2405 693 2471 scilicet,
710 2401 851 2461 cedebant
863 2403 1034 2461 ultilitatem.

146 2499 239 2578 Resp.
261 2499 331 2558 Non
352 2519 387 2557 ea
406 2499 460 2558 fuit
483 2512 619 2558 consueta
640 2501 710 2569 ratio
732 2500 932 2574 eleemosynas
952 2498 1125 2576 colligendi;
1147 2497 1198 2556 sed
1219 2517 1308 2572 qnum

102 2608 220 2677 urgeret
234 2598 401 2664 necessitas,
416 2615 475 2656 non
495 2597 625 2671 iniquum
642 2596 734 2655 Leoni
751 2597 790 2654 X.
806 2597 899 2654 visum
920 2607 965 2654 est
977 2615 994 2653 a
1008 2595 1095 2654 divite
1117 2597 1211 2654 statim
1238 2597 1309 2655 reci·

103 2713 175 2774 pere
189 2711 334 2752 summam
359 2693 460 2769 templi
481 2693 617 2751 erectioni
639 2691 873 2768 impendendam,
894 2711 980 2766 quam
1002 2691 1049 2749 hic
1064 2711 1099 2750 ex
1114 2691 1309 2768 eleemosynis

104 2792 237 2852 fidelium
252 2790 443 2867 colligendam
455 2792 596 2867 sperabat.
639 2791 707 2848 Non
721 2790 785 2849 ideo
799 2803 905 2849 mutata
917 2802 962 2849 est
974 2792 1045 2849 ratio
1060 2791 1309 2867 indulgentiarum,

106 2889 210 2950 fideles
224 2889 301 2947 enim
314 2897 420 2965 sponte
443 2887 601 2946 offerebant
614 2888 827 2966 eleemosynas,
842 2908 906 2961 quae
926 2888 1043 2947 divitem
1064 2889 1227 2947 indemnem
1249 2889 1311 2947 red·

106 2989 210 3049 derant
231 2987 268 3046 de
288 2987 383 3047 soluta
407 2987 548 3045 Ecclesiae
575 3007 662 3045 cansa
683 2989 814 3064 pecnnia.
856 2987 890 3045 ln
913 2989 1051 3065 privatam
1076 2988 1223 3046 utilitatem
1253 3006 1310 3046 nou

107 3086 258 3155 cedebant,
274 3086 407 3159 quamvis
420 3085 586 3162 contingere
601 3097 700 3161 posset
714 3097 745 3142 ut
758 3086 804 3144 cui
819 3085 943 3144 locatum
958 3097 1017 3143 erat
1027 3086 1077 3161 jus
1091 3103 1140 3142 cas
1155 3085 1308 3162 colligendi

107 3181 218 3257 aliquid
237 3182 403 3251 lucraretur,
424 3180 502 3255 qnod
517 3180 675 3257 pericnlum
691 3181 721 3238 in
734 3199 767 3238 se
781 3193 947 3257 susceptum
965 3193 1174 3257 compensaret.
1217 3181 1311 3239 Oete·

108 3299 174 3340 rum
186 3297 403 3356 magnaeanum
419 3278 528 3337 trahere
543 3276 736 3345 incommoda,
751 3278 921 3354 etaspeciem
936 3278 1040 3335 malam
1055 3277 1220 3354 praeseferre
1233 3278 1310 3336 illam

107 3376 213 3456 agendi
228 3376 365 3434 rationem
381 3373 457 3432 hand
478 3392 627 3451 gravamur
650 3373 729 3431 lateri
743 3379 766 3431 :³
788 3386 916 3430 nostrum
931 3373 1008 3432 enim
1024 3393 1082 3432 non
1106 3373 1223 3430 interest
1233 3375 1312 3447 quic·

109 3471 181 3548 qnid
195 3472 347 3530 occasione
362 3468 602 3547 indulgentiarum
614 3471 718 3528 lactum
733 3470 817 3529 fuerit
831 3467 986 3537 vindicare,
1002 3468 1052 3526 sed
1070 3469 1161 3546 ipsam
1177 3487 1225 3526 eas
1241 3471 1310 3528 elar-

110 3569 211 3649 giendi
227 3578 409 3646 potestatem,
424 3578 453 3627 et
466 3587 562 3627 earum
578 3568 738 3626 utilitatem.

151 3671 202 3725 23.
229 3663 296 3743 obj.
312 3668 340 3722 9.
365 3665 456 3724 Bonis
471 3666 597 3724 moribus
620 3664 783 3722 adversatur
808 3662 1051 3742 indulgentiarum
1071 3681 1153 3731 usus,
1170 3664 1262 3736 qualis
1283 3666 1313 3723 in

109 3761 248 3824 Ecclesia
260 3762 390 3830 Romana
404 3763 521 3830 obtinet,
537 3761 693 3821 levissimis
708 3762 785 3819 enirn
800 3761 909 3820 actibus
922 3761 1110 3838 plurimorum
1121 3760 1242 3830 dicrum,
1256 3763 1314 3821 imo

111 3872 141 3920 et
154 3877 294 3918 annorum
310 3857 492 3936 indulgentiae
513 3857 718 3927 conceduntur,
734 3876 797 3932 qnae
823 3857 894 3916 adeo
910 3856 1316 3934 multiplicantur,·praesertiut

147 4019 188 4085 (l)
206 4018 282 4068 conc.
295 4015 529 4078 Olaromontanmn.
544 4015 618 4065 1095.

149 4105 192 4170 (2)
212 4102 278 4153 Sese.
289 4117 349 4152 xxv.
360 4101 432 4152 Dect.
444 4102 474 4152 de
486 4101 657 4165 indulgentiis.

150 4193 193 4260 (³)
213 4190 294 4240 “cns
303 4191 346 4257 poi
356 4199 443 4257 questo
460 4190 553 4241 ritmtto
569 4189 625 4241 dell'
646 4188 796 4252 Indulgenze
807 4189 872 4239 fosse
888 4187 997 4238 venduto
1014 4185 1045 4236 ed
1057 4186 1201 4252 appeltatori
1217 4185 1320 4252 partico-

111 4278 166 4339 lari,
184 4277 218 4327 ha
228 4277 371 4342 >parimente
388 4277 487 4327 sconcia
508 4277 661 4336 semblenra;
678 4291 692 4325 e
709 4276 764 4334 tale,
776 4274 815 4325 ch’
835 4276 860 4325 io
882 4273 994 4324 confesso
1016 4273 1215 4335 ingennsments,
1231 4271 1319 4323 emersi

112 4366 207 4416 dovuto
227 4363 271 4428 pin
296 4372 360 4413 tosto
371 4363 479 4412 dirorare
497 4361 554 4424 ogn'
572 4361 734 4419 incommodo,
746 4361 791 4410 che
812 4360 855 4409 dar
871 4369 958 4424 questo
975 4360 1098 4419 scandalo,
1116 4360 1250 4417 oattivo,o
1267 4374 1321 4422 par·

103 4453 167 4503 *sivo
188 4447 227 4500 ch’
248 4449 296 4512 egli
313 4449 335 4499 si
355 4449 428 4508 fosse,
439 4465 454 4498 a
466 4448 592 4498 Gristiani.
625 4448 668 4496 Mo
684 4447 835 4496 considerato
856 4445 871 4496 l’
884 4445 957 4496 affare
975 4447 1000 4496 in
1022 4461 1047 4494 se
1065 4453 1149 4503 stesso,
1161 4444 1200 4494 chi
1219 4444 1321 4508 aperito

111 4534 169 4587 dell’
182 4550 275 4585 nmano
286 4535 439 4594 commercio,
457 4533 530 4583 vedra
541 4550 609 4583 corne
621 4550 636 4582 u
649 4549 711 4597 pena
723 4533 744 4582 si
763 4539 852 4597 potera
870 4539 939 4582 tener
957 4533 1017 4582 altro
1036 4512 1133 4578 niodo?
1168 4528 1322 4591 l’allavicini,

115 4622 206 4674 latoria
216 4621 255 4671 del
265 4621 379 4672 Concilio
391 4621 416 4671 di
428 4620 521 4671 Trento
533 4621 551 4670 l.
560 4621 576 4671 i.
590 4637 635 4685 cap
647 4620 681 4670 iii.
693 4637 717 4686 p.
730 4622 771 4670 56.

246 4708 319 4768 Vos.
336 4707 472 4766 ltn-un
1306 4648 1344 4770 Α
