2774 5056
275 302 334 365 DE
354 303 704 366 susotetnlt't‘lnns
723 302 1056 367 anonumum.
1203 302 1264 367 w

64 455 213 542 sxa'gitatt
227 480 265 522 ex
276 461 479 541 chrysostomi
492 464 579 523 etiam
589 462 767 523 documentis
777 461 975 532 lucidissimis,
987 463 1091 538 quibus
1103 465 1260 526 maximam

62 562 158 639 exigit
171 561 323 640 puritatem
336 572 368 621 ut
380 563 446 636 quis
460 573 538 622 tanto
551 561 692 621 beneficio
705 561 820 621 fruatur.

105 662 176 717 823.
196 659 331 717 Attamen
344 658 374 717 in
386 658 509 736 liturgiis
524 658 605 736 plura
617 670 767 717 occurmnt
780 676 844 732 que
858 666 1038 736 peccatorum
1053 658 1260 720 remissionem

64 757 156 816 veluti
170 756 346 817 Sacramenti
366 757 489 816 fructum
508 756 650 816 indicant:
675 756 776 816 “llseo
796 776 849 816 noa
869 757 1036 817 communio
1057 767 1189 835 pnrgcta
1208 760 1262 818 eri·

65 855 185 916 mine:'’
208 896 218 915 .
240 897 249 915 .
271 897 280 915 .
303 856 401 916 .l·‘sit
424 857 531 916 ablutio
553 856 728 927 scelerum;”
749 858 801 916 sed
824 857 988 935 hujusmodi
1007 855 1083 916 dicta
1102 857 1261 934 respiciunt

65 955 184 1033 plenam
197 954 364 1014 delictorum
378 954 669 1033 indulgentiamque
683 965 777 1014 umen
791 954 933 1033 planxerit
946 965 1086 1034 peccator,
1096 965 1125 1013 et
1135 973 1258 1029 quorum

64 1053 210 1130 poeuitens
230 1052 342 1111 veniam
363 1052 393 1111 in
414 1051 545 1111 tribunali
569 1061 716 1110 assecutus
730 1052 823 1120 fuerit,
838 1062 989 1126 antequam
1010 1051 1138 1111 divinum
1161 1051 1259 1112 cibum

65 1149 221 1227 degustare
236 1148 361 1208 auderet.

105 1250 177 1306 324.
195 1246 295 1326 Jejuni
308 1245 445 1306 accedero
464 1246 568 1306 debent
587 1245 623 1306 ad
643 1246 844 1306 eucharistiam
864 1246 976 1316 fideles,
990 1245 1061 1305 meo
1082 1254 1114 1304 ut
1133 1245 1260 1306 amedia

64 1356 151 1405 nocte
164 1345 237 1405 nihil
251 1344 432 1419 quantumvis
445 1345 607 1413 minimum,
619 1344 665 1403 vel
679 1345 745 1414 cibi,
758 1344 802 1404 vel
816 1353 911 1422 potus,
926 1344 971 1403 vel
983 1343 1132 1403 medicine
1145 1362 1260 1404 sumere

62 1441 159 1500 liceat.
201 1440 405 1501 vetustissima
424 1452 469 1499 est
482 1440 544 1500 haec
558 1440 719 1519 disciplina,
733 1441 763 1500 in
777 1441 916 1501 honorem
931 1441 1000 1500 tanti
1022 1441 1198 1499 Sacramenti
1218 1440 1262 1500 in·

63 1539 173 1608 stitnta,
183 1547 213 1598 ct
223 1541 383 1607 occasione,
395 1538 437 1597 uti
448 1538 610 1598 verosimile
621 1548 675 1608 est,
687 1555 858 1599 excessuum
871 1538 919 1612 qni
930 1536 1062 1597 Corinthi
1072 1534 1261 1614 contigerunt.

63 1636 141 1696 Eam
165 1648 304 1698 memorat
323 1637 529 1706 Tertullianus,
548 1656 668 1697 uxorem
693 1656 710 1695 a
733 1636 867 1696 secundis
888 1637 995 1715 nuptiis
1019 1637 1261 1695 ut'absterreret:

64 1742 84 1771 ‘⁸
95 1733 167 1794 Non
180 1735 253 1794 sciet
266 1736 383 1794 maritus
398 1734 468 1809 qnid
481 1744 592 1794 secreto
613 1748 677 1794 ants
691 1752 807 1794 omnem
827 1735 923 1794 cibum
943 1733 1089 1813 gnstes.”²
1127 1735 1264 1813 Augusti·

62 1848 119 1889 nus
133 1848 191 1891 non
206 1830 342 1891 dubitarit
355 1830 468 1892 dicerer
490 1832 632 1892 “Placuit
652 1831 772 1910 Spiritui
793 1831 910 1900 Sancto,
925 1840 956 1889 ut
975 1833 1006 1890 in
1029 1832 1167 1892 honorem
1189 1833 1261 1892 tanti

61 1927 250 1998 Sacramenti,
264 1931 295 1988 in
305 1948 339 1989 os
351 1927 509 1989 Christiani
521 1929 600 2007 prius
616 1928 800 1988 Dominicum
809 1947 913 2006 eorpus
925 1929 1051 1996 intraret,
1061 1947 1150 2002 quam
1161 1930 1256 1989 exteri

61 2022 130 2084 cibi.
170 2024 250 2086 Nam
262 2023 329 2085 ideo
342 2045 393 2104 per
406 2026 570 2086 universum
584 2026 681 2085 orbem
695 2042 758 2085 mos
771 2024 825 2084 iste
845 2024 1015 2084 serratur.”¹
1057 2024 1124 2084 Vita
1144 2025 1256 2103 pericli·

62 2124 187 2183 undbm
200 2134 294 2185 nmen
308 2142 366 2184 non
381 2123 501 2203 jejunis,
516 2133 660 2198 umquam
681 2121 829 2184 Vsoticum
843 2123 933 2184 datur.
965 2123 1051 2194 Quod
1064 2136 1162 2184 autem
1176 2123 1258 2184 insti·

64 2229 122 2280 tuta
143 2220 229 2281 fuerit
259 2221 429 2281 eucharistia
460 2230 526 2299 post
549 2240 670 2290 conam,
698 2238 758 2281 non
779 2223 881 2291 obstat,
906 2222 1054 2300 oportebat
1082 2221 1160 2281 enim
1187 2220 1255 2298 agni

64 2318 206 2394 paschalis
229 2327 332 2397 typum
346 2319 378 2379 in
397 2317 516 2378 Christo
537 2319 658 2397 mystice
678 2319 824 2378 immolato
848 2318 979 2396 implere,
1000 2318 1123 2392 ideoque
1149 2335 1257 2376 novum

64 2417 237 2478 sacrificinm
257 2419 344 2479 veteri
370 2419 467 2478 statim
490 2419 641 2497 subjicere.
682 2416 814 2476 Instituta
841 2428 936 2477 autem
962 2417 1135 2477 eucharistia
1164 2436 1254 2495 penes
1352 2451 1355 2456 ·

67 2514 220 2592 Apostolos
233 2526 293 2575 erat
305 2533 340 2575 ea
358 2525 558 2590 statuereque
574 2514 608 2574 ad
623 2514 816 2590 quotidianam
830 2524 860 2574 et
881 2531 1035 2591 perennem
1050 2514 1113 2592 ejus
1133 2514 1258 2574 celebra-

64 2611 171 2672 tionem
185 2612 373 2691 pertinebant
387 2630 438 2673 eos
453 2612 530 2673 enim
541 2612 687 2673 ministros
698 2630 777 2683 suos,
790 2621 819 2673 et
828 2610 1039 2691 dispensatores
1053 2613 1257 2692 mysteriorum

62 2704 226 2769 divinornm
240 2707 375 2770 Christus
389 2710 545 2770 constituit.

104 2806 173 2865 825.
193 2804 283 2866 Juxta
295 2817 420 2867 veterem
434 2806 573 2866 Ecclesia
588 2804 780 2885 disciplinam,
795 2826 858 2882 que
872 2806 909 2866 ad
921 2805 1058 2867 seculum
1073 2825 1166 2885 usqne
1180 2806 1257 2868 deci·

56 2917 154 2970 mom,
169 2913 219 2962 aut
238 2901 421 2963 undecimum
435 2901 511 2981 apud
524 2902 643 2979 Latinos
657 2903 788 2972 obtinuit,
803 2913 831 2962 et
844 2922 908 2978 qne
923 2901 998 2981 apud
1024 2903 1143 2965 Graecos
1163 2902 1257 2965 adhuc

50 2997 208 3068 retinetur,
219 2998 344 3076 parvulis
354 2999 449 3057 statim
463 3008 529 3076 post
539 2999 712 3077 baptismum
722 2997 891 3058 eucharistia
902 2999 1125 3069 ministrabatur,
1137 3001 1256 3078 pretiosi

47 3096 210 3174 sanguinis
234 3104 314 3174 gutta
332 3097 376 3156 ori
396 3095 499 3155 infusa.
540 3095 575 3156 Id
594 3097 680 3156 fiebat
699 3106 731 3155 nt
750 3097 847 3157 divino
867 3116 986 3157 munere
1006 3095 1103 3158 dorreti
1126 3098 1255 3157 intimius

49 3193 303 3272 conjungerentur
324 3193 452 3261 Christo,
467 3194 534 3270 ipso
555 3195 711 3252 sanctitatis
728 3205 852 3262 auctore,
866 3204 896 3252 et
915 3194 1024 3263 salutis,
1039 3203 1166 3271 accepto.
1208 3193 1254 3254 De

48 3290 221 3349 anussima
233 3291 434 3369 conjunctione
449 3300 541 3368 patres
555 3290 643 3364 aliqui
658 3291 697 3349 ita
709 3290 797 3350 locuti
810 3300 877 3349 sunt
889 3300 920 3349 ut
934 3309 998 3350 eam
1019 3309 1136 3367 prorsus
1152 3309 1252 3350 neces·

47 3386 165 3447 sartan
182 3406 247 3448 esse
260 3388 424 3449 viderentur
436 3388 551 3458 dicere;
573 3384 625 3447 sed
646 3387 720 3446 dicta
740 3387 905 3466 hujusmodi
920 3388 1071 3466 benignius
1085 3396 1152 3446 sunt
1165 3405 1253 3466 expo·

44 3483 162 3556 nenda,
179 3505 268 3561 quum
283 3486 432 3564 baptizatis
446 3485 591 3545 infantulis
605 3505 691 3545 nemo
705 3486 824 3545 salutem
839 3483 1030 3562 denegaverit.
1059 3483 1251 3561 Augustinus,
1366 3560 1370 3569 Ι

48 3581 144 3656 enjus
158 3585 321 3643 testimonia
333 3584 532 3643 necessitatem
546 3583 624 3643 illam
634 3582 779 3642 adstruere
790 3582 914 3641 maxime
925 3581 1065 3650 videntur,
1077 3581 1179 3640 docet:
1197 3591 1216 3620 “
1225 3584 1252 3643 si

51 3685 195 3759 percepto
208 3680 377 3759 baptismate
392 3679 428 3738 de
441 3679 496 3738 hac
509 3699 539 3739 re
553 3681 610 3739 vita
623 3679 811 3758 emigraverit,
823 3679 916 3738 soluto
927 3690 1004 3738 reatu
1015 3679 1063 3738 oni
1076 3679 1253 3758 originaliter

55 3782 126 3833 em
141 3779 295 3848 obnoxius,
316 3779 462 3856 perficitur
480 3778 510 3837 in
530 3777 580 3838 illo
599 3778 707 3838 lumine
727 3777 863 3848 veritatis,
884 3776 961 3852 quod
982 3777 1252 3839 incommutabiliter

58 3876 179 3935 1nutans
199 3876 230 3934 in
251 3884 397 3942 aternum,
415 3864 587 3952 justificatos
612 3875 762 3952 presentia
782 3872 928 3934 creatoris
951 3873 1138 3933 illuminat.”⁸
1178 3875 1250 3936 Jnre

56 3953 146 4037 igitur
157 3975 267 4051 optimo
279 3972 448 4032 Tridentino
462 3982 481 4011 “
489 3972 625 4051 Synodns
646 3971 739 4041 docet,
759 3973 892 4051 parvulos
907 3990 961 4031 usn
982 3972 1100 4031 rationis
1121 3984 1250 4035 carentes

62 4061 141 4124 nulla
157 4071 274 4149 obligari
294 4070 464 4130 necessitate
483 4068 520 4128 ad
539 4069 769 4130 sacramentalem
792 4069 970 4128 eucharistie
993 4062 1249 4141 communionem}

67 4152 203 4231 siquidem
216 4185 268 4246 per
280 4167 415 4246 baptismi
427 4167 571 4227 lavacrum
585 4167 741 4245 regenerati
755 4175 784 4225 et
797 4166 915 4225 Christo
929 4166 1102 4246 incorporati
1116 4167 1249 4245 adeptam

10 4256 16 4341 ἱ,
66 4242 126 4318 lam
141 4262 260 4326 tiliorum
274 4263 331 4324 Dei
344 4264 461 4343 gratiam
474 4264 505 4323 in
518 4262 568 4322 illa
580 4269 662 4324 atate
676 4262 803 4323 amittere
817 4280 875 4322 non
888 4273 1018 4342 possunt.
1059 4262 1165 4337 Neque
1180 4262 1246 4322 ideo

392 4489 435 4557 (1)
454 4487 485 4539 L.
496 4487 522 4540 ii.
533 4487 564 4540 nd
575 4487 684 4540 Uxorem
700 4503 721 4539 o.
732 4503 756 4537 r.

392 4575 436 4643 (a)
454 4575 502 4642 Ep
513 4574 554 4626 liv.
565 4575 625 4626 alias
635 4572 717 4626 cxviii.
726 4572 757 4625 ad
767 4572 920 4627 susanam.

393 4659 437 4726 (8)
455 4657 932 4729 htdspssncnaorcntsscxix.
