2812 5062
329 341 386 402 Du
410 341 684 405 ADORATIONE
705 340 1015 406 EUCHARISTIAE.
1207 344 1264 403 aul

548 923 688 983 clPU‘r
709 922 777 984 XII.

298 1157 355 1211 Du
382 1159 680 1213 ADORA'PIONE
707 1158 1046 1212 EUCHARIS'I'IAE.

12 1396 18 1405 .
111 1347 182 1403 273.
204 1343 300 1411 Quum
316 1343 450 1404 Christus
464 1345 495 1405 in
508 1344 686 1404 eucharistia
699 1344 737 1403 sit
758 1362 896 1423 praesens,
911 1363 1024 1403 summo
1039 1343 1115 1402 cultu
1129 1342 1296 1403 honoram·
1346 1348 1352 1423 j

10 1456 21 1501 r,
71 1438 129 1499 dus
143 1448 196 1509 est,
212 1443 252 1500 uti
266 1451 341 1500 recte
356 1442 459 1501 docent
479 1443 641 1501 Tridentini
662 1453 779 1519 patres:
802 1452 825 1480 “-
835 1442 941 1501 Nullus
962 1439 1109 1500 dubitandi
1127 1441 1206 1499 locus
1225 1459 1268 1500 re·
1338 1440 1345 1511 ,‘
1365 1424 1369 1433 ¹

69 1535 219 1610 linquitur,
245 1539 316 1612 quin
340 1557 440 1598 omnes
466 1538 576 1598 Christi
601 1538 701 1598 fideles
722 1557 774 1617 pro
794 1558 875 1598 more
901 1539 932 1598 in
961 1537 1110 1598 Catholica
1134 1537 1270 1596 Ecclesia
1337 1520 1346 1597 't

70 1651 187 1712 semper
209 1646 336 1714 recepto,
357 1635 444 1695 latriae
469 1636 577 1695 cultum
600 1637 650 1710 qui
672 1630 740 1696 vero
761 1636 827 1696 Deo
849 1635 977 1705 debetur,
999 1635 1068 1694 huic
1088 1635 1269 1696 sanctissimo
1345 1609 1357 1717 ἶ

70 1732 257 1793 Sacramenta
271 1723 301 1793 in
315 1735 497 1793 veneratione
525 1733 686 1794 adhibeant.
728 1735 833 1808 Neque
853 1736 931 1795 enim
951 1734 1016 1794 ideo
1036 1735 1131 1793 minus
1145 1743 1190 1792 est
1203 1731 1269 1792 ado·
1347 1726 1358 1803 ς’

69 1828 192 1889 randum
206 1829 284 1904 quod
298 1829 383 1890 fuerit
395 1850 412 1889 a
426 1830 545 1890 Christo
559 1830 697 1900 Domino,
712 1841 744 1890 ut
754 1841 892 1900 sumatur,
907 1832 1085 1899 institutum
1106 1848 1173 1891 nam
1186 1827 1268 1888 illum
1346 1806 1357 1913 εἰ

67 1925 195 1984 eundern
222 1927 317 1986 Deum
338 1935 507 2004 praesentem
530 1927 560 1985 in
580 1945 616 1986 eo
637 1926 737 1986 adesse
762 1927 915 1995 credimus,
935 1945 1021 2001 quem
1044 1926 1129 1985 Pater
1148 1935 1270 1984 aeternus
1354 1916 1360 1993 ξ

67 2024 254 2083 introducens
269 2027 300 2083 in
315 2026 412 2085 orbem
427 2035 576 2093 terrarum,
592 2023 680 2084 dicit:
702 2025 743 2084 Et
756 2025 874 2084 adorent
885 2043 952 2084 eum
966 2043 1067 2084 omnes
1082 2024 1175 2102 angeli
1189 2023 1267 2091 Dei;
1358 2016 1366 2107 ’ᾗ

67 2139 157 2195 quem
168 2120 250 2200 Magi
264 2122 444 2199 procidentes
466 2122 662 2191 adoraverunt,
678 2141 763 2196 quem
778 2121 902 2196 denique
916 2123 946 2181 in
961 2122 1080 2181 Galilaea
1094 2122 1129 2180 ab
1143 2122 1269 2198 Apostu·
1362 2120 1366 2151 ³

67 2217 106 2277 lis
119 2218 264 2279 adoratum
280 2219 378 2289 fuisse,
394 2221 542 2298 Scriptura
553 2219 715 2279 testatur.'’²
753 2221 942 2279 Anathemate
956 2220 1063 2280 idcirco
1076 2219 1181 2279 feriunt
1191 2219 1268 2277 hune
1346 2208 1358 2285 J

72 2315 256 2375 eucharistia
271 2317 473 2395 impugnantes
488 2317 614 2376 cultum:
637 2325 657 2354 ‘⁶
669 2318 710 2375 Si'
722 2318 787 2391 quis
801 2316 913 2386 dixerit,
929 2317 959 2376 in
979 2325 1078 2376 saneto
1090 2312 1268 2374 eucharistiae
1343 2321 1346 2327 ’

70 2412 258 2472 Sacramento
271 2412 423 2472 Christum
437 2413 617 2490 unigenitum
631 2413 688 2472 Dei
703 2413 809 2472 Filium
823 2432 882 2472 non
896 2431 960 2471 esse
980 2413 1055 2471 cultu
1070 2412 1167 2480 latriae,
1182 2411 1268 2471 etiam

69 2514 202 2576 externo,
217 2508 408 2578 adorandum
430 2519 514 2583 atque
528 2507 594 2568 ideo
608 2528 662 2568 nee
676 2509 779 2567 festiva
799 2509 936 2587 peculiari
957 2508 1118 2568 celebritate
1130 2526 1267 2568 veneran-

68 2603 161 2673 dum;
190 2624 284 2680 neque
309 2607 340 2666 in
367 2607 613 2684 processionibus,
639 2604 797 2666 secundum
824 2605 995 2666 laudabilem
1022 2615 1051 2664 et
1076 2605 1267 2666 universalem

68 2700 213 2760 Ecclesia
228 2702 343 2763 Sanctae
365 2703 451 2762 ritum
476 2712 506 2761 et
528 2701 775 2773 consuetudinem,
796 2703 962 2762 solemniter
981 2701 1268 2780 circumgestandum‚

70 2796 120 2856 rel
134 2816 191 2858 non
206 2800 330 2877 publice,
345 2800 530 2874 utadoretur,
545 2801 653 2879 populo
665 2800 893 2879 proponendum,
908 2801 1013 2878 atejus
1027 2800 1189 2860 adoratores
1203 2818 1268 2860 esse

77 2892 263 2966 idololatras3
285 2897 435 2966 anathema
448 2897 530 2957 sit.'’⁹
940 2942 943 2949 .

110 2997 180 3054 274.
201 2994 251 3054 Ex
264 2996 448 3054 novatoribus
460 2996 532 3073 ipsis
546 2996 661 3054 suerunt
673 2995 723 3070 qui
737 3004 926 3074 agnoscerent
938 2995 1086 3055 Christum
1098 3013 1163 3055 esse
1175 2994 1269 3054 colen·

70 3089 143 3149 dum
166 3092 197 3150 in
221 3091 401 3160 eucharistia,
424 3092 450 3150 si
474 3092 608 3151 adesset:
632 3093 730 3152 “Nos
750 3091 886 3170 semper’‘
909 3093 1004 3168 inquit
1023 3093 1171 3161 Calvinus,
1196 3091 1269 3150 “sic
1301 3122 1304 3135 ι

67 3186 228 3244 ratiocinati
241 3205 352 3256 sumus,
367 3188 392 3244 si
418 3187 551 3246 Christus
572 3188 666 3246 estin
690 3206 774 3264 pane,
790 3206 854 3247 esse
881 3189 934 3246 sub
955 3206 1028 3266 pane
1048 3185 1271 3246 adorandum.''⁸
1313 3143 1324 3261 l

68 3279 151 3339 Beza
171 3281 257 3341 etiam
278 3284 445 3342 consentit.⁴
492 3269 635 3341 Lutherus
657 3282 809 3357 aliquando
830 3283 927 3342 docuit
947 3283 1096 3343 Christum
1117 3282 1268 3344 colendum
1299 3266 1323 3383 J

66 3376 102 3437 in
114 3378 285 3439 eucharistia
308 3382 338 3440 in
358 3382 469 3440 actione
494 3381 696 3440 Sacramentali
709 3385 731 3449 3⁵
752 3381 905 3455 aliquando
922 3382 1065 3464 negauit.⁶
1103 3381 1264 3441 Leibnitius

68 3473 263 3537 adorationem
277 3478 456 3539 eucharistica
465 3479 589 3556 probat.⁷
610 3478 763 3555 Anglicani
777 3478 899 3574 genibus
911 3478 995 3537 flexis
1010 3478 1151 3556 recipiunt
1165 3496 1269 3556 panem
1328 3448 1345 3555 1
1373 3499 1388 3581 p

956 3559 998 3586 “
1016 3573 1018 3578 '
1213 3561 1347 3641 W

25 3694 30 3700 Ι
107 3720 150 3787 (1)
169 3718 526 3785 Sess.xr“d.csp.r.ieremiss
538 3716 640 3782 Taylor,
657 3717 786 3783 episcopus
805 3711 987 3780 exAnglicaue
1005 3722 1071 3767 secta
1088 3714 1270 3779 Catholicoe,a
1298 3701 1306 3751 l

65 3804 169 3857 crimine
179 3805 317 3857 idololatria
326 3803 448 3855 vindicat:
464 3809 479 3834 ‘⁴
486 3802 542 3852 'l'he
553 3802 632 3868 object
644 3801 672 3850 of
686 3802 748 3851 their
757 3801 889 3863 adoration,
900 3801 953 3852 thet
963 3801 1045 3852 which
1055 3801 1236 3868 inrepresented
1243 3808 1270 3852 to

67 3890 141 3943 them
150 3891 179 3942 in
188 3891 252 3942 their
268 3889 357 3951 mindo,
368 3889 430 3939 their
448 3886 572 3950 thoughts,
583 3886 645 3936 their
662 3902 779 3952 purposes
798 3888 841 3952 (by
858 3887 940 3938 which
956 3887 1012 3938 God
1030 3886 1182 3953 principatu,
1192 3886 1216 3937 ii
1227 3893 1271 3937 net

68 3978 238 4048 solely,'talres
249 3976 358 4028 estimato
370 3976 398 4026 oi
410 3975 504 4027 human
516 3974 622 4040 actions)
636 3973 663 4024 in
675 3973 717 4023 the
728 3973 759 4023 B.
770 3973 944 4024 Sacramentis
960 3973 1002 4024 the
1019 3974 1077 4039 only
1088 3981 1141 4024 true
1152 3973 1200 4025 aud
1210 3979 1270 4024 eter-

68 4067 114 4119 nu
125 4065 183 4117 oss
198 4063 384 4132 hymmum
398 4060 481 4129 jorna
498 4061 558 4112 aaa
574 4061 613 4111 aa
630 4060 688 4126 nory
705 4059 843 4125 nummus,
859 4059 941 4111 sucu
959 4059 1087 4125 nummu
1104 4059 1163 4126 noy
1178 4044 1290 4147 unosj

70 4152 183 4214 actually
194 4157 298 4216 present,
308 4149 386 4200 under
393 4148 435 4199 the
442 4147 607 4199 {aeramental
618 4144 710 4211 signs.”
744 4145 843 4212 Liberty
855 4147 883 4197 of
896 4146 1075 4214 Prophesying‚
1086 4146 1149 4198 Soet
1160 4161 1203 4197 xx.

107 4235 151 4302 (2)
171 4232 272 4284 cmvi

104 4319 150 4386 (3)
170 4316 247 4368 Tract
258 4315 345 4367 Theol.
356 4315 386 4366 de
396 4331 453 4366 vera
463 4321 524 4381 part.
532 4329 615 4365 coena.

105 4404 151 4470 (4)
171 4401 201 4453 L.
212 4403 243 4453 de
253 4418 324 4454 coena
334 4401 443 4452 Domini.

105 4490 152 4556 (d)
171 4487 202 4538 1..
213 4487 243 4539 de
254 4488 358 4539 formula
368 4487 457 4538 Misse.

105 4573 152 4642 (6)
169 4572 200 4626 L.
210 4573 241 4625 de
257 4573 412 4626 Eucharistia
421 4572 452 4624 ad
461 4570 588 4623 Waldens

107 4660 153 4727 (7)
172 4659 239 4726 Syst.
255 4659 375 4724 Theolog.
390 4675 416 4726 p.
431 4659 489 4708 250.
