2774 5056
50 2630 54 2781 l

382 332 436 393 DE
459 332 659 394 stertunt
679 332 983 398 NECESSITATE.
1245 338 1285 400 bb

89 490 174 551 forma
188 493 378 570 praescripto:
401 493 482 562 ‘lts,’
494 496 596 569 inquit,
612 493 733 554 ‘docete
744 495 883 566 nationes,
897 496 1059 574 tinguentes
1073 514 1121 554 eas
1133 496 1163 556 in
1175 516 1281 560 nomeu

58 588 175 646 ‘Patris
189 599 221 648 et
234 590 307 649 Filii
322 601 349 648 et
363 591 483 668 Spiritus
499 593 607 651 Sancti.
649 592 727 652 Huic
750 593 807 670 legi
821 594 922 652 collata
942 593 1070 653 delinitio
1090 594 1156 653 illa:
1187 596 1280 656 ‘Nisi

90 684 147 757 quis
161 696 281 744 renatus
295 686 379 745 fuerit
392 706 429 746 ex
442 707 516 762 aqua
529 701 557 747 et
578 689 696 764 Spiritu,
712 707 770 749 non
784 689 897 747 intrabit
910 689 940 748 in
961 708 1084 767 regnum
1107 690 1244 752 coelorum
1261 693 1279 761 ς’

90 781 238 841 obstrinxit
252 782 339 841 fidem
354 783 388 842 ad
403 784 536 861 baptismi
547 786 757 843 necessitatem.
789 784 889 859 Itaque
901 804 1001 844 omnes
1016 785 1120 844 exinde
1133 786 1280 848 credentes

89 878 331 956 tinguebantur.’'²
350 882 480 940 Excusat
492 882 625 958 baptismi
639 900 656 940 a
668 882 742 940 laico
756 880 1026 941 administrationem
1041 882 1078 941 ob
1098 883 1280 960 periclitantis

91 975 301 1035 conditionem:
328 986 348 1014 ⁸⁶
360 978 447 1036 Tunc
463 976 541 1035 enim
555 978 713 1035 constantia
735 977 925 1036 succurrentis
946 977 1096 1054 excipitur,
1111 996 1175 1035 curn
1197 991 1281 1057 urget

90 1071 298 1131 circumstantia
310 1073 494 1150 periclitantis
505 1093 513 1130 ε
535 1074 669 1147 quoniam
681 1074 809 1131 renuerit
822 1073 925 1150 perditi
940 1074 1064 1133 hominis
1076 1073 1101 1132 si
1113 1074 1280 1151 supersede-

91 1168 120 1226 rit
132 1179 269 1247 prestare
285 1170 359 1244 qnod
382 1170 520 1248 potuit.”⁹

125 1270 193 1327 137.
216 1267 249 1324 8.
266 1266 419 1326 Genusus
443 1267 752 1327 Hruuososurrrrsnns
774 1267 827 1325 ait:
851 1268 914 1325 “Si
938 1267 1003 1342 quis
1028 1285 1086 1327 non
1109 1268 1279 1346 baptizatur,

92 1361 204 1421 salntem
231 1381 288 1421 non
314 1362 407 1432 habet,
422 1376 523 1440 praeter
544 1365 621 1423 solos
644 1375 797 1441 martyres,
817 1364 866 1438 qui
888 1364 949 1423 sine
970 1383 1043 1438 aqua
1062 1382 1151 1442 regno
1171 1365 1279 1423 coelesti

93 1460 280 1537 potiuntur.'’⁸

128 1565 192 1619 138.
215 1563 248 1620 8.
274 1562 443 1620 Auaaosrus
468 1561 698 1620 circumcisionis
719 1560 890 1638 mysterium
914 1560 944 1620 in
970 1561 1139 1638 baptismate
1166 1562 1280 1639 impleri

95 1656 185 1717 docet:
210 1658 281 1717 “Et
294 1659 479 1728 domesticus,
495 1670 523 1717 et
537 1659 706 1735 alienigena,
721 1674 749 1717 et
764 1661 861 1736 justus
877 1670 905 1716 et
919 1670 1050 1735 peccator
1063 1660 1281 1719 circumcidatur

96 1754 255 1813 remissione
277 1766 470 1831 peccatorum,
486 1765 516 1812 ut
539 1766 689 1832 peccatum
714 1774 774 1814 non
795 1766 928 1831 operetur
951 1755 1084 1831 amplius,
1107 1756 1173 1830 quia
1195 1774 1280 1817 nemo

98 1851 212 1910 ascendit
226 1851 255 1909 in
270 1870 391 1928 regnum
405 1852 554 1919 coelorum,
568 1853 623 1910 nisi
640 1870 689 1928 per
703 1862 911 1909 sacramentum
923 1850 1135 1927 baptismatis.”
1157 1852 1279 1913 Inferius

99 1946 125 2006 de
136 1934 282 2026 peccatore
297 1949 382 2008 dicit:
408 1951 541 2009 “mentis
562 1968 621 2007 suae
636 1951 778 2008 ascribere
796 1949 879 2007 debet
902 1949 1036 2017 infantie,
1049 1949 1127 2023 qnod
1145 1951 1278 2013 incautus

102 2044 143 2104 init
152 2060 177 2106 et
186 2049 392 2125 intemperans,
403 2048 448 2106 rel
458 2048 656 2107 remissionem
670 2059 911 2125 peccatorumnec
928 2047 1096 2121 acquisivitr
1110 2049 1193 2107 ‘Nisi
1202 2052 1278 2108 enim

104 2145 152 2214 quis
164 2159 277 2204 renatus
291 2145 376 2204 suerit
389 2164 425 2203 ex
440 2164 513 2218 aqua
524 2154 552 2202 et
567 2146 675 2222 Spiritu
689 2145 805 2212 Sancto,
817 2163 876 2203 non
886 2156 980 2220 potest
993 2145 1109 2204 introire
1119 2146 1149 2204 in
1160 2166 1279 2224 regnum

105 2236 163 2299 us:
201 2243 311 2317 Utique
326 2242 434 2300 nullum
448 2243 566 2320 excipit,
581 2262 639 2301 non
654 2240 802 2308 insontem,
815 2260 872 2299 non
884 2241 977 2313 aliqua
991 2251 1166 2318 praeventrm
1181 2226 1278 2301 necesss

107 2337 215 2400 ritate.''⁴

134 2441 192 2497 139.
213 2438 245 2497 S.
261 2438 455 2496 Accusamus
477 2437 617 2513 majorum
638 2452 755 2493 suorum
777 2433 865 2493 fidem
886 2433 1047 2502 enuntians,
1068 2432 1153 2492 dicit:
1178 2435 1278 2492 “Noli

108 2535 208 2605 credere,
222 2556 277 2595 neo
292 2535 396 2603 dicere,
407 2553 459 2593 neo
473 2535 586 2612 docere,
602 2533 734 2599 infantes,
744 2542 895 2604 antequam
907 2533 1094 2610 baptizentur,
1107 2543 1195 2591 morte
1208 2552 1277 2609 prae·

110 2649 194 2706 reatos,
209 2635 360 2714 pervenire
373 2633 502 2712 possead
518 2633 696 2710 originalium
708 2630 912 2708 indulgentiam
923 2643 1113 2709 peccatorum,
1126 2631 1203 2690 siris
1213 2650 1277 2689 esse

110 2728 300 2793 osboriense*

50 2854 54 2863 ·
135 2829 276 2891 Probatur
289 2828 351 2890 III.
375 2845 411 2887 cc
421 2834 562 2907 perpetue
577 2825 792 2886 consuetudine·
801 2824 954 2887 Ecclesiae.

138 2931 192 2988 llll.
214 2930 320 3007 Verbis
335 2927 461 3005 praeclari
476 2925 597 2983 vindicis
612 2924 697 3001 hujus
712 2924 888 2981 Sacramenti
902 2924 1065 3000 Augustini,
1081 2939 1276 3000 argumentum

111 3039 242 3102 proponere
258 3027 360 3104 juvate
382 3023 551 3096 “Quisquis
567 3022 680 3088 dixerit,
696 3021 772 3095 quod
788 3020 818 3078 in
833 3020 951 3079 Christo
966 3021 1181 3079 vivificabuntur
1192 3023 1275 3079 etiam

111 3124 203 3192 parvuli,
218 3125 268 3199 qui
283 3125 347 3181 sine
360 3121 536 3180 Sacramenti
550 3119 612 3197 ejus
629 3119 842 3196 participatione
858 3117 893 3175 de
908 3119 965 3175 vita
979 3131 1095 3184 exeunt,
1112 3118 1237 3194 profecti»
1250 3132 1277 3176 et

112 3229 183 3279 contra
194 3221 391 3298 Apostolicam
404 3217 634 3295 pradicationem
650 3217 737 3284 uenit,
752 3227 781 3273 et
802 3227 889 3273 rotam
910 3213 1080 3273 condemnat
1102 3215 1275 3289 Ecclesiam,

112 3312 295 3396 tbipropterea
320 3336 386 3374 cum
407 3315 583 3392 baptisandis
607 3314 731 3390 paruulis
753 3313 901 3371 festinatur
922 3326 951 3369 et
974 3314 1102 3379 curritur,
1124 3313 1191 3385 quia
1214 3315 1276 3371 siue

113 3409 176 3470 dubio
188 3415 319 3481 creditur,
333 3413 412 3473 aliter
426 3430 476 3468 eos
490 3413 520 3470 in
535 3411 651 3468 Christo
665 3410 783 3468 omnino
795 3407 933 3466 vivificari
947 3426 1004 3466 non
1018 3406 1151 3483 posse.”⁶

141 3503 346 3571 ProbaturIV.
378 3505 579 3567 Consiliorum
593 3505 779 3565 contentato.

144 3607 196 3666 ttt.
215 3607 384 3684 Pelagianos
398 3607 428 3665 in
443 3605 569 3682 pluribus
593 3603 722 3662 conciliis
748 3602 848 3676 quinto
868 3600 973 3660 saeculo
987 3599 1133 3659 damnatos
1155 3612 1274 3672 constat,

113 3697 215 3763 Summis
228 3704 415 3765 Pontificibus
441 3703 634 3780 probantibus,
650 3702 690 3760 ob
708 3699 906 3761 necessitatem
927 3697 1093 3776 denegatam
1112 3700 1275 3777 baptizandi

113 3801 220 3869 parrulos
234 3805 264 3862 in
286 3802 484 3863 remissionem
507 3811 697 3878 peccatorum,
719 3809 747 3857 et
767 3798 897 3855 salutem.
940 3796 1134 3857 “Concilium
1157 3799 1274 3881 Cprtha:

113 3891 221 3967 ginone,
232 3920 304 3959 anuo
318 3903 376 3958 416
390 3899 528 3966 habitum,
544 3897 580 3955 de
602 3897 646 3954 eis
659 3897 718 3955 ait:
742 3892 912 3953 “Parvulos
925 3893 1008 3953 etiarn
1024 3905 1138 3973 propter
1152 3897 1271 3957 salutem

317 4099 362 4165 (1)
378 4097 408 4149 L.
419 4097 450 4147 de
461 4095 588 4161 Baptismo
600 4111 622 4146 e.
633 4094 687 4147 xiii,

317 4186 359 4252 (2)
378 4184 470 4234 Ibidem
482 4200 503 4233 c.
514 4183 572 4232 xvii.

315 4273 356 4337 (8)
375 4270 475 4320 Gateclr.
486 4269 521 4319 iii.

314 4357 355 4422 (4)
371 4355 401 4406 L.
413 4356 443 4406 de
454 4355 494 4404 his
505 4353 547 4418 qui
559 4350 686 4402 initiantur
696 4368 718 4402 c.
731 4349 769 4400 xi,

317 4445 358 4511 (5)
377 4444 432 4495 Lib.
443 4444 477 4492 iii.
489 4443 519 4491 de
530 4442 612 4490 enimn
623 4450 647 4489 et
658 4441 711 4505 ejus
721 4434 815 4496 origine
827 4447 848 4482 c.
860 4432 895 4483 ix.

315 4530 355 4596 (6)
374 4530 420 4596 Rp.
433 4528 505 4580 clxvi.
517 4527 576 4576 elias
587 4525 664 4574 xxviii
682 4524 713 4573 sd
724 4521 868 4582 Hieronym.
880 4536 901 4568 c.
912 4517 953 4566 rii.

661 4633 696 4688 6*
