<?xml version="1.0" encoding="UTF-8"?>
<!DOCTYPE html PUBLIC "-//W3C//DTD XHTML 1.0 Transitional//EN"
    "http://www.w3.org/TR/xhtml1/DTD/xhtml1-transitional.dtd">
<html xmlns="http://www.w3.org/1999/xhtml" xml:lang="en" lang="en">
 <head>
  <title>
</title>
<meta http-equiv="Content-Type" content="text/html;charset=utf-8" />
  <meta name='ocr-system' content='tesseract 3.04.00' />
  <meta name='ocr-capabilities' content='ocr_page ocr_carea ocr_par ocr_line ocrx_word'/>
</head>
<body>
  <div class='ocr_page' id='page_1' title='image "./theologidogmati03kenrgoog_0317.png"; bbox 0 0 2774 5056; ppageno 0'>
   <div class='ocr_carea' id='block_1_1' title="bbox 147 311 1206 378">
    <p class='ocr_par' dir='ltr' id='par_1_1' title="bbox 147 311 1206 378">
     <span class='ocr_line' id='line_1_1' title="bbox 147 311 1206 378; baseline 0.005 -5"><span class='ocrx_word' id='word_1_1' title='bbox 147 316 206 373; x_wconf 83' lang='lat' dir='ltr'><strong>ult</strong></span> <span class='ocrx_word' id='word_1_2' title='bbox 326 312 385 374; x_wconf 79' lang='lat' dir='ltr'><strong>DE</strong></span> <span class='ocrx_word' id='word_1_3' title='bbox 406 311 661 374; x_wconf 68' lang='lat' dir='ltr'><strong>nonnarum</strong></span> <span class='ocrx_word' id='word_1_4' title='bbox 682 313 959 375; x_wconf 65' lang='lat' dir='ltr'><strong>tinnimentum</strong></span> <span class='ocrx_word' id='word_1_5' title='bbox 979 314 1206 378; x_wconf 50' lang='lat' dir='ltr'><strong>Piscem„</strong></span> 
     </span>
    </p>
   </div>
   <div class='ocr_carea' id='block_1_2' title="bbox 145 471 1357 4069">
    <p class='ocr_par' dir='ltr' id='par_1_2' title="bbox 145 471 1357 829">
     <span class='ocr_line' id='line_1_2' title="bbox 188 471 1357 551; baseline 0.003 -19"><span class='ocrx_word' id='word_1_6' title='bbox 188 477 235 532; x_wconf 76' lang='lat'><strong>12.</strong></span> <span class='ocrx_word' id='word_1_7' title='bbox 251 472 284 530; x_wconf 81' lang='lat' dir='ltr'><strong>S.</strong></span> <span class='ocrx_word' id='word_1_8' title='bbox 300 471 468 532; x_wconf 80' lang='lat' dir='ltr'><strong>Hmrmns:</strong></span> <span class='ocrx_word' id='word_1_9' title='bbox 492 482 513 511; x_wconf 86' lang='lat'>“</span> <span class='ocrx_word' id='word_1_10' title='bbox 523 471 569 532; x_wconf 88' lang='lat' dir='ltr'><strong>ot</strong></span> <span class='ocrx_word' id='word_1_11' title='bbox 587 472 687 531; x_wconf 88' lang='lat' dir='ltr'><strong>beatus</strong></span> <span class='ocrx_word' id='word_1_12' title='bbox 701 472 767 532; x_wconf 86' lang='lat' dir='ltr'><strong>coeli</strong></span> <span class='ocrx_word' id='word_1_13' title='bbox 777 472 903 550; x_wconf 88' lang='lat' dir='ltr'><strong>janitor!</strong></span> <span class='ocrx_word' id='word_1_14' title='bbox 917 472 1001 551; x_wconf 86' lang='lat' dir='ltr'><strong>cujus</strong></span> <span class='ocrx_word' id='word_1_15' title='bbox 1014 474 1130 534; x_wconf 88' lang='lat' dir='ltr'><strong>arbitrio</strong></span> <span class='ocrx_word' id='word_1_16' title='bbox 1144 475 1242 535; x_wconf 81' lang='lat' dir='ltr'><strong>olavus</strong></span> <span class='ocrx_word' id='word_1_17' title='bbox 1256 478 1357 536; x_wconf 81' lang='lat' dir='ltr'><strong>aeterni</strong></span> 
     </span>
     <span class='ocr_line' id='line_1_3' title="bbox 145 567 1355 646; baseline 0.002 -17"><span class='ocrx_word' id='word_1_18' title='bbox 145 569 239 630; x_wconf 82' lang='lat' dir='ltr'><strong>editus</strong></span> <span class='ocrx_word' id='word_1_19' title='bbox 250 567 405 638; x_wconf 83' lang='lat' dir='ltr'><strong>truduntur,</strong></span> <span class='ocrx_word' id='word_1_20' title='bbox 418 569 501 646; x_wconf 87' lang='lat' dir='ltr'><strong>cujus</strong></span> <span class='ocrx_word' id='word_1_21' title='bbox 512 577 644 628; x_wconf 87' lang='lat' dir='ltr'><strong>terrestre</strong></span> <span class='ocrx_word' id='word_1_22' title='bbox 653 567 797 645; x_wconf 87' lang='lat' dir='ltr'><strong>judicium</strong></span> <span class='ocrx_word' id='word_1_23' title='bbox 809 568 992 646; x_wconf 74' lang='lat' dir='ltr'><strong>prejudicata</strong></span> <span class='ocrx_word' id='word_1_24' title='bbox 1002 570 1159 629; x_wconf 68' lang='lat' dir='ltr'><strong>authoritas</strong></span> <span class='ocrx_word' id='word_1_25' title='bbox 1168 571 1209 631; x_wconf 88' lang='lat' dir='ltr'><strong>sit</strong></span> <span class='ocrx_word' id='word_1_26' title='bbox 1219 571 1250 630; x_wconf 91' lang='lat' dir='ltr'><strong>in</strong></span> <span class='ocrx_word' id='word_1_27' title='bbox 1260 571 1355 636; x_wconf 75' lang='lat' dir='ltr'><strong>coelot</strong></span> 
     </span>
     <span class='ocr_line' id='line_1_4' title="bbox 145 671 1357 751; baseline 0.003 -21"><span class='ocrx_word' id='word_1_28' title='bbox 145 682 178 730; x_wconf 90' lang='lat' dir='ltr'><strong>ut</strong></span> <span class='ocrx_word' id='word_1_29' title='bbox 190 690 254 746; x_wconf 76' lang='lat' dir='ltr'><strong>qus</strong></span> <span class='ocrx_word' id='word_1_30' title='bbox 265 671 295 730; x_wconf 89' lang='lat' dir='ltr'><strong>in</strong></span> <span class='ocrx_word' id='word_1_31' title='bbox 305 672 388 730; x_wconf 86' lang='lat' dir='ltr'><strong>terris</strong></span> <span class='ocrx_word' id='word_1_32' title='bbox 398 682 447 730; x_wconf 81' lang='lat' dir='ltr'><strong>aut</strong></span> <span class='ocrx_word' id='word_1_33' title='bbox 463 671 549 750; x_wconf 77' lang='lat' dir='ltr'><strong>ligata</strong></span> <span class='ocrx_word' id='word_1_34' title='bbox 561 673 629 740; x_wconf 89' lang='lat' dir='ltr'><strong>sint,</strong></span> <span class='ocrx_word' id='word_1_35' title='bbox 645 682 693 730; x_wconf 89' lang='lat' dir='ltr'><strong>aut</strong></span> <span class='ocrx_word' id='word_1_36' title='bbox 704 672 808 741; x_wconf 89' lang='lat' dir='ltr'><strong>soluta,</strong></span> <span class='ocrx_word' id='word_1_37' title='bbox 822 673 918 732; x_wconf 90' lang='lat' dir='ltr'><strong>statuti</strong></span> <span class='ocrx_word' id='word_1_38' title='bbox 929 673 1060 751; x_wconf 86' lang='lat' dir='ltr'><strong>ejusdem</strong></span> <span class='ocrx_word' id='word_1_39' title='bbox 1070 673 1272 736; x_wconf 87' lang='lat' dir='ltr'><strong>conditionem</strong></span> <span class='ocrx_word' id='word_1_40' title='bbox 1285 677 1357 735; x_wconf 90' lang='lat' dir='ltr'><strong>ohti-</strong></span> 
     </span>
     <span class='ocr_line' id='line_1_5' title="bbox 146 767 451 829; baseline -0.007 0"><span class='ocrx_word' id='word_1_41' title='bbox 146 781 234 829; x_wconf 85' lang='lat' dir='ltr'><strong>uesut</strong></span> <span class='ocrx_word' id='word_1_42' title='bbox 243 779 272 827; x_wconf 93' lang='lat' dir='ltr'><strong>et</strong></span> <span class='ocrx_word' id='word_1_43' title='bbox 285 769 316 827; x_wconf 91' lang='lat' dir='ltr'><strong>in</strong></span> <span class='ocrx_word' id='word_1_44' title='bbox 330 767 451 827; x_wconf 85' lang='lat' dir='ltr'><strong>coelo.&#39;&#39;²</strong></span> 
     </span>
    </p>

    <p class='ocr_par' dir='ltr' id='par_1_3' title="bbox 146 864 1356 2581">
     <span class='ocr_line' id='line_1_6' title="bbox 187 864 1352 939; baseline 0.002 -14"><span class='ocrx_word' id='word_1_45' title='bbox 187 870 236 925; x_wconf 79' lang='lat'><strong>1³.</strong></span> <span class='ocrx_word' id='word_1_46' title='bbox 257 865 290 924; x_wconf 72' lang='lat' dir='ltr'><strong>S.</strong></span> <span class='ocrx_word' id='word_1_47' title='bbox 312 867 484 925; x_wconf 74' lang='lat' dir='ltr'><strong>Anerosms</strong></span> <span class='ocrx_word' id='word_1_48' title='bbox 498 864 593 925; x_wconf 85' lang='lat' dir='ltr'><strong>Deum</strong></span> <span class='ocrx_word' id='word_1_49' title='bbox 607 865 651 924; x_wconf 92' lang='lat' dir='ltr'><strong>sic</strong></span> <span class='ocrx_word' id='word_1_50' title='bbox 664 865 828 939; x_wconf 78' lang='lat' dir='ltr'><strong>alloquitur,</strong></span> <span class='ocrx_word' id='word_1_51' title='bbox 844 866 1073 926; x_wconf 87' lang='lat' dir='ltr'><strong>Novatianorum</strong></span> <span class='ocrx_word' id='word_1_52' title='bbox 1087 878 1192 927; x_wconf 89' lang='lat' dir='ltr'><strong>notans</strong></span> <span class='ocrx_word' id='word_1_53' title='bbox 1203 886 1352 927; x_wconf 89' lang='lat' dir='ltr'><strong>errorem:</strong></span> 
     </span>
     <span class='ocr_line' id='line_1_7' title="bbox 147 960 1356 1042; baseline 0.002 -22"><span class='ocrx_word' id='word_1_54' title='bbox 147 971 168 1001; x_wconf 77' lang='lat'><strong>⁴⁴</strong></span> <span class='ocrx_word' id='word_1_55' title='bbox 181 960 267 1030; x_wconf 84' lang='lat' dir='ltr'><strong>Quod</strong></span> <span class='ocrx_word' id='word_1_56' title='bbox 280 981 348 1040; x_wconf 82' lang='lat' dir='ltr'><strong>ergo</strong></span> <span class='ocrx_word' id='word_1_57' title='bbox 362 962 410 1021; x_wconf 90' lang='lat' dir='ltr'><strong>isti</strong></span> <span class='ocrx_word' id='word_1_58' title='bbox 425 972 546 1040; x_wconf 83' lang='lat' dir='ltr'><strong>possunt</strong></span> <span class='ocrx_word' id='word_1_59' title='bbox 568 962 743 1021; x_wconf 75' lang='lat' dir='ltr'><strong>consortium</strong></span> <span class='ocrx_word' id='word_1_60' title='bbox 765 971 860 1021; x_wconf 87' lang='lat' dir='ltr'><strong>tecum</strong></span> <span class='ocrx_word' id='word_1_61' title='bbox 882 962 997 1031; x_wconf 89' lang='lat' dir='ltr'><strong>habere,</strong></span> <span class='ocrx_word' id='word_1_62' title='bbox 1013 964 1062 1037; x_wconf 93' lang='lat' dir='ltr'><strong>qui</strong></span> <span class='ocrx_word' id='word_1_63' title='bbox 1082 964 1181 1023; x_wconf 81' lang='lat' dir='ltr'><strong>claves</strong></span> <span class='ocrx_word' id='word_1_64' title='bbox 1195 964 1284 1042; x_wconf 79' lang='lat' dir='ltr'><strong>regni</strong></span> <span class='ocrx_word' id='word_1_65' title='bbox 1297 982 1356 1023; x_wconf 92' lang='lat' dir='ltr'><strong>non</strong></span> 
     </span>
     <span class='ocr_line' id='line_1_8' title="bbox 147 1058 1355 1137; baseline 0.002 -20"><span class='ocrx_word' id='word_1_66' title='bbox 147 1059 319 1136; x_wconf 87' lang='lat' dir='ltr'><strong>suscipiunt,</strong></span> <span class='ocrx_word' id='word_1_67' title='bbox 333 1072 469 1137; x_wconf 80' lang='lat' dir='ltr'><strong>negantes</strong></span> <span class='ocrx_word' id='word_1_68' title='bbox 484 1058 562 1133; x_wconf 89' lang='lat' dir='ltr'><strong>quod</strong></span> <span class='ocrx_word' id='word_1_69' title='bbox 575 1058 719 1119; x_wconf 85' lang='lat' dir='ltr'><strong>dimittere</strong></span> <span class='ocrx_word' id='word_1_70' title='bbox 733 1069 850 1136; x_wconf 87' lang='lat' dir='ltr'><strong>peccatu</strong></span> <span class='ocrx_word' id='word_1_71' title='bbox 864 1058 1007 1119; x_wconf 76' lang='lat' dir='ltr'><strong>debeant</strong></span> <span class='ocrx_word' id='word_1_72' title='bbox 1042 1059 1128 1128; x_wconf 86' lang='lat' dir='ltr'><strong>Quod</strong></span> <span class='ocrx_word' id='word_1_73' title='bbox 1143 1059 1263 1134; x_wconf 83' lang='lat' dir='ltr'><strong>quidem</strong></span> <span class='ocrx_word' id='word_1_74' title='bbox 1279 1074 1355 1120; x_wconf 88' lang='lat' dir='ltr'><strong>recte</strong></span> 
     </span>
     <span class='ocr_line' id='line_1_9' title="bbox 147 1154 1354 1230; baseline 0.003 -17"><span class='ocrx_word' id='word_1_75' title='bbox 147 1154 183 1214; x_wconf 88' lang='lat' dir='ltr'><strong>da</strong></span> <span class='ocrx_word' id='word_1_76' title='bbox 205 1173 237 1214; x_wconf 83' lang='lat' dir='ltr'><strong>se</strong></span> <span class='ocrx_word' id='word_1_77' title='bbox 262 1154 394 1225; x_wconf 81' lang='lat' dir='ltr'><strong>letentur,</strong></span> <span class='ocrx_word' id='word_1_78' title='bbox 408 1174 468 1215; x_wconf 91' lang='lat' dir='ltr'><strong>nou</strong></span> <span class='ocrx_word' id='word_1_79' title='bbox 491 1155 597 1215; x_wconf 82' lang='lat' dir='ltr'><strong>hahent</strong></span> <span class='ocrx_word' id='word_1_80' title='bbox 616 1156 694 1215; x_wconf 86' lang='lat' dir='ltr'><strong>enim</strong></span> <span class='ocrx_word' id='word_1_81' title='bbox 715 1155 794 1214; x_wconf 84' lang='lat' dir='ltr'><strong>Patri</strong></span> <span class='ocrx_word' id='word_1_82' title='bbox 809 1155 1013 1226; x_wconf 74' lang='lat' dir='ltr'><strong>hereditatem,</strong></span> <span class='ocrx_word' id='word_1_83' title='bbox 1029 1157 1079 1230; x_wconf 92' lang='lat' dir='ltr'><strong>qui</strong></span> <span class='ocrx_word' id='word_1_84' title='bbox 1095 1157 1176 1216; x_wconf 89' lang='lat' dir='ltr'><strong>Petri</strong></span> <span class='ocrx_word' id='word_1_85' title='bbox 1185 1156 1281 1217; x_wconf 82' lang='lat' dir='ltr'><strong>tidem</strong></span> <span class='ocrx_word' id='word_1_86' title='bbox 1297 1177 1354 1217; x_wconf 89' lang='lat' dir='ltr'><strong>non</strong></span> 
     </span>
     <span class='ocr_line' id='line_1_10' title="bbox 146 1251 1351 1331; baseline 0.001 -19"><span class='ocrx_word' id='word_1_87' title='bbox 146 1252 262 1320; x_wconf 83' lang='lat' dir='ltr'><strong>hebent,</strong></span> <span class='ocrx_word' id='word_1_88' title='bbox 278 1270 363 1326; x_wconf 90' lang='lat' dir='ltr'><strong>quarn</strong></span> <span class='ocrx_word' id='word_1_89' title='bbox 378 1252 467 1330; x_wconf 83' lang='lat' dir='ltr'><strong>impia</strong></span> <span class='ocrx_word' id='word_1_90' title='bbox 488 1252 629 1313; x_wconf 83' lang='lat' dir='ltr'><strong>divisione</strong></span> <span class='ocrx_word' id='word_1_91' title='bbox 650 1253 826 1330; x_wconf 89' lang='lat' dir='ltr'><strong>discerpunt.</strong></span> <span class='ocrx_word' id='word_1_92' title='bbox 868 1251 927 1311; x_wconf 86' lang='lat' dir='ltr'><strong>Sed</strong></span> <span class='ocrx_word' id='word_1_93' title='bbox 941 1253 997 1312; x_wconf 93' lang='lat' dir='ltr'><strong>hoc</strong></span> <span class='ocrx_word' id='word_1_94' title='bbox 1011 1253 1152 1331; x_wconf 87' lang='lat' dir='ltr'><strong>improba,</strong></span> <span class='ocrx_word' id='word_1_95' title='bbox 1170 1253 1351 1328; x_wconf 85' lang='lat' dir='ltr'><strong>quodetiam</strong></span> 
     </span>
     <span class='ocr_line' id='line_1_11' title="bbox 147 1349 1351 1428; baseline 0.001 -18"><span class='ocrx_word' id='word_1_96' title='bbox 147 1350 179 1411; x_wconf 89' lang='lat' dir='ltr'><strong>iu</strong></span> <span class='ocrx_word' id='word_1_97' title='bbox 201 1350 334 1410; x_wconf 80' lang='lat' dir='ltr'><strong>Ecclesia</strong></span> <span class='ocrx_word' id='word_1_98' title='bbox 358 1349 457 1410; x_wconf 89' lang='lat' dir='ltr'><strong>donari</strong></span> <span class='ocrx_word' id='word_1_99' title='bbox 482 1362 597 1428; x_wconf 82' lang='lat' dir='ltr'><strong>peccata</strong></span> <span class='ocrx_word' id='word_1_100' title='bbox 616 1362 722 1428; x_wconf 84' lang='lat' dir='ltr'><strong>negant</strong></span> <span class='ocrx_word' id='word_1_101' title='bbox 741 1369 839 1428; x_wconf 86' lang='lat' dir='ltr'><strong>posse,</strong></span> <span class='ocrx_word' id='word_1_102' title='bbox 861 1369 928 1410; x_wconf 89' lang='lat' dir='ltr'><strong>curn</strong></span> <span class='ocrx_word' id='word_1_103' title='bbox 949 1351 1036 1411; x_wconf 88' lang='lat' dir='ltr'><strong>Petro</strong></span> <span class='ocrx_word' id='word_1_104' title='bbox 1049 1351 1158 1411; x_wconf 87' lang='lat' dir='ltr'><strong>dictum</strong></span> <span class='ocrx_word' id='word_1_105' title='bbox 1174 1353 1235 1412; x_wconf 83' lang='lat' dir='ltr'><strong>sit:</strong></span> <span class='ocrx_word' id='word_1_106' title='bbox 1260 1351 1351 1412; x_wconf 85' lang='lat' dir='ltr'><strong>‘Tibi</strong></span> 
     </span>
     <span class='ocr_line' id='line_1_12' title="bbox 148 1446 1352 1526; baseline 0.002 -20"><span class='ocrx_word' id='word_1_107' title='bbox 148 1446 222 1506; x_wconf 92' lang='lat' dir='ltr'><strong>dabo</strong></span> <span class='ocrx_word' id='word_1_108' title='bbox 235 1447 331 1506; x_wconf 87' lang='lat' dir='ltr'><strong>clavas</strong></span> <span class='ocrx_word' id='word_1_109' title='bbox 344 1448 425 1525; x_wconf 82' lang='lat' dir='ltr'><strong>regni</strong></span> <span class='ocrx_word' id='word_1_110' title='bbox 446 1447 594 1515; x_wconf 77' lang='lat' dir='ltr'><strong>coelorum,</strong></span> <span class='ocrx_word' id='word_1_111' title='bbox 616 1459 646 1506; x_wconf 89' lang='lat' dir='ltr'><strong>et</strong></span> <span class='ocrx_word' id='word_1_112' title='bbox 666 1465 854 1520; x_wconf 85' lang='lat' dir='ltr'><strong>quaecnmque</strong></span> <span class='ocrx_word' id='word_1_113' title='bbox 874 1447 1007 1524; x_wconf 79' lang='lat' dir='ltr'><strong>ligaveris</strong></span> <span class='ocrx_word' id='word_1_114' title='bbox 1029 1466 1116 1526; x_wconf 83' lang='lat' dir='ltr'><strong>super</strong></span> <span class='ocrx_word' id='word_1_115' title='bbox 1137 1459 1256 1517; x_wconf 86' lang='lat' dir='ltr'><strong>terram,</strong></span> <span class='ocrx_word' id='word_1_116' title='bbox 1272 1461 1352 1509; x_wconf 88' lang='lat' dir='ltr'><strong>eruut</strong></span> 
     </span>
     <span class='ocr_line' id='line_1_13' title="bbox 148 1542 1349 1621; baseline 0.001 -18"><span class='ocrx_word' id='word_1_117' title='bbox 148 1542 236 1621; x_wconf 84' lang='lat' dir='ltr'><strong>ligata</strong></span> <span class='ocrx_word' id='word_1_118' title='bbox 248 1556 278 1601; x_wconf 92' lang='lat' dir='ltr'><strong>et</strong></span> <span class='ocrx_word' id='word_1_119' title='bbox 292 1543 321 1602; x_wconf 91' lang='lat' dir='ltr'><strong>iu</strong></span> <span class='ocrx_word' id='word_1_120' title='bbox 335 1543 427 1602; x_wconf 86' lang='lat' dir='ltr'><strong>coelo:</strong></span> <span class='ocrx_word' id='word_1_121' title='bbox 450 1554 479 1601; x_wconf 88' lang='lat' dir='ltr'><strong>at</strong></span> <span class='ocrx_word' id='word_1_122' title='bbox 492 1561 680 1616; x_wconf 77' lang='lat' dir='ltr'><strong>quacumque</strong></span> <span class='ocrx_word' id='word_1_123' title='bbox 694 1542 816 1601; x_wconf 85' lang='lat' dir='ltr'><strong>solveris</strong></span> <span class='ocrx_word' id='word_1_124' title='bbox 831 1561 918 1621; x_wconf 89' lang='lat' dir='ltr'><strong>super</strong></span> <span class='ocrx_word' id='word_1_125' title='bbox 933 1555 1045 1610; x_wconf 84' lang='lat' dir='ltr'><strong>terrum,</strong></span> <span class='ocrx_word' id='word_1_126' title='bbox 1061 1554 1144 1602; x_wconf 87' lang='lat' dir='ltr'><strong>erunt</strong></span> <span class='ocrx_word' id='word_1_127' title='bbox 1168 1543 1266 1604; x_wconf 88' lang='lat' dir='ltr'><strong>solnta</strong></span> <span class='ocrx_word' id='word_1_128' title='bbox 1281 1547 1349 1605; x_wconf 88' lang='lat' dir='ltr'><strong>etin</strong></span> 
     </span>
     <span class='ocr_line' id='line_1_14' title="bbox 149 1640 1351 1721; baseline 0.002 -20"><span class='ocrx_word' id='word_1_129' title='bbox 149 1640 280 1701; x_wconf 84' lang='lat' dir='ltr'><strong>coelis.&#39;’¹</strong></span> <span class='ocrx_word' id='word_1_130' title='bbox 319 1640 477 1718; x_wconf 85' lang='lat' dir='ltr'><strong>Redarguit</strong></span> <span class='ocrx_word' id='word_1_131' title='bbox 490 1641 668 1699; x_wconf 82' lang='lat' dir='ltr'><strong>Noratiauos</strong></span> <span class='ocrx_word' id='word_1_132' title='bbox 684 1641 734 1714; x_wconf 91' lang='lat' dir='ltr'><strong>qui</strong></span> <span class='ocrx_word' id='word_1_133' title='bbox 753 1640 901 1700; x_wconf 92' lang='lat' dir='ltr'><strong>hominem</strong></span> <span class='ocrx_word' id='word_1_134' title='bbox 913 1641 1055 1701; x_wconf 83' lang='lat' dir='ltr'><strong>dimittere</strong></span> <span class='ocrx_word' id='word_1_135' title='bbox 1070 1660 1158 1720; x_wconf 85' lang='lat' dir='ltr'><strong>posse</strong></span> <span class='ocrx_word' id='word_1_136' title='bbox 1173 1656 1294 1721; x_wconf 86' lang='lat' dir='ltr'><strong>peccate</strong></span> <span class='ocrx_word' id='word_1_137' title='bbox 1306 1663 1351 1703; x_wconf 90' lang='lat' dir='ltr'><strong>ne·</strong></span> 
     </span>
     <span class='ocr_line' id='line_1_15' title="bbox 148 1737 1348 1820; baseline 0.002 -22"><span class='ocrx_word' id='word_1_138' title='bbox 148 1750 236 1818; x_wconf 78' lang='lat' dir='ltr'><strong>gant:</strong></span> <span class='ocrx_word' id='word_1_139' title='bbox 259 1747 279 1776; x_wconf 90' lang='grc'>“</span> <span class='ocrx_word' id='word_1_140' title='bbox 293 1737 382 1797; x_wconf 88' lang='lat' dir='ltr'><strong>Nulla</strong></span> <span class='ocrx_word' id='word_1_141' title='bbox 395 1738 425 1797; x_wconf 93' lang='lat' dir='ltr'><strong>in</strong></span> <span class='ocrx_word' id='word_1_142' title='bbox 439 1739 485 1797; x_wconf 90' lang='lat' dir='ltr'><strong>his</strong></span> <span class='ocrx_word' id='word_1_143' title='bbox 500 1738 625 1798; x_wconf 91' lang='lat' dir='ltr'><strong>huminis</strong></span> <span class='ocrx_word' id='word_1_144' title='bbox 640 1745 765 1817; x_wconf 87' lang='lat' dir='ltr'><strong>potestas</strong></span> <span class='ocrx_word' id='word_1_145' title='bbox 779 1749 833 1808; x_wconf 91' lang='lat' dir='ltr'><strong>est,</strong></span> <span class='ocrx_word' id='word_1_146' title='bbox 848 1739 898 1797; x_wconf 90' lang='lat' dir='ltr'><strong>ubi</strong></span> <span class='ocrx_word' id='word_1_147' title='bbox 912 1739 1002 1799; x_wconf 88' lang='lat' dir='ltr'><strong>divini</strong></span> <span class='ocrx_word' id='word_1_148' title='bbox 1016 1740 1144 1799; x_wconf 86' lang='lat' dir='ltr'><strong>muneris</strong></span> <span class='ocrx_word' id='word_1_149' title='bbox 1160 1742 1254 1818; x_wconf 74' lang='lat' dir='ltr'><strong>gratia</strong></span> <span class='ocrx_word' id='word_1_150' title='bbox 1266 1741 1348 1820; x_wconf 76' lang='lat' dir='ltr'><strong>riget</strong></span> 
     </span>
     <span class='ocr_line' id='line_1_16' title="bbox 151 1833 1349 1914; baseline 0.001 -20"><span class='ocrx_word' id='word_1_151' title='bbox 151 1877 159 1894; x_wconf 93' lang='lat'><em>.</em></span> <span class='ocrx_word' id='word_1_152' title='bbox 183 1877 191 1894; x_wconf 90' lang='lat'><strong>.</strong></span> <span class='ocrx_word' id='word_1_153' title='bbox 214 1876 222 1893; x_wconf 89' lang='lat'><strong>.</strong></span> <span class='ocrx_word' id='word_1_154' title='bbox 244 1833 307 1893; x_wconf 84' lang='lat' dir='ltr'><strong>Our</strong></span> <span class='ocrx_word' id='word_1_155' title='bbox 320 1835 481 1913; x_wconf 80' lang='lat' dir='ltr'><strong>baptisatis,</strong></span> <span class='ocrx_word' id='word_1_156' title='bbox 496 1835 522 1893; x_wconf 88' lang='lat' dir='ltr'><strong>si</strong></span> <span class='ocrx_word' id='word_1_157' title='bbox 536 1853 587 1913; x_wconf 89' lang='lat' dir='ltr'><strong>per</strong></span> <span class='ocrx_word' id='word_1_158' title='bbox 600 1834 747 1894; x_wconf 91' lang='lat' dir='ltr'><strong>hominem</strong></span> <span class='ocrx_word' id='word_1_159' title='bbox 761 1848 878 1912; x_wconf 83' lang='lat' dir='ltr'><strong>peccatu</strong></span> <span class='ocrx_word' id='word_1_160' title='bbox 897 1834 1003 1894; x_wconf 88' lang='lat' dir='ltr'><strong>dimitti</strong></span> <span class='ocrx_word' id='word_1_161' title='bbox 1023 1854 1081 1895; x_wconf 90' lang='lat' dir='ltr'><strong>non</strong></span> <span class='ocrx_word' id='word_1_162' title='bbox 1105 1835 1198 1895; x_wconf 79' lang='lat' dir='ltr'><strong>liceti</strong></span> <span class='ocrx_word' id='word_1_163' title='bbox 1240 1837 1275 1897; x_wconf 93' lang='lat' dir='ltr'><strong>lu</strong></span> <span class='ocrx_word' id='word_1_164' title='bbox 1288 1838 1349 1914; x_wconf 65' lang='lat' dir='ltr'><strong>bau</strong></span> 
     </span>
     <span class='ocr_line' id='line_1_17' title="bbox 149 1932 1347 2013; baseline 0.001 -21"><span class='ocrx_word' id='word_1_165' title='bbox 149 1934 236 1993; x_wconf 80' lang='lat' dir='ltr'><strong>tiemo</strong></span> <span class='ocrx_word' id='word_1_166' title='bbox 249 1935 348 2008; x_wconf 87' lang='lat' dir='ltr'><strong>ntique</strong></span> <span class='ocrx_word' id='word_1_167' title='bbox 361 1934 495 1993; x_wconf 77' lang='lat' dir='ltr'><strong>remissio</strong></span> <span class='ocrx_word' id='word_1_168' title='bbox 509 1944 690 2011; x_wconf 88' lang='lat' dir='ltr'><strong>peccatorum</strong></span> <span class='ocrx_word' id='word_1_169' title='bbox 705 1933 836 1992; x_wconf 90' lang='lat' dir='ltr'><strong>omnium</strong></span> <span class='ocrx_word' id='word_1_170' title='bbox 850 1944 904 1992; x_wconf 89' lang='lat' dir='ltr'><strong>est.</strong></span> <span class='ocrx_word' id='word_1_171' title='bbox 948 1932 1025 2001; x_wconf 85' lang='lat' dir='ltr'><strong>Quid</strong></span> <span class='ocrx_word' id='word_1_172' title='bbox 1049 1934 1171 1993; x_wconf 83' lang='lat' dir='ltr'><strong>interest</strong></span> <span class='ocrx_word' id='word_1_173' title='bbox 1184 1946 1281 1995; x_wconf 87' lang='lat' dir='ltr'><strong>utrum</strong></span> <span class='ocrx_word' id='word_1_174' title='bbox 1301 1954 1347 2013; x_wconf 87' lang='lat' dir='ltr'><strong>per</strong></span> 
     </span>
     <span class='ocr_line' id='line_1_18' title="bbox 149 2031 1347 2110; baseline -0.001 -20"><span class='ocrx_word' id='word_1_175' title='bbox 149 2032 356 2110; x_wconf 68' lang='lat' dir='ltr'><strong>peonitentiam,</strong></span> <span class='ocrx_word' id='word_1_176' title='bbox 372 2051 408 2091; x_wconf 87' lang='lat' dir='ltr'><strong>an</strong></span> <span class='ocrx_word' id='word_1_177' title='bbox 428 2050 480 2110; x_wconf 88' lang='lat' dir='ltr'><strong>per</strong></span> <span class='ocrx_word' id='word_1_178' title='bbox 499 2032 654 2102; x_wconf 83' lang='lat' dir='ltr'><strong>lavacrum,</strong></span> <span class='ocrx_word' id='word_1_179' title='bbox 671 2031 726 2091; x_wconf 89' lang='lat' dir='ltr'><strong>hoc</strong></span> <span class='ocrx_word' id='word_1_180' title='bbox 742 2033 793 2110; x_wconf 87' lang='lat' dir='ltr'><strong>jus</strong></span> <span class='ocrx_word' id='word_1_181' title='bbox 815 2032 871 2092; x_wconf 92' lang='lat' dir='ltr'><strong>sibi</strong></span> <span class='ocrx_word' id='word_1_182' title='bbox 891 2031 986 2090; x_wconf 88' lang='lat' dir='ltr'><strong>datum</strong></span> <span class='ocrx_word' id='word_1_183' title='bbox 1003 2032 1168 2091; x_wconf 86' lang='lat' dir='ltr'><strong>sacerdotes</strong></span> <span class='ocrx_word' id='word_1_184' title='bbox 1182 2034 1347 2095; x_wconf 74' lang='lat' dir='ltr'><strong>vindicent?</strong></span> 
     </span>
     <span class='ocr_line' id='line_1_19' title="bbox 151 2129 1347 2211; baseline 0 -22"><span class='ocrx_word' id='word_1_185' title='bbox 151 2129 250 2189; x_wconf 90' lang='lat' dir='ltr'><strong>Unum</strong></span> <span class='ocrx_word' id='word_1_186' title='bbox 272 2131 303 2188; x_wconf 92' lang='lat' dir='ltr'><strong>in</strong></span> <span class='ocrx_word' id='word_1_187' title='bbox 326 2141 446 2204; x_wconf 86' lang='lat' dir='ltr'><strong>utroque</strong></span> <span class='ocrx_word' id='word_1_188' title='bbox 468 2130 638 2206; x_wconf 73' lang='lat' dir='ltr'><strong>mysterium</strong></span> <span class='ocrx_word' id='word_1_189' title='bbox 662 2140 716 2188; x_wconf 89' lang='lat' dir='ltr'><strong>est.</strong></span> <span class='ocrx_word' id='word_1_190' title='bbox 758 2129 816 2188; x_wconf 85' lang='lat' dir='ltr'><strong>Sed</strong></span> <span class='ocrx_word' id='word_1_191' title='bbox 836 2129 909 2188; x_wconf 88' lang='lat' dir='ltr'><strong>dicis</strong></span> <span class='ocrx_word' id='word_1_192' title='bbox 934 2130 1005 2204; x_wconf 89' lang='lat' dir='ltr'><strong>quia</strong></span> <span class='ocrx_word' id='word_1_193' title='bbox 1027 2130 1057 2189; x_wconf 92' lang='lat' dir='ltr'><strong>iu</strong></span> <span class='ocrx_word' id='word_1_194' title='bbox 1080 2129 1197 2191; x_wconf 87' lang='lat' dir='ltr'><strong>lavacro</strong></span> <span class='ocrx_word' id='word_1_195' title='bbox 1221 2145 1347 2211; x_wconf 88' lang='lat' dir='ltr'><strong>operatur</strong></span> 
     </span>
     <span class='ocr_line' id='line_1_20' title="bbox 150 2225 1348 2306; baseline 0.002 -21"><span class='ocrx_word' id='word_1_196' title='bbox 150 2227 355 2304; x_wconf 76' lang='lat' dir='ltr'><strong>mysteriorum</strong></span> <span class='ocrx_word' id='word_1_197' title='bbox 370 2227 470 2304; x_wconf 78' lang='lat' dir='ltr'><strong>gratia.</strong></span> <span class='ocrx_word' id='word_1_198' title='bbox 502 2225 579 2294; x_wconf 81' lang='lat' dir='ltr'><strong>Quid</strong></span> <span class='ocrx_word' id='word_1_199' title='bbox 593 2225 623 2284; x_wconf 91' lang='lat' dir='ltr'><strong>iu</strong></span> <span class='ocrx_word' id='word_1_200' title='bbox 637 2225 824 2303; x_wconf 84' lang='lat' dir='ltr'><strong>poenitential</strong></span> <span class='ocrx_word' id='word_1_201' title='bbox 851 2225 957 2285; x_wconf 88' lang='lat' dir='ltr'><strong>Nonne</strong></span> <span class='ocrx_word' id='word_1_202' title='bbox 972 2225 1146 2286; x_wconf 87' lang='lat' dir='ltr'><strong>Deinomen</strong></span> <span class='ocrx_word' id='word_1_203' title='bbox 1161 2241 1296 2306; x_wconf 83' lang='lat' dir='ltr'><strong>operatur</strong></span> <span class='ocrx_word' id='word_1_204' title='bbox 1306 2227 1348 2287; x_wconf 79' lang='lat' dir='ltr'><strong>i&#39;&#39;³</strong></span> 
     </span>
     <span class='ocr_line' id='line_1_21' title="bbox 149 2323 1345 2402; baseline 0.002 -17"><span class='ocrx_word' id='word_1_205' title='bbox 149 2324 243 2386; x_wconf 79' lang='lat' dir='ltr'><strong>Itemr</strong></span> <span class='ocrx_word' id='word_1_206' title='bbox 265 2335 286 2362; x_wconf 78' lang='lat'><strong>‘⁶</strong></span> <span class='ocrx_word' id='word_1_207' title='bbox 299 2324 480 2402; x_wconf 86' lang='lat' dir='ltr'><strong>impossibile</strong></span> <span class='ocrx_word' id='word_1_208' title='bbox 505 2323 652 2383; x_wconf 86' lang='lat' dir='ltr'><strong>videbatur</strong></span> <span class='ocrx_word' id='word_1_209' title='bbox 674 2343 726 2402; x_wconf 88' lang='lat' dir='ltr'><strong>per</strong></span> <span class='ocrx_word' id='word_1_210' title='bbox 745 2325 941 2402; x_wconf 75' lang='lat' dir='ltr'><strong>peonitentiam</strong></span> <span class='ocrx_word' id='word_1_211' title='bbox 966 2336 1083 2402; x_wconf 87' lang='lat' dir='ltr'><strong>peccatu</strong></span> <span class='ocrx_word' id='word_1_212' title='bbox 1107 2325 1225 2386; x_wconf 86' lang='lat' dir='ltr'><strong>dimitti.</strong></span> <span class='ocrx_word' id='word_1_213' title='bbox 1278 2327 1345 2387; x_wconf 77' lang='lat' dir='ltr'><strong>Gon·</strong></span> 
     </span>
     <span class='ocr_line' id='line_1_22' title="bbox 151 2420 1342 2499; baseline 0 -18"><span class='ocrx_word' id='word_1_214' title='bbox 151 2423 241 2481; x_wconf 89' lang='lat' dir='ltr'><strong>cessit</strong></span> <span class='ocrx_word' id='word_1_215' title='bbox 261 2422 318 2481; x_wconf 92' lang='lat' dir='ltr'><strong>hoc</strong></span> <span class='ocrx_word' id='word_1_216' title='bbox 338 2421 473 2481; x_wconf 83' lang='lat' dir='ltr'><strong>Christus</strong></span> <span class='ocrx_word' id='word_1_217' title='bbox 499 2421 647 2499; x_wconf 83' lang='lat' dir='ltr'><strong>Apostolis</strong></span> <span class='ocrx_word' id='word_1_218' title='bbox 674 2421 746 2490; x_wconf 89' lang='lat' dir='ltr'><strong>suis,</strong></span> <span class='ocrx_word' id='word_1_219' title='bbox 775 2420 850 2495; x_wconf 91' lang='lat' dir='ltr'><strong>quud</strong></span> <span class='ocrx_word' id='word_1_220' title='bbox 880 2421 914 2479; x_wconf 93' lang='lat' dir='ltr'><strong>ab</strong></span> <span class='ocrx_word' id='word_1_221' title='bbox 939 2421 1087 2498; x_wconf 77' lang='lat' dir='ltr'><strong>Apostoli·</strong></span> <span class='ocrx_word' id='word_1_222' title='bbox 1109 2423 1145 2482; x_wconf 91' lang='lat' dir='ltr'><strong>ad</strong></span> <span class='ocrx_word' id='word_1_223' title='bbox 1173 2423 1342 2485; x_wconf 88' lang='lat' dir='ltr'><strong>sacerdotum</strong></span> 
     </span>
     <span class='ocr_line' id='line_1_23' title="bbox 150 2520 578 2581; baseline -0.007 -1"><span class='ocrx_word' id='word_1_224' title='bbox 150 2521 246 2581; x_wconf 89' lang='lat' dir='ltr'><strong>officia</strong></span> <span class='ocrx_word' id='word_1_225' title='bbox 267 2522 466 2579; x_wconf 88' lang='lat' dir='ltr'><strong>transmissum</strong></span> <span class='ocrx_word' id='word_1_226' title='bbox 488 2520 578 2578; x_wconf 87' lang='lat' dir='ltr'><strong>est.&#39;’⁴</strong></span> 
     </span>
    </p>

    <p class='ocr_par' dir='ltr' id='par_1_4' title="bbox 149 2615 1339 3066">
     <span class='ocr_line' id='line_1_24' title="bbox 194 2615 1339 2692; baseline 0 -19"><span class='ocrx_word' id='word_1_227' title='bbox 194 2622 240 2674; x_wconf 85' lang='lat'><strong>14.</strong></span> <span class='ocrx_word' id='word_1_228' title='bbox 263 2617 294 2674; x_wconf 75' lang='lat' dir='ltr'><strong>S.</strong></span> <span class='ocrx_word' id='word_1_229' title='bbox 312 2617 482 2675; x_wconf 70' lang='lat' dir='ltr'><strong>Pictanus:</strong></span> <span class='ocrx_word' id='word_1_230' title='bbox 500 2617 701 2689; x_wconf 83' lang='lat' dir='ltr'><strong>“Numquam</strong></span> <span class='ocrx_word' id='word_1_231' title='bbox 718 2615 798 2673; x_wconf 89' lang='lat' dir='ltr'><strong>Deus</strong></span> <span class='ocrx_word' id='word_1_232' title='bbox 813 2635 869 2674; x_wconf 93' lang='lat' dir='ltr'><strong>non</strong></span> <span class='ocrx_word' id='word_1_233' title='bbox 885 2617 1032 2692; x_wconf 87' lang='lat' dir='ltr'><strong>poenitenti</strong></span> <span class='ocrx_word' id='word_1_234' title='bbox 1048 2619 1283 2687; x_wconf 83' lang='lat' dir='ltr'><strong>comminaretur,</strong></span> <span class='ocrx_word' id='word_1_235' title='bbox 1293 2619 1339 2678; x_wconf 87' lang='lat' dir='ltr'><strong>nisi</strong></span> 
     </span>
     <span class='ocr_line' id='line_1_25' title="bbox 150 2713 1337 2790; baseline -0.003 -19"><span class='ocrx_word' id='word_1_236' title='bbox 150 2715 311 2790; x_wconf 87' lang='lat' dir='ltr'><strong>ignosceret</strong></span> <span class='ocrx_word' id='word_1_237' title='bbox 335 2714 493 2789; x_wconf 84' lang='lat' dir='ltr'><strong>poenitenti.</strong></span> <span class='ocrx_word' id='word_1_238' title='bbox 536 2713 622 2770; x_wconf 87' lang='lat' dir='ltr'><strong>Solus</strong></span> <span class='ocrx_word' id='word_1_239' title='bbox 648 2714 713 2780; x_wconf 88' lang='lat' dir='ltr'><strong>hoc,</strong></span> <span class='ocrx_word' id='word_1_240' title='bbox 739 2714 864 2785; x_wconf 88' lang='lat' dir='ltr'><strong>inquies,</strong></span> <span class='ocrx_word' id='word_1_241' title='bbox 888 2713 967 2770; x_wconf 88' lang='lat' dir='ltr'><strong>Deus</strong></span> <span class='ocrx_word' id='word_1_242' title='bbox 989 2716 1102 2790; x_wconf 87' lang='lat' dir='ltr'><strong>poterit.</strong></span> <span class='ocrx_word' id='word_1_243' title='bbox 1150 2717 1264 2776; x_wconf 86' lang='lat' dir='ltr'><strong>Verum</strong></span> <span class='ocrx_word' id='word_1_244' title='bbox 1283 2730 1337 2774; x_wconf 90' lang='lat' dir='ltr'><strong>est:</strong></span> 
     </span>
     <span class='ocr_line' id='line_1_26' title="bbox 151 2808 1337 2888; baseline -0.001 -20"><span class='ocrx_word' id='word_1_245' title='bbox 151 2810 203 2868; x_wconf 91' lang='lat' dir='ltr'><strong>sed</strong></span> <span class='ocrx_word' id='word_1_246' title='bbox 217 2823 245 2868; x_wconf 87' lang='lat' dir='ltr'><strong>et</strong></span> <span class='ocrx_word' id='word_1_247' title='bbox 258 2809 335 2883; x_wconf 93' lang='lat' dir='ltr'><strong>qnod</strong></span> <span class='ocrx_word' id='word_1_248' title='bbox 350 2828 401 2886; x_wconf 89' lang='lat' dir='ltr'><strong>per</strong></span> <span class='ocrx_word' id='word_1_249' title='bbox 415 2808 575 2867; x_wconf 83' lang='lat' dir='ltr'><strong>sacerdotes</strong></span> <span class='ocrx_word' id='word_1_250' title='bbox 590 2828 658 2868; x_wconf 85' lang='lat' dir='ltr'><strong>suos</strong></span> <span class='ocrx_word' id='word_1_251' title='bbox 682 2811 864 2885; x_wconf 66' lang='lat' dir='ltr'><strong>laciniosius</strong></span> <span class='ocrx_word' id='word_1_252' title='bbox 887 2821 1011 2887; x_wconf 86' lang='lat' dir='ltr'><strong>potestas</strong></span> <span class='ocrx_word' id='word_1_253' title='bbox 1027 2823 1080 2870; x_wconf 85' lang='lat' dir='ltr'><strong>est.</strong></span> <span class='ocrx_word' id='word_1_254' title='bbox 1124 2813 1204 2873; x_wconf 84' lang='lat' dir='ltr'><strong>Nam</strong></span> <span class='ocrx_word' id='word_1_255' title='bbox 1220 2814 1286 2888; x_wconf 93' lang='lat' dir='ltr'><strong>quid</strong></span> <span class='ocrx_word' id='word_1_256' title='bbox 1305 2824 1337 2870; x_wconf 89' lang='lat' dir='ltr'><strong>est</strong></span> 
     </span>
     <span class='ocr_line' id='line_1_27' title="bbox 150 2905 1335 2989; baseline -0.001 -24"><span class='ocrx_word' id='word_1_257' title='bbox 150 2906 220 2965; x_wconf 93' lang='lat' dir='ltr'><strong>illud</strong></span> <span class='ocrx_word' id='word_1_258' title='bbox 246 2906 323 2980; x_wconf 93' lang='lat' dir='ltr'><strong>quod</strong></span> <span class='ocrx_word' id='word_1_259' title='bbox 345 2907 492 2984; x_wconf 86' lang='lat' dir='ltr'><strong>Apostolis</strong></span> <span class='ocrx_word' id='word_1_260' title='bbox 517 2905 606 2964; x_wconf 90' lang='lat' dir='ltr'><strong>dicit:</strong></span> <span class='ocrx_word' id='word_1_261' title='bbox 635 2917 718 2980; x_wconf 86' lang='lat' dir='ltr'><strong>‘quae</strong></span> <span class='ocrx_word' id='word_1_262' title='bbox 744 2907 908 2984; x_wconf 84' lang='lat' dir='ltr'><strong>ligaveritis,</strong></span> <span class='ocrx_word' id='word_1_263' title='bbox 931 2907 995 2967; x_wconf 65' lang='lat' dir='ltr'><strong>etc!</strong></span> <span class='ocrx_word' id='word_1_264' title='bbox 1038 2909 1101 2968; x_wconf 86' lang='lat' dir='ltr'><strong>Cur</strong></span> <span class='ocrx_word' id='word_1_265' title='bbox 1125 2910 1194 2980; x_wconf 94' lang='lat' dir='ltr'><strong>hoc,</strong></span> <span class='ocrx_word' id='word_1_266' title='bbox 1217 2912 1335 2989; x_wconf 80' lang='lat' dir='ltr'><strong>siligne</strong></span> 
     </span>
     <span class='ocr_line' id='line_1_28' title="bbox 149 3003 733 3066; baseline -0.01 0"><span class='ocrx_word' id='word_1_267' title='bbox 149 3005 315 3066; x_wconf 90' lang='lat' dir='ltr'><strong>hominibus</strong></span> <span class='ocrx_word' id='word_1_268' title='bbox 330 3023 363 3062; x_wconf 88' lang='lat' dir='ltr'><strong>ac</strong></span> <span class='ocrx_word' id='word_1_269' title='bbox 376 3003 487 3061; x_wconf 90' lang='lat' dir='ltr'><strong>solvere</strong></span> <span class='ocrx_word' id='word_1_270' title='bbox 501 3022 559 3060; x_wconf 90' lang='lat' dir='ltr'><strong>non</strong></span> <span class='ocrx_word' id='word_1_271' title='bbox 574 3003 733 3060; x_wconf 79' lang='lat' dir='ltr'><strong>licebatl&#39;’⁵</strong></span> 
     </span>
    </p>

    <p class='ocr_par' dir='ltr' id='par_1_5' title="bbox 151 3100 1336 3474">
     <span class='ocr_line' id='line_1_29' title="bbox 193 3100 1335 3178; baseline -0.001 -18"><span class='ocrx_word' id='word_1_272' title='bbox 193 3107 240 3160; x_wconf 81' lang='lat'><strong>15.</strong></span> <span class='ocrx_word' id='word_1_273' title='bbox 263 3102 294 3158; x_wconf 84' lang='lat' dir='ltr'><strong>S.</strong></span> <span class='ocrx_word' id='word_1_274' title='bbox 312 3100 535 3159; x_wconf 81' lang='lat' dir='ltr'><strong>Hrnnonrnns:</strong></span> <span class='ocrx_word' id='word_1_275' title='bbox 557 3101 681 3167; x_wconf 71' lang='lat' dir='ltr'><strong>“Absit</strong></span> <span class='ocrx_word' id='word_1_276' title='bbox 692 3111 723 3158; x_wconf 86' lang='lat' dir='ltr'><strong>ut</strong></span> <span class='ocrx_word' id='word_1_277' title='bbox 737 3100 772 3159; x_wconf 91' lang='lat' dir='ltr'><strong>de</strong></span> <span class='ocrx_word' id='word_1_278' title='bbox 787 3100 832 3159; x_wconf 90' lang='lat' dir='ltr'><strong>his</strong></span> <span class='ocrx_word' id='word_1_279' title='bbox 848 3101 1003 3175; x_wconf 88' lang='lat' dir='ltr'><strong>quidquam</strong></span> <span class='ocrx_word' id='word_1_280' title='bbox 1018 3103 1168 3164; x_wconf 89' lang='lat' dir='ltr'><strong>sinistrum</strong></span> <span class='ocrx_word' id='word_1_281' title='bbox 1180 3106 1287 3178; x_wconf 89' lang='lat' dir='ltr'><strong>loquar,</strong></span> <span class='ocrx_word' id='word_1_282' title='bbox 1298 3104 1335 3176; x_wconf 89' lang='lat' dir='ltr'><strong>qui</strong></span> 
     </span>
     <span class='ocr_line' id='line_1_30' title="bbox 152 3196 1336 3279; baseline 0.003 -20"><span class='ocrx_word' id='word_1_283' title='bbox 152 3199 310 3278; x_wconf 88' lang='lat' dir='ltr'><strong>apostolico</strong></span> <span class='ocrx_word' id='word_1_284' title='bbox 326 3197 424 3275; x_wconf 86' lang='lat' dir='ltr'><strong>gradui</strong></span> <span class='ocrx_word' id='word_1_285' title='bbox 449 3196 645 3265; x_wconf 84' lang='lat' dir='ltr'><strong>succedentes,</strong></span> <span class='ocrx_word' id='word_1_286' title='bbox 670 3197 780 3256; x_wconf 88' lang='lat' dir='ltr'><strong>Christi</strong></span> <span class='ocrx_word' id='word_1_287' title='bbox 805 3219 910 3276; x_wconf 89' lang='lat' dir='ltr'><strong>corpus</strong></span> <span class='ocrx_word' id='word_1_288' title='bbox 932 3220 1013 3258; x_wconf 86' lang='lat' dir='ltr'><strong>sacro</strong></span> <span class='ocrx_word' id='word_1_289' title='bbox 1034 3220 1083 3259; x_wconf 91' lang='lat' dir='ltr'><strong>ore</strong></span> <span class='ocrx_word' id='word_1_290' title='bbox 1099 3203 1278 3272; x_wconf 73' lang='lat' dir='ltr'><strong>conficiuutt</strong></span> <span class='ocrx_word' id='word_1_291' title='bbox 1296 3218 1336 3279; x_wconf 80' lang='lat' dir='ltr'><strong>per</strong></span> 
     </span>
     <span class='ocr_line' id='line_1_31' title="bbox 151 3293 1336 3373; baseline 0 -19"><span class='ocrx_word' id='word_1_292' title='bbox 151 3315 225 3370; x_wconf 88' lang='lat' dir='ltr'><strong>quos</strong></span> <span class='ocrx_word' id='word_1_293' title='bbox 240 3306 268 3353; x_wconf 91' lang='lat' dir='ltr'><strong>et</strong></span> <span class='ocrx_word' id='word_1_294' title='bbox 283 3313 336 3353; x_wconf 90' lang='lat' dir='ltr'><strong>nos</strong></span> <span class='ocrx_word' id='word_1_295' title='bbox 352 3293 509 3351; x_wconf 86' lang='lat' dir='ltr'><strong>Christiani</strong></span> <span class='ocrx_word' id='word_1_296' title='bbox 530 3312 650 3351; x_wconf 85' lang='lat' dir='ltr'><strong>sumus:</strong></span> <span class='ocrx_word' id='word_1_297' title='bbox 674 3295 724 3367; x_wconf 93' lang='lat' dir='ltr'><strong>qui</strong></span> <span class='ocrx_word' id='word_1_298' title='bbox 743 3295 838 3352; x_wconf 87' lang='lat' dir='ltr'><strong>claves</strong></span> <span class='ocrx_word' id='word_1_299' title='bbox 859 3297 940 3372; x_wconf 89' lang='lat' dir='ltr'><strong>regni</strong></span> <span class='ocrx_word' id='word_1_300' title='bbox 961 3297 1097 3356; x_wconf 89' lang='lat' dir='ltr'><strong>coelorum</strong></span> <span class='ocrx_word' id='word_1_301' title='bbox 1119 3298 1268 3368; x_wconf 87' lang='lat' dir='ltr'><strong>habentes,</strong></span> <span class='ocrx_word' id='word_1_302' title='bbox 1282 3316 1336 3373; x_wconf 91' lang='lat' dir='ltr'><strong>quo·</strong></span> 
     </span>
     <span class='ocr_line' id='line_1_32' title="bbox 151 3389 1043 3474; baseline -0.004 -21"><span class='ocrx_word' id='word_1_303' title='bbox 151 3392 307 3453; x_wconf 90' lang='lat' dir='ltr'><strong>dammodo</strong></span> <span class='ocrx_word' id='word_1_304' title='bbox 321 3401 384 3449; x_wconf 87' lang='lat' dir='ltr'><strong>ante</strong></span> <span class='ocrx_word' id='word_1_305' title='bbox 400 3390 475 3448; x_wconf 91' lang='lat' dir='ltr'><strong>diem</strong></span> <span class='ocrx_word' id='word_1_306' title='bbox 487 3389 590 3467; x_wconf 81' lang='lat' dir='ltr'><strong>judicii</strong></span> <span class='ocrx_word' id='word_1_307' title='bbox 600 3390 754 3467; x_wconf 75' lang='lat' dir='ltr'><strong>judicant⁰</strong></span> <span class='ocrx_word' id='word_1_308' title='bbox 1042 3471 1043 3474; x_wconf 7' lang='grc' dir='ltr'><strong>Ἴ</strong></span> 
     </span>
    </p>

    <p class='ocr_par' dir='ltr' id='par_1_6' title="bbox 151 3489 1338 4069">
     <span class='ocr_line' id='line_1_33' title="bbox 193 3489 1334 3568; baseline -0.001 -20"><span class='ocrx_word' id='word_1_309' title='bbox 193 3495 239 3548; x_wconf 90' lang='grc'><strong>16.</strong></span> <span class='ocrx_word' id='word_1_310' title='bbox 263 3490 521 3547; x_wconf 77' lang='lat' dir='ltr'><strong>S.Anuus‘r11tns:</strong></span> <span class='ocrx_word' id='word_1_311' title='bbox 546 3497 565 3523; x_wconf 88' lang='lat'>“</span> <span class='ocrx_word' id='word_1_312' title='bbox 578 3491 682 3545; x_wconf 82' lang='lat' dir='ltr'><strong>Antion</strong></span> <span class='ocrx_word' id='word_1_313' title='bbox 697 3489 865 3565; x_wconf 80' lang='lat' dir='ltr'><strong>cogitamus,</strong></span> <span class='ocrx_word' id='word_1_314' title='bbox 881 3509 946 3548; x_wconf 88' lang='lat' dir='ltr'><strong>cum</strong></span> <span class='ocrx_word' id='word_1_315' title='bbox 968 3489 1002 3548; x_wconf 88' lang='lat' dir='ltr'><strong>ad</strong></span> <span class='ocrx_word' id='word_1_316' title='bbox 1024 3491 1144 3550; x_wconf 90' lang='lat' dir='ltr'><strong>istorum</strong></span> <span class='ocrx_word' id='word_1_317' title='bbox 1162 3493 1334 3568; x_wconf 85' lang='lat' dir='ltr'><strong>periculomn</strong></span> 
     </span>
     <span class='ocr_line' id='line_1_34' title="bbox 151 3585 1336 3666; baseline -0.003 -21"><span class='ocrx_word' id='word_1_318' title='bbox 151 3588 316 3666; x_wconf 87' lang='lat' dir='ltr'><strong>pervenitur</strong></span> <span class='ocrx_word' id='word_1_319' title='bbox 326 3598 463 3651; x_wconf 87' lang='lat' dir='ltr'><strong>extrema,</strong></span> <span class='ocrx_word' id='word_1_320' title='bbox 479 3597 588 3642; x_wconf 85' lang='lat' dir='ltr'><strong>necest</strong></span> <span class='ocrx_word' id='word_1_321' title='bbox 603 3596 727 3660; x_wconf 86' lang='lat' dir='ltr'><strong>potestas</strong></span> <span class='ocrx_word' id='word_1_322' title='bbox 743 3585 799 3642; x_wconf 89' lang='lat' dir='ltr'><strong>ulla</strong></span> <span class='ocrx_word' id='word_1_323' title='bbox 814 3586 952 3664; x_wconf 84' lang='lat' dir='ltr'><strong>fugiendi,</strong></span> <span class='ocrx_word' id='word_1_324' title='bbox 966 3599 1087 3660; x_wconf 87' lang='lat' dir='ltr'><strong>quantus</strong></span> <span class='ocrx_word' id='word_1_325' title='bbox 1104 3590 1134 3646; x_wconf 91' lang='lat' dir='ltr'><strong>in</strong></span> <span class='ocrx_word' id='word_1_326' title='bbox 1146 3590 1278 3649; x_wconf 86' lang='lat' dir='ltr'><strong>Ecclesia</strong></span> <span class='ocrx_word' id='word_1_327' title='bbox 1289 3589 1336 3647; x_wconf 89' lang='lat' dir='ltr'><strong>fieri</strong></span> 
     </span>
     <span class='ocr_line' id='line_1_35' title="bbox 152 3684 1337 3767; baseline 0.001 -25"><span class='ocrx_word' id='word_1_328' title='bbox 152 3685 243 3742; x_wconf 90' lang='lat' dir='ltr'><strong>soleat</strong></span> <span class='ocrx_word' id='word_1_329' title='bbox 256 3685 290 3740; x_wconf 89' lang='lat' dir='ltr'><strong>ab</strong></span> <span class='ocrx_word' id='word_1_330' title='bbox 305 3697 424 3756; x_wconf 85' lang='lat' dir='ltr'><strong>utroque</strong></span> <span class='ocrx_word' id='word_1_331' title='bbox 440 3701 522 3748; x_wconf 83' lang='lat' dir='ltr'><strong>sexu,</strong></span> <span class='ocrx_word' id='word_1_332' title='bbox 538 3694 623 3754; x_wconf 87' lang='lat' dir='ltr'><strong>atque</strong></span> <span class='ocrx_word' id='word_1_333' title='bbox 644 3684 677 3740; x_wconf 85' lang='lat' dir='ltr'><strong>ab</strong></span> <span class='ocrx_word' id='word_1_334' title='bbox 703 3685 782 3741; x_wconf 89' lang='lat' dir='ltr'><strong>omni</strong></span> <span class='ocrx_word' id='word_1_335' title='bbox 804 3697 885 3747; x_wconf 83' lang='lat' dir='ltr'><strong>aetate</strong></span> <span class='ocrx_word' id='word_1_336' title='bbox 906 3705 1072 3753; x_wconf 87' lang='lat' dir='ltr'><strong>concursus,</strong></span> <span class='ocrx_word' id='word_1_337' title='bbox 1096 3689 1160 3746; x_wconf 87' lang='lat' dir='ltr'><strong>aliis</strong></span> <span class='ocrx_word' id='word_1_338' title='bbox 1182 3691 1337 3767; x_wconf 83' lang='lat' dir='ltr'><strong>baptismum</strong></span> 
     </span>
     <span class='ocr_line' id='line_1_36' title="bbox 153 3779 1336 3862; baseline 0.006 -24"><span class='ocrx_word' id='word_1_339' title='bbox 153 3780 355 3855; x_wconf 84' lang='lat' dir='ltr'><strong>flagitantibus,</strong></span> <span class='ocrx_word' id='word_1_340' title='bbox 371 3780 432 3837; x_wconf 88' lang='lat' dir='ltr'><strong>aliis</strong></span> <span class='ocrx_word' id='word_1_341' title='bbox 447 3779 718 3845; x_wconf 87' lang='lat' dir='ltr'><strong>reconciliationem,</strong></span> <span class='ocrx_word' id='word_1_342' title='bbox 734 3781 796 3837; x_wconf 88' lang='lat' dir='ltr'><strong>aliis</strong></span> <span class='ocrx_word' id='word_1_343' title='bbox 810 3782 894 3839; x_wconf 89' lang='lat' dir='ltr'><strong>etiarn</strong></span> <span class='ocrx_word' id='word_1_344' title='bbox 909 3784 1081 3857; x_wconf 83' lang='lat' dir='ltr'><strong>poenitentiae</strong></span> <span class='ocrx_word' id='word_1_345' title='bbox 1094 3785 1188 3862; x_wconf 91' lang='lat' dir='ltr'><strong>ipsius</strong></span> <span class='ocrx_word' id='word_1_346' title='bbox 1201 3789 1336 3846; x_wconf 74' lang='lat' dir='ltr'><strong>actionem,</strong></span> 
     </span>
     <span class='ocr_line' id='line_1_37' title="bbox 153 3877 1338 3961; baseline 0.008 -25"><span class='ocrx_word' id='word_1_347' title='bbox 153 3877 286 3936; x_wconf 87' lang='lat' dir='ltr'><strong>omnihus</strong></span> <span class='ocrx_word' id='word_1_348' title='bbox 302 3877 525 3935; x_wconf 88' lang='lat' dir='ltr'><strong>consolationem</strong></span> <span class='ocrx_word' id='word_1_349' title='bbox 539 3888 568 3934; x_wconf 89' lang='lat' dir='ltr'><strong>et</strong></span> <span class='ocrx_word' id='word_1_350' title='bbox 582 3890 821 3937; x_wconf 86' lang='lat' dir='ltr'><strong>sacramentorum</strong></span> <span class='ocrx_word' id='word_1_351' title='bbox 837 3881 1046 3939; x_wconf 85' lang='lat' dir='ltr'><strong>conlectionem</strong></span> <span class='ocrx_word' id='word_1_352' title='bbox 1066 3894 1095 3940; x_wconf 86' lang='lat' dir='ltr'><strong>et</strong></span> <span class='ocrx_word' id='word_1_353' title='bbox 1109 3882 1338 3961; x_wconf 84' lang='lat' dir='ltr'><strong>erogationem.”⁷</strong></span> 
     </span>
     <span class='ocr_line' id='line_1_38' title="bbox 154 3975 1337 4069; baseline 0.003 -34"><span class='ocrx_word' id='word_1_354' title='bbox 154 3976 195 4035; x_wconf 86' lang='lat' dir='ltr'><strong>Et</strong></span> <span class='ocrx_word' id='word_1_355' title='bbox 205 3975 297 4069; x_wconf 68' lang='lat' dir='ltr'><strong>alias:</strong></span> <span class='ocrx_word' id='word_1_356' title='bbox 321 3984 340 4010; x_wconf 80' lang='lat'><strong>‘⁶</strong></span> <span class='ocrx_word' id='word_1_357' title='bbox 355 3976 383 4032; x_wconf 95' lang='lat' dir='ltr'>N</span> <span class='ocrx_word' id='word_1_358' title='bbox 386 3994 451 4033; x_wconf 86' lang='lat' dir='ltr'><strong>erno</strong></span> <span class='ocrx_word' id='word_1_359' title='bbox 466 3975 521 4032; x_wconf 89' lang='lat' dir='ltr'><strong>sibi</strong></span> <span class='ocrx_word' id='word_1_360' title='bbox 536 3975 627 4032; x_wconf 88' lang='lat' dir='ltr'><strong>dicat:</strong></span> <span class='ocrx_word' id='word_1_361' title='bbox 649 3977 761 4033; x_wconf 88' lang='lat' dir='ltr'><strong>occulte</strong></span> <span class='ocrx_word' id='word_1_362' title='bbox 771 3997 823 4053; x_wconf 85' lang='lat' dir='ltr'><strong>ago</strong></span> <span class='ocrx_word' id='word_1_363' title='bbox 839 3979 1054 4052; x_wconf 79' lang='lat' dir='ltr'><strong>prenitentiem:</strong></span> <span class='ocrx_word' id='word_1_364' title='bbox 1076 3982 1154 4058; x_wconf 87' lang='lat' dir='ltr'><strong>apud</strong></span> <span class='ocrx_word' id='word_1_365' title='bbox 1170 3983 1266 4044; x_wconf 90' lang='lat' dir='ltr'><strong>Deum</strong></span> <span class='ocrx_word' id='word_1_366' title='bbox 1280 4000 1337 4060; x_wconf 85' lang='lat' dir='ltr'><strong>ago:</strong></span> 
     </span>
    </p>
   </div>
   <div class='ocr_carea' id='block_1_3' title="bbox 533 4131 941 4712">
    <p class='ocr_par' dir='ltr' id='par_1_7' title="bbox 533 4131 941 4712">
     <span class='ocr_line' id='line_1_39' title="bbox 538 4131 939 4198; baseline 0.015 -19"><span class='ocrx_word' id='word_1_367' title='bbox 538 4134 564 4198; x_wconf 89' lang='lat' dir='ltr'><strong>l)</strong></span> <span class='ocrx_word' id='word_1_368' title='bbox 585 4131 648 4181; x_wconf 84' lang='lat' dir='ltr'><strong>Gan.</strong></span> <span class='ocrx_word' id='word_1_369' title='bbox 659 4134 709 4182; x_wconf 86' lang='lat' dir='ltr'><strong>xvi.</strong></span> <span class='ocrx_word' id='word_1_370' title='bbox 720 4133 746 4183; x_wconf 93' lang='lat' dir='ltr'><strong>in</strong></span> <span class='ocrx_word' id='word_1_371' title='bbox 756 4133 845 4184; x_wconf 86' lang='lat' dir='ltr'><strong>Matth.</strong></span> <span class='ocrx_word' id='word_1_372' title='bbox 936 4131 939 4138; x_wconf 78' lang='lat'>&#39;</span> 
     </span>
     <span class='ocr_line' id='line_1_40' title="bbox 533 4218 844 4286; baseline 0.013 -20"><span class='ocrx_word' id='word_1_373' title='bbox 533 4220 561 4286; x_wconf 76' lang='lat'><strong>2)</strong></span> <span class='ocrx_word' id='word_1_374' title='bbox 582 4218 611 4267; x_wconf 90' lang='lat' dir='ltr'><strong>L.</strong></span> <span class='ocrx_word' id='word_1_375' title='bbox 623 4222 638 4270; x_wconf 90' lang='lat' dir='ltr'><strong>i.</strong></span> <span class='ocrx_word' id='word_1_376' title='bbox 646 4221 676 4269; x_wconf 89' lang='lat' dir='ltr'><strong>de</strong></span> <span class='ocrx_word' id='word_1_377' title='bbox 685 4222 768 4284; x_wconf 85' lang='lat' dir='ltr'><strong>poenit.</strong></span> <span class='ocrx_word' id='word_1_378' title='bbox 780 4238 800 4271; x_wconf 92' lang='lat' dir='ltr'><strong>c.</strong></span> <span class='ocrx_word' id='word_1_379' title='bbox 812 4223 844 4271; x_wconf 90' lang='lat' dir='ltr'><strong>vi.</strong></span> 
     </span>
     <span class='ocr_line' id='line_1_41' title="bbox 553 4307 761 4370; baseline 0.014 -15"><span class='ocrx_word' id='word_1_380' title='bbox 553 4312 563 4370; x_wconf 90' lang='lat'><em>)</em></span> <span class='ocrx_word' id='word_1_381' title='bbox 582 4307 675 4355; x_wconf 91' lang='lat' dir='ltr'><strong>Ibidem</strong></span> <span class='ocrx_word' id='word_1_382' title='bbox 687 4324 707 4355; x_wconf 89' lang='lat' dir='ltr'><strong>c.</strong></span> <span class='ocrx_word' id='word_1_383' title='bbox 719 4307 761 4358; x_wconf 85' lang='lat' dir='ltr'><strong>vii.</strong></span> 
     </span>
     <span class='ocr_line' id='line_1_42' title="bbox 554 4392 811 4456; baseline 0 -16"><span class='ocrx_word' id='word_1_384' title='bbox 554 4394 564 4456; x_wconf 95' lang='lat'><em>)</em></span> <span class='ocrx_word' id='word_1_385' title='bbox 584 4392 676 4441; x_wconf 89' lang='lat' dir='ltr'><strong>Ibidem</strong></span> <span class='ocrx_word' id='word_1_386' title='bbox 688 4393 703 4441; x_wconf 93' lang='lat' dir='ltr'><strong>l.</strong></span> <span class='ocrx_word' id='word_1_387' title='bbox 715 4392 740 4440; x_wconf 89' lang='lat' dir='ltr'><strong>ii.</strong></span> <span class='ocrx_word' id='word_1_388' title='bbox 754 4408 774 4441; x_wconf 92' lang='lat' dir='ltr'><strong>c.</strong></span> <span class='ocrx_word' id='word_1_389' title='bbox 786 4392 811 4442; x_wconf 88' lang='lat' dir='ltr'><strong>ii.</strong></span> 
     </span>
     <span class='ocr_line' id='line_1_43' title="bbox 577 4476 918 4542; baseline -0.003 -17"><span class='ocrx_word' id='word_1_390' title='bbox 577 4476 624 4541; x_wconf 81' lang='lat' dir='ltr'><strong>Ep.</strong></span> <span class='ocrx_word' id='word_1_391' title='bbox 635 4478 651 4526; x_wconf 92' lang='lat' dir='ltr'><strong>i.</strong></span> <span class='ocrx_word' id='word_1_392' title='bbox 663 4477 693 4526; x_wconf 92' lang='lat' dir='ltr'><strong>ud</strong></span> <span class='ocrx_word' id='word_1_393' title='bbox 705 4477 918 4542; x_wconf 77' lang='lat' dir='ltr'><strong>sympronianurn.</strong></span> 
     </span>
     <span class='ocr_line' id='line_1_44' title="bbox 577 4561 871 4626; baseline 0.007 -15"><span class='ocrx_word' id='word_1_394' title='bbox 577 4561 624 4626; x_wconf 87' lang='lat' dir='ltr'><strong>Ep.</strong></span> <span class='ocrx_word' id='word_1_395' title='bbox 635 4563 650 4612; x_wconf 92' lang='lat' dir='ltr'><strong>i.</strong></span> <span class='ocrx_word' id='word_1_396' title='bbox 663 4563 693 4612; x_wconf 86' lang='lat' dir='ltr'><strong>ud</strong></span> <span class='ocrx_word' id='word_1_397' title='bbox 705 4562 871 4613; x_wconf 87' lang='lat' dir='ltr'><strong>Hehodorum.</strong></span> 
     </span>
     <span class='ocr_line' id='line_1_45' title="bbox 535 4645 941 4712; baseline 0.005 -16"><span class='ocrx_word' id='word_1_398' title='bbox 535 4645 565 4708; x_wconf 88' lang='grc'><strong>7)</strong></span> <span class='ocrx_word' id='word_1_399' title='bbox 584 4645 633 4712; x_wconf 85' lang='lat' dir='ltr'><strong>Ep.</strong></span> <span class='ocrx_word' id='word_1_400' title='bbox 644 4648 727 4698; x_wconf 85' lang='lat' dir='ltr'><strong>clxxx.</strong></span> <span class='ocrx_word' id='word_1_401' title='bbox 737 4649 767 4699; x_wconf 93' lang='lat' dir='ltr'><strong>ud</strong></span> <span class='ocrx_word' id='word_1_402' title='bbox 778 4648 941 4698; x_wconf 82' lang='lat' dir='ltr'><strong>Honoratum.</strong></span> 
     </span>
    </p>
   </div>
   <div class='ocr_carea' id='block_1_4' title="bbox 0 0 1396 5056">
    <p class='ocr_par' dir='ltr' id='par_1_8' title="bbox 0 0 1396 5056">
     <span class='ocr_line' id='line_1_46' title="bbox 0 0 1396 5056; baseline 0 0"><span class='ocrx_word' id='word_1_403' title='bbox 0 0 1396 5056; x_wconf 95' lang='lat' dir='ltr'><strong> </strong></span> 
     </span>
    </p>
   </div>
  </div>
 </body>
</html>
