2812 5062
562 240 876 341 enmnoranor.
1262 284 1321 342 arc

127 442 227 501 mortis
248 443 367 504 articulo
382 441 496 509 valeret,
511 438 667 499 dummodo
681 453 775 498 tamen
790 456 855 497 vere
879 439 1049 516 penitentes
1070 440 1200 498 obirent:
1233 439 1322 507 “Qui

125 550 223 600 autem
249 542 279 602 in
303 561 370 601 vera
395 538 562 618 poenitentia
589 530 773 605 decesserint,
800 546 829 595 et
854 546 1035 613 peccatorum
1062 536 1268 615 indulgentiam
1294 546 1323 596 et

126 635 250 698 fructum
266 650 378 698 aeternae
393 634 532 696 mercedis
546 653 578 693 se
593 653 651 694 non
666 633 794 693 dubitent
814 633 1008 693 habituros.”²

169 740 197 796 6.
220 737 328 816 Oolligi
342 737 410 796 olim
425 734 609 794 consuevisse
624 733 822 810 eleemosynas
837 733 988 792 occasione
1003 732 1241 809 indulgentiarum
1257 753 1323 812 pro·

128 835 346 912 mulgandarnm
360 834 391 892 in
404 832 537 892 confesso
551 840 612 890 est:
634 827 710 888 uude
724 839 785 888 orta
799 841 843 889 est
863 829 1004 889 calumnia
1017 848 1065 888 eas
1085 831 1174 889 luisse
1189 832 1322 890 venales:

128 930 181 990 sed
197 949 260 1005 quae
283 931 419 989 dabantur
432 928 628 1006 eleemosynae
648 929 678 985 in
700 927 741 985 rei
761 926 921 986 christianae
947 927 1117 996 subsidium,
1133 946 1191 987 non
1212 928 1324 988 suerunt

128 1029 254 1106 pretium
268 1047 326 1102 quo
347 1026 531 1104 indulgentiae
551 1025 795 1102 comparabantur.
838 1024 917 1084 Inter
928 1023 1106 1083 conditiones
1128 1025 1163 1083 iis
1181 1025 1323 1086 lucrandis

128 1126 308 1185 necessarias
322 1125 570 1201 eleemosynarnm
584 1122 696 1199 largitio
709 1122 806 1181 locum
827 1120 957 1190 habebat,
973 1122 1041 1194 quia
1054 1133 1097 1180 est
1119 1122 1228 1181 virtutis
1243 1142 1324 1183 exer·

128 1223 228 1282 citium
244 1224 274 1281 in
288 1222 442 1301 Scripturis
463 1218 618 1279 admodum
640 1218 880 1278 commendatum.
921 1218 1071 1277 Cedebant
1090 1219 1120 1277 in
1141 1238 1324 1282 communem

128 1318 271 1423 E⁰tl⁹⁵iae
285 1320 445 1387 utilitatem,
460 1318 597 1377 dabantur
610 1318 687 1378 enirn
702 1317 737 1376 ad
752 1317 899 1377 Ecclesiae
914 1316 1105 1386 aedificandas,
1121 1317 1156 1376 ad
1177 1318 1323 1397 impensas

127 1416 270 1476 bellorum
286 1435 431 1475 sacrorum
445 1413 599 1482 faciendas,
615 1413 649 1473 ad
672 1414 913 1492 orphanotrophia
926 1413 1061 1491 erigenda
1074 1425 1104 1472 et
1117 1413 1153 1472 ad
1167 1414 1221 1473 alia
1235 1415 1324 1493 pluri-

128 1534 177 1575 ma
198 1515 340 1574 charitatis
365 1513 525 1573 christianae
546 1531 643 1589 opera,
659 1531 772 1572 necnon
786 1511 937 1587 aliquando
951 1512 986 1570 ad
1008 1512 1151 1589 publicam
1173 1512 1324 1574 utilitatem

127 1613 354 1695 promovendam
380 1613 510 1691 pontium
525 1611 712 1681 extructione,
728 1622 756 1670 et
777 1612 885 1670 viarum
905 1610 1070 1670 relectione.
1113 1611 1171 1680 Qui
1194 1631 1242 1670 eas
1268 1615 1325 1673 col·

93 1668 254 1792 ⁸ligebant
280 1710 445 1784 Quaestores
469 1709 645 1778 dicebantur,
667 1728 788 1785 quorum
812 1728 949 1768 excessus
972 1706 1128 1768 Pontifices
1148 1721 1182 1795 'et
1203 1712 1326 1771 concilia

126 1809 235 1891 pluries
260 1791 454 1887 reprobarunt,
480 1827 640 1882 munusque
664 1808 777 1867 tandem
801 1808 831 1866 in
854 1807 977 1866 concilio
1004 1806 1176 1867 Tridentino
1203 1828 1322 1887 prorsus

126 1909 294 1986 abrogatum
309 1917 362 1967 est.
404 1907 548 1966 Caeterum
563 1907 637 1965 inter
649 1906 826 1965 conditiones
841 1905 1035 1984 indulgentiae,
1050 1925 1114 1981 quae
1128 1905 1231 1967 dicitur
1244 1908 1264 1968 J
1266 1910 1326 1968 ubi·

127 2006 211 2075 laeus,
228 2006 475 2083 eleemosynarum
496 2003 608 2082 largitio
622 2002 715 2061 adhuc
735 2013 908 2071 recensetur,
924 2020 995 2084 quas
1010 2014 1104 2061 tamen
1126 2004 1324 2079 unusquisque

129 2123 183 2183 pro
198 2122 250 2163 sno
265 2104 377 2163 arbitrio
391 2103 421 2162 in
436 2121 509 2180 opus
524 2100 724 2176 quodcumque
740 2100 851 2178 pietatis
866 2099 911 2159 vel
932 2099 1074 2159 charitatis
1090 2101 1195 2170 tribuit,
1210 2104 1325 2162 nemine

128 2219 178 2259 eas
193 2201 354 2278 colligente.
390 2199 605 2259 Concesserunt
618 2198 704 2258 ctiam
718 2199 814 2276 plures
829 2197 942 2257 Summi
957 2196 1114 2257 Pontifices
1130 2198 1323 2278 indulgentias

129 2298 259 2358 societati
282 2299 310 2356 in
327 2295 429 2356 Galliis
445 2305 545 2374 cceptae
561 2305 589 2354 et
602 2295 715 2355 florenti
724 2296 786 2374 jam
797 2297 827 2354 in
842 2295 969 2373 pluribus
981 2295 1108 2373 Europae
1122 2296 1229 2374 regnis,
1242 2298 1324 2377 eujus

128 2397 258 2456 membra
271 2393 391 2472 singulis
406 2392 631 2452 hebdomadibus
646 2393 762 2453 obolum
776 2393 807 2454 in
828 2394 1004 2453 Missionum
1019 2394 1170 2453 Sacrorum
1186 2396 1323 2456 auxilinm

128 2494 288 2554 conserunt.
330 2491 403 2559 Quis
418 2490 474 2549 hoc
489 2492 652 2569 improbet?

163 2670 206 2735 (1)
226 2667 304 2717 Cone.
317 2665 468 2717 Glaromont
496 2665 535 2716 De
548 2667 604 2732 jure
616 2682 665 2731 qno
676 2683 744 2717 sacra
760 2667 802 2717 illa
817 2667 881 2717 bella
892 2671 961 2729 geste
973 2673 1040 2727 sunt,
1055 2668 1105 2730 egit
1116 2668 1209 2720 erudite
1225 2670 1284 2721 satis
1301 2681 1326 2724 et

127 2763 240 2808 emunata
251 2753 444 2804 Protestanticus
460 2768 541 2818 praeco
552 2753 584 2804 B.
597 2753 633 2803 M.
646 2752 763 2814 Dralre,e
779 2762 845 2804 secta
861 2751 1072 2812 Methodistarum,
1082 2753 1202 2806 districtui
1217 2756 1245 2807 N
1246 2758 1326 2809 atche-

125 2842 193 2895 tensi
204 2840 338 2908 prefectus,
349 2838 376 2888 in
390 2838 558 2891 dissertudom
569 2854 644 2904 quam
656 2837 741 2889 habuit
751 2854 833 2889 coram
843 2838 949 2903 quodam
960 2837 1051 2903 Lyceo,
1063 2839 1146 2890 Martii
1159 2843 1190 2890 ta
1202 2841 1241 2892 die
1253 2845 1326 2895 1836.

126 2928 196 2979 Inter
206 2933 293 2976 ostem
303 2922 376 2973 dicit:
395 2930 410 2955 ‘⁴
418 2922 441 2973 It
451 2923 472 2974 is
482 2939 527 2973 our
533 2923 685 2973 deliberative
694 2923 795 2988 opinion
804 2923 857 2974 that
864 2939 897 2973 uo
907 2923 1044 2988 aggressive
1054 2940 1106 2974 vvar
1115 2940 1166 2975 was
1174 2928 1325 2979 everuuder-

127 3014 204 3067 taken
213 3012 277 3062 from
289 3025 356 3061 more
364 3010 417 3077 just
428 3009 476 3061 and
488 3009 604 3060 christian
615 3009 725 3060 motives.
759 3008 782 3060 lt
798 3026 849 3060 was
860 3016 926 3060 nota
936 3025 987 3060 war
998 3015 1025 3059 to
1035 3019 1167 3076 propagate
1182 3011 1245 3071 their
1256 3016 1325 3080 saith,

127 3100 211 3151 butte
221 3097 310 3147 relieve
319 3095 383 3147 their
393 3094 510 3158 suffering
520 3096 634 3146 brethren
644 3095 707 3146 from
722 3096 885 3161 persecution.
910 3096 966 3146 The
978 3096 1062 3147 Turlrs
1079 3095 1128 3148 hed
1145 3114 1179 3148 no
1192 3115 1257 3152 more
1271 3105 1325 3170 just

126 3184 195 3250 right
205 3194 231 3236 to
241 3182 283 3234 the
293 3182 421 3233 dominion
431 3181 461 3231 ot'
473 3180 595 3231 Palestiuc
607 3182 667 3232 than
678 3182 719 3232 the
731 3181 836 3232 Frenclc
855 3216 862 3232 .
879 3216 886 3232 .
903 3216 911 3232 .
928 3217 935 3232 .
952 3182 1004 3232 We
1013 3183 1044 3232 do
1055 3190 1099 3232 not
1110 3196 1153 3248 say
1165 3185 1219 3236 that
1229 3204 1325 3251 aggres-

127 3274 181 3324 sive
192 3286 242 3321 vvcr
259 3270 281 3319 is
297 3269 371 3332 right,
381 3269 425 3319 but
441 3267 469 3318 in
485 3267 535 3318 this
551 3284 614 3328 case,
624 3268 644 3318 it
663 3267 761 3318 seemed
771 3276 796 3318 to
812 3269 843 3318 be
854 3267 896 3318 the
907 3269 966 3333 only
975 3282 1030 3332 way
1043 3277 1069 3319 to
1085 3279 1187 3334 prevent
1203 3272 1324 3328 invasion.

127 3358 188 3412 nro
199 3357 240 3409 tlte
250 3359 383 3422 European
394 3355 490 3421 princes
501 3355 590 3407 weimd
600 3355 664 3408 until
675 3354 733 3420 they
744 3370 808 3406 vvere
818 3353 939 3416 attached,
949 3354 990 3407 tlte
1001 3355 1085 3407 Turks
1095 3357 1168 3408 could
1175 3358 1238 3413 have
1247 3363 1323 3429 easily

129 3444 269 3512 conquered
279 3443 347 3494 them
358 3442 391 3492 all
401 3441 428 3492 in
439 3439 537 3493 detail.'’
