2812 5062
154 299 212 353 222
361 294 420 356 DE
440 294 538 355 FIDE
559 293 856 355 ORlENTdLlUM
878 295 1127 356 SECTARUM.

157 450 259 510 Rome
274 464 397 512 versatos
408 453 507 523 luisse,
520 455 591 514 ritus
606 473 674 512 suos
689 463 846 523 servantes,
859 453 925 531 ipso
939 453 1015 512 haud
1028 453 1223 530 improbante,
1238 457 1358 509 testatur

158 547 231 616 Leo,
244 558 264 585 “
279 550 346 624 quia
359 551 430 609 nihil
443 553 548 611 obsunt
555 552 639 610 saluti
649 552 825 610 credentium
835 551 953 610 diverse
965 571 1017 628 pro
1031 551 1095 611 loco
1107 560 1137 609 et
1150 561 1285 627 tempore
1294 564 1359 606 con·

158 647 336 718 suetudines,
348 649 463 723 quando
474 669 531 708 una
545 648 616 707 fides
632 668 683 726 per
697 650 880 708 dilectionem
895 668 1015 727 operans
1030 650 1183 722 bonaque
1198 656 1298 725 potest
1310 644 1357 704 uni

158 742 224 803 Deo
237 745 419 827 commendat
427 746 573 805 omnes.''²
593 746 637 804 De
648 747 754 804 unitate
762 745 830 804 fidei
838 746 924 824 igitur
937 746 1083 805 constabat
1090 746 1234 819 utrinque.
1265 742 1357 803 Hum-

158 841 253 899 bertus
277 841 438 902 Cardinalis
459 853 489 903 et
515 844 563 902 alii
585 843 866 920 Constantinopolim
890 844 1020 920 profecti,
1042 844 1185 921 legatione
1208 840 1357 920 pontificia

99 956 115 1375 p
156 937 317 1014 iungentes,
332 940 500 1018 Imperatori
509 941 669 1002 obtulerunt
682 941 819 1018 scriptum
833 958 890 1014 quo
905 939 1047 999 Cemlarii
1060 939 1185 1014 querelis
1198 936 1355 1017 responde·

157 1035 246 1106 batur,
262 1039 371 1113 inquo,
386 1037 454 1098 dum
468 1038 503 1098 de
513 1059 618 1118 azymo
631 1052 770 1118 ageretur,
780 1038 941 1099 dicebatur:
958 1049 978 1076 ‘⁶
988 1040 1098 1098 Taliter
1105 1049 1284 1117 praeparatus
1291 1056 1358 1117 azy·

157 1150 234 1201 mus,
263 1133 342 1193 fideli
368 1135 548 1195 invocatione
575 1137 661 1195 totius
686 1135 836 1194 Trinitatis
858 1134 891 1193 tit
915 1152 1013 1193 verum
1028 1145 1057 1193 et
1080 1135 1226 1212 singulare
1251 1150 1356 1211 corpus

157 1227 302 1290 Christi.”
342 1232 648 1293 Excommunicatione
677 1233 857 1312 perculerunt
872 1231 1063 1301 cerularium,
1083 1233 1180 1291 causis
1194 1232 1355 1300 redemitis,

156 1331 227 1406 quin
239 1329 341 1387 enoria
355 1340 454 1388 contra
466 1328 684 1389 eucharisticum
695 1329 809 1407 dogma,
822 1328 907 1406 paulo
919 1341 1001 1387 autea
1010 1328 1160 1388 delinitum
1170 1329 1202 1387 in
1214 1326 1356 1387 Occiden-

157 1429 193 1485 tis
208 1426 349 1494 conciliis,
372 1444 437 1485 eum
453 1427 634 1494 accusarint,
656 1427 798 1487 civitatem
809 1436 839 1484 et
852 1426 1057 1502 Imperatorem
1076 1425 1272 1485 orthodoxam
1291 1443 1354 1484 esse

157 1524 243 1582 simul
259 1534 402 1581 testantes.
444 1523 546 1582 Petrus
561 1523 718 1600 patriarcha
731 1522 938 1591 Antiochenus,
953 1523 988 1581 ad
1003 1541 1089 1597 quem
1104 1523 1223 1600 scripsit
1237 1522 1352 1583 Cemla·

154 1621 214 1679 rius
228 1618 414 1697 respondeus,
424 1619 496 1677 nihil
510 1619 582 1678 dixit
591 1618 667 1678 uude
679 1620 818 1696 suspicari
831 1620 916 1679 liceat
929 1620 964 1679 de
976 1638 1005 1678 re
1014 1619 1193 1679 eucharistias
1205 1637 1274 1676 esse
1283 1620 1353 1677 inter

157 1727 213 1776 tres
234 1718 296 1776 ibas
320 1716 403 1775 sedes
428 1717 514 1778 ullam
539 1716 767 1795 discrepantiam,
782 1718 865 1776 cuis
890 1728 989 1777 contra
1013 1717 1211 1776 testimonium
1236 1716 1352 1795 praebuit

156 1815 268 1891 insigne
280 1815 309 1872 in
324 1813 446 1891 epistola
457 1813 669 1892 adepiscopum
685 1814 888 1873 Gradcnsem!¹

194 1916 263 1970 238.
286 1911 446 1971 Occasione
460 1911 536 1970 illius
548 1911 659 1970 dissidii
674 1913 779 1989 scripta
790 1911 865 1971 edita
878 1922 946 1972 sont
960 1934 977 1972 a
991 1913 1105 1980 Niceta,
1119 1913 1268 1973 monacho
1278 1912 1351 1973 Ocu·

154 2010 416 2085 stantinopolitano,
430 2011 479 2083 qui
496 2028 513 2067 e
533 2010 660 2085 partibus
682 2009 824 2068 cerularii
844 2011 944 2079 stabat,
967 2011 1071 2085 quibus
1091 2010 1243 2088 respondit
1263 2011 1351 2070 Hum-

156 2107 250 2165 bertus
279 2106 450 2165 cardinalis.
506 2106 666 2164 hccusabat
692 2106 811 2165 Latinos
840 2108 960 2166 Nicetas
981 2126 1031 2167 eos
1049 2109 1195 2187 jejunium
1225 2112 1350 2187 frangere

27 2230 97 2309 M
155 2203 417 2282 Quadragesimale,
440 2204 562 2263 Missam
588 2204 756 2264 celebrando
777 2205 847 2263 hora
874 2206 964 2274 tertia,
986 2206 1105 2275 scilicet,
1120 2224 1185 2280 quor
1200 2206 1278 2284 apud
1301 2225 1351 2267 uos

155 2320 232 2361 nona
259 2302 373 2362 dicitur.
416 2301 607 2380 Respondeas
636 2302 816 2362 Humbertus
837 2303 971 2363 Nicetam
992 2305 1127 2382 arguebat
1141 2304 1230 2364 veluti
1251 2322 1352 2383 corpas

156 2399 275 2460 Domini
303 2400 374 2459 cibis
408 2400 517 2458 caeteris
544 2399 762 2470 adsimilantem‚
785 2402 1053 2461 stercoranistarum
1073 2420 1163 2461 more.
1207 2403 1353 2463 cauma

156 2499 276 2557 Nicetes
291 2499 449 2558 scribebat:
472 2508 492 2535 “
503 2499 625 2557 Sanctus
640 2512 733 2559 autem
749 2500 873 2577 Spiritus
889 2500 1075 2575 vivificusque
1090 2502 1119 2559 in
1134 2502 1280 2561 vivificata
1292 2502 1352 2579 ejus

154 2615 237 2655 carue
247 2597 411 2673 permansit,
423 2615 508 2669 quam
517 2596 698 2654 comedentes
707 2598 737 2655 in
749 2617 822 2673 pane
834 2598 883 2670 qui
894 2598 1059 2656 immutatus
1071 2610 1124 2667 est,
1137 2617 1189 2675 per
1200 2600 1350 2677 Spiritum,

156 2704 185 2751 et
198 2694 316 2751 effectus
342 2712 446 2770 corpus
469 2693 588 2761 Christi,
604 2694 726 2752 vivimus
741 2696 860 2772 inipso,
877 2707 1021 2770 tamquam
1038 2698 1132 2755 vivam
1147 2707 1176 2755 et
1189 2697 1352 2757 deificatam

160 2791 222 2866 ejus
234 2809 346 2848 carnem
357 2788 518 2848 edentes.’'⁸

124 2937 127 2961 ,
196 2891 264 2945 239.
286 2886 473 2955 Lanfrancus,
495 2887 582 2946 ltalus
610 2898 704 2964 gente,
727 2889 833 2947 vindex
860 2891 982 2969 insignis
1008 2891 1150 2970 dogmatis
1170 2894 1353 2954 eucharistici

157 2985 272 3060 scripsit
285 3003 359 3042 anno
382 2989 467 3052 1079,
483 2995 511 3043 et
532 2985 687 3061 appellavit
702 2986 831 3055 Graecos,
847 2989 1000 3058 Armenos,
1015 3001 1044 3049 et
1063 2992 1211 3050 universos
1237 3012 1353 3070 prorsus

109 3060 120 3127 'i
158 3080 339 3146 christianos,
355 3090 451 3154 utpote
467 3079 613 3138 credentes
634 3083 783 3157 mysterio,
799 3083 869 3142 adeo
889 3095 921 3142 ut
940 3095 1026 3144 totam
1047 3087 1211 3148 Ecclesiam
1232 3091 1353 3167 periisse

156 3176 308 3236 dicendum
321 3177 401 3244 soret,
423 3176 448 3233 si
470 3178 771 3237 transubstantiationis
793 3180 896 3259 dogma
908 3182 1035 3243 divinum
1050 3203 1108 3243 non
1122 3200 1209 3247 esset.
1245 3188 1352 3247 Beren-

156 3277 234 3353 gario
262 3274 367 3332 idcirco
388 3274 487 3351 objicit
513 3275 667 3333 immanem
689 3279 869 3353 superbiam:
893 3290 912 3316 ‘⁶
926 3281 997 3338 fastu
1013 3301 1070 3355 quo
1084 3283 1186 3360 plenus
1202 3303 1234 3341 es
1257 3295 1354 3343 contra

156 3373 254 3431 orbem
279 3382 414 3428 terrarum
439 3372 544 3430 sentire
572 3373 730 3449 coepisti.'’⁴
769 3375 923 3434 Durandus
951 3379 1036 3437 etiam
1064 3381 1162 3456 paucis
1184 3380 1353 3460 Berengarii

156 3469 273 3528 asseclis
287 3468 363 3527 orbis
375 3467 521 3526 christiani
535 3487 708 3529 consensum
723 3471 840 3549 objicit:
853 3475 967 3532 “Absit
980 3488 1036 3533 tam
1048 3477 1190 3552 perversis
1205 3490 1234 3535 et
1248 3498 1266 3536 a
1283 3479 1354 3538 veri·

156 3576 209 3624 tate
225 3567 287 3642 ipsa
301 3578 407 3623 tantum
421 3566 527 3623 aversis
542 3567 602 3642 pari
623 3567 777 3643 jungamur
798 3571 926 3646 pertidia,
942 3585 1026 3646 atque
1041 3574 1070 3631 in
1092 3586 1190 3632 sancta
1205 3575 1349 3637 dominici

155 3663 281 3739 corporis
296 3681 328 3719 ac
342 3664 488 3738 sanguinis
502 3664 703 3722 communione
719 3668 813 3724 minus
827 3668 934 3741 aliquid
944 3669 1080 3728 fateamur
1095 3690 1179 3745 quam
1195 3671 1350 3733 Catholica

117 3816 120 3822 ,
157 3775 207 3833 per
221 3757 316 3815 orbem
332 3758 495 3816 universum
510 3759 644 3834 praedicat
659 3761 838 3820 Ecclesia.”⁵

196 3858 263 3911 240.
286 3854 533 3930 TheophylactuS,
556 3856 798 3935 Archiepiscopus
820 3861 971 3938 Bulgariae,
986 3864 1092 3922 saeculo
1114 3865 1281 3936 undecimo,
1298 3869 1352 3927 cla·

157 3950 277 4007 rissinris
293 3950 384 4007 verbis
399 3949 467 4008 dicit
481 3970 593 4008 carnem
608 3966 636 4009 et
649 3956 817 4030 sanguinem
840 3956 949 4024 adesse,
965 3959 1105 4032 nobisque
1119 3960 1181 4018 dari
1201 3963 1231 4020 in
1249 3965 1351 4022 Sacra·

156 4056 261 4112 mento,
274 4047 402 4118 quamvis
417 4048 499 4122 panis
513 4048 640 4124 speciem
656 4070 760 4127 corpus
769 4052 931 4129 praescferat
944 4073 980 4111 ne
996 4074 1012 4112 a
1025 4056 1202 4118 comedendo
1217 4061 1354 4122 abhorre·

389 4239 432 4304 (l)
451 4239 503 4290 Leo
512 4241 546 4290 ix.
557 4259 596 4307 ep.
608 4242 624 4292 i.
636 4251 693 4293 tom.
706 4247 728 4291 3.
737 4245 805 4308 epist
818 4246 888 4296 Rom.
898 4247 986 4298 Penus
996 4265 1017 4298 c.
1027 4252 1051 4298 8.
