2774 5056
450 353 507 413 DE
529 353 697 415 RITIBUS
719 352 870 413 MISSAE.
1198 355 1256 412 3οδ

95 513 166 570 144.
188 511 278 570 Juxta
292 531 401 572 morem
419 512 645 572 vetustissimum
661 529 748 591 quem
763 511 895 588 superius
910 511 1076 580 retulimus,
1090 519 1152 570 orat
1165 529 1258 570 sacer·

54 606 110 667 dos
123 608 152 666 iu
164 627 286 677 canone,
299 627 351 686 pro
363 609 494 668 fidelibus
507 609 650 677 omnibus,
662 609 820 686 prasertim
832 607 982 674 Pontifice,
994 607 1142 684 episcopo,
1155 615 1184 666 et
1196 607 1258 682 qui·

54 705 177 767 busdam
191 708 248 766 cibi
263 707 480 776 commendatis,
502 707 548 765 vel
562 708 673 775 amicis,
688 725 810 780 quorum
832 706 999 765 memoriam
1014 706 1114 763 tacitus
1129 716 1254 764 revocat.
1360 727 1365 736 ·

56 803 213 885 Diptyeho
238 808 365 883 Δίπτυχα,
393 806 526 865 videlicet
553 805 598 865 bis
620 804 746 884 plicato,
774 804 941 863 dicebantur
968 803 1038 862 olim
1067 804 1179 871 tabulae,
1205 822 1258 862 seu

57 904 170 962 asseres
193 905 231 963 ita
255 906 310 963 sibi
333 906 457 964 invicem
476 905 622 983 conjuncti
645 917 677 962 ut
698 903 798 982 plicari
822 911 950 979 possent,
965 902 1069 976 quibus
1092 902 1258 978 specialiter

57 1000 350 1062 commendandorum
375 1002 565 1060 reserebantur
588 1001 714 1060 nomina.
756 999 964 1058 Defunctorum
989 1000 1092 1076 pariter
1113 1000 1256 1067 meminit,

58 1114 182 1170 quorum
196 1099 473 1158 commendationem
487 1117 525 1158 ex
539 1098 647 1157 Rituali
667 1096 827 1174 hnglicauo
848 1096 997 1155 exclusam
1012 1113 1077 1153 esse
1091 1104 1170 1153 notat
1192 1095 1258 1154 Pal·
1342 1101 1345 1105 ’

58 1197 146 1262 mer,¹
164 1195 286 1272 liturgiis
301 1197 434 1256 omnibus
459 1198 602 1256 veteribus
625 1215 688 1255 eam
713 1193 852 1254 contineri
876 1211 1047 1270 agnoscens.
1089 1192 1209 1270 Sergius
1232 1194 1257 1253 l.
1336 1178 1341 1183 ’

59 1281 164 1350 dicitur
177 1294 351 1353 orationem:
374 1295 505 1372 “Agnus
521 1294 577 1352 Dei
592 1293 642 1368 qui
653 1293 728 1352 tollis
742 1303 859 1370 peccata
868 1289 979 1365 mundi,
989 1291 1125 1350 miserere
1141 1290 1257 1359 nobis‚’'

57 1387 91 1445 in
105 1405 190 1447 nsum
203 1388 361 1448 induxisse.
392 1391 466 1450 Tres
481 1392 623 1450 orationes
636 1399 701 1449 ants
715 1389 948 1448 communionem
962 1406 1000 1445 ex
1015 1387 1131 1461 antiqua
1143 1386 1258 1465 piorum

58 1485 211 1546 hominurn
226 1489 431 1548 cousuetudine
445 1489 618 1548 derivantur.
660 1487 756 1547 Verba
770 1486 946 1546 centurionis
962 1505 994 1544 se
1010 1484 1160 1563 indignum
1175 1487 1261 1563 proli·

59 1585 146 1644 tentis
161 1587 249 1644 sacris
263 1589 363 1646 usibus
377 1586 591 1647 accommodata
610 1605 675 1646 esse
696 1595 826 1663 tempore
848 1584 982 1662 Origcnis
997 1593 1117 1643 constat.
1160 1585 1259 1644 Verba

60 1702 127 1758 quae
141 1686 312 1762 porrigendo
334 1686 549 1746 Sacramentum
571 1684 713 1754 dicuntur,
739 1684 940 1758 antiquissima
960 1684 1051 1741 sunt.fl
1090 1683 1258 1761 Antiphona

61 1798 128 1855 quar
142 1781 310 1841 communio
325 1780 427 1841 dicitur
441 1782 510 1841 olim
525 1782 676 1840 canebatur
690 1802 707 1840 a
720 1781 819 1849 choro,
834 1778 903 1839 dum
914 1777 1046 1838 sacerdos
1062 1779 1262 1841 eucharistiam

61 1876 252 1937 distribueret.
293 1877 460 1938 Benedictio
474 1879 504 1936 in
519 1879 575 1936 fine
597 1878 698 1937 Missae
712 1877 828 1936 nonnisi
842 1875 878 1933 ab
898 1876 1037 1952 episcopo
1060 1875 1187 1945 dabatur,
1209 1878 1261 1938 sed

56 1974 121 2052 jam
149 1974 256 2032 saeculo
279 1973 432 2034 undecimo
452 1973 574 2032 obtinuit
601 1992 664 2033 mos
692 1983 724 2031 ut
750 1970 912 2030 sacerdotes
942 1990 1006 2031 eam
1027 1973 1264 2050 impertirentur.⁸

63 2069 255 2148 Evangelium
271 2071 303 2128 S.
317 2071 439 2130 loannis
455 2090 493 2129 ex
507 2069 694 2145 quommdam
709 2068 860 2128 devotione
881 2069 994 2127 recitari
1008 2069 1106 2146 coepit,
1121 2068 1173 2128 sed
1188 2070 1259 2129 illud

62 2185 102 2226 ex
116 2165 249 2227 mandato
264 2168 296 2226 S.
312 2168 359 2227 Pii
373 2168 411 2227 V.
427 2188 504 2227 nuuc
518 2167 630 2228 dicitur.

106 2268 174 2324 145.
196 2266 245 2325 Ex
256 2266 302 2325 his
310 2286 374 2341 quae
383 2267 508 2326 breviter
519 2267 678 2335 retulimus,
689 2266 780 2341 liquet
786 2265 941 2344 liturgiam,
953 2283 1005 2324 seu
1017 2264 1151 2334 Missam,
1161 2284 1264 2343 magna

63 2381 101 2422 ex
117 2372 196 2439 parte
210 2372 340 2423 constare
355 2365 558 2442 scripturarum
570 2364 723 2442 excerptis,
735 2352 845 2422 ceteris
860 2362 1003 2441 plerisque
1012 2381 1049 2420 ex
1064 2360 1265 2435 antiquissima

63 2457 214 2517 traditione
228 2458 372 2519 derivatis.
415 2462 624 2521 solemniorem
646 2461 708 2538 ejus
726 2469 845 2537 partem,
868 2477 1015 2536 precema
1036 2457 1196 2534 cypriano,
1218 2478 1264 2517 ca-

62 2573 169 2614 nonem
194 2576 211 2614 a
235 2558 317 2616 nobis
332 2557 446 2628 dictam,
462 2559 497 2616 ad
522 2558 682 2636 Apostolos
706 2555 883 2616 referendam
907 2574 972 2614 esse
995 2564 1135 2624 auctores,
1160 2556 1261 2616 saltem

62 2650 160 2726 quoad
173 2654 369 2723 substantiam,
384 2674 422 2715 ex
435 2656 563 2715 omniurn
584 2655 760 2732 liturgiarum
777 2652 929 2713 concordia
949 2653 979 2712 in
999 2652 1084 2711 rebus
1107 2653 1260 2730 praecipnis

64 2750 167 2809 merito
181 2761 299 2810 censent
311 2751 423 2811 eruditi.
466 2751 616 2812 Oanonem
638 2753 738 2812 Missae
752 2749 859 2811 idcirco
874 2751 976 2810 merito
998 2749 1153 2808 vindicavit
1166 2750 1261 2810 conci-

64 2848 136 2908 lium
151 2848 353 2909 'l'ridentinum
368 2862 466 2910 contra
479 2861 648 2911 novatorum
662 2851 868 2910 temeritatem:
891 2850 955 2907 “Si
970 2849 1035 2923 quis
1050 2849 1155 2909 dixerit
1168 2850 1264 2911 Cauo-

66 2965 132 3006 nem
147 2946 248 3005 Missae
262 2965 372 3005 errores
386 2949 541 3015 continere,
556 2947 679 3023 ideoque
693 2946 887 3026 abrogandum
901 2965 985 3016 esse;
1000 2947 1151 3006 anathema
1164 2947 1227 3007 sit*

107 3044 166 3113 Qui
178 3043 240 3101 haec
254 3043 347 3102 fusius
358 3045 500 3122 explicata
511 3055 539 3103 et
550 3046 691 3105 vindicata
702 3046 799 3104 videre
811 3045 889 3114 velit,
901 3043 1031 3104 consulat
1042 3043 1266 3105 eruditissimum

69 3162 142 3222 opus
154 3140 305 3200 Benedicti
319 3142 403 3202 XIV.
416 3143 451 3202 de
467 3145 616 3203 Sacrificio
631 3145 744 3215 Missa,
763 3162 800 3202 ex
813 3162 871 3217 qno
886 3145 1019 3220 pleraque
1032 3142 1266 3222 desumpsimus:

72 3242 113 3302 vel
129 3239 358 3299 dissertationem
375 3242 409 3298 ab
424 3242 562 3319 episcopo
578 3241 812 3317 Oarolopolitano
822 3240 884 3317 jam
895 3239 1019 3308 laudato,
1031 3241 1169 3318 Anglicae,
1180 3259 1267 3315 quam

70 3338 167 3406 edidit,
193 3337 322 3395 Missalis
348 3339 473 3398 versioni
497 3339 656 3417 psalmam,
681 3339 712 3397 iu
733 3357 793 3412 qua
813 3337 910 3396 omnia
932 3335 1057 3395 dilucide
1080 3338 1224 3416 exposuit,
1238 3347 1268 3397 et

71 3433 233 3494 illustravit.
1197 3440 1199 3447 ’

100 3595 146 3662 (1)
166 3595 231 3646 “au
249 3595 291 3646 the
308 3594 406 3646 ancient
422 3592 545 3656 Liturgies
562 3591 663 3643 contain
682 3590 791 3642 likswiss
802 3589 905 3640 another
920 3588 1012 3654 Prayer
1031 3589 1126 3655 (which
1143 3588 1189 3640 has
1205 3591 1268 3642 bssn

66 3682 188 3734 excluded
198 3683 261 3733 from
273 3681 315 3732 the
326 3681 433 3744 English
445 3680 548 3746 Ritual,)
561 3681 598 3729 for
608 3679 706 3730 thersst
716 3677 766 3728 and
776 3693 850 3743 peace
858 3678 887 3728 ol
894 3678 926 3728 all
938 3677 1007 3727 those
1013 3675 1070 3727 who
1081 3676 1144 3728 have
1155 3677 1269 3743 departed

66 3767 118 3820 thia
128 3769 171 3821 lile
181 3770 208 3821 in
220 3768 301 3820 Gon’s
312 3769 374 3818 saith
385 3768 433 3818 and
444 3766 517 3817 sear.”
552 3767 628 3817 Tract
638 3765 664 3816 N
666 3781 689 3816 o.
703 3767 744 3816 63.

105 3857 148 3923 (2)
168 3856 211 3907 Ex
223 3856 274 3906 vita
285 3856 310 3906 S.
318 3853 429 3916 Gregorii
438 3854 474 3904 M.
487 3870 502 3903 a
513 3852 527 3903 J
529 3868 609 3905 nenne
619 3851 739 3903 Diacono.

107 3943 149 4010 (3)
167 3944 328 4007 Micrologus.

110 4028 149 4096 (4)
168 4031 236 4082 Sess.
250 4027 311 4079 xxii.
323 4024 387 4077 Gan.
400 4025 432 4076 vi.
507 4028 509 4035 ’
