2774 5056
454 308 510 371 DE
531 308 756 371 §semnion
776 310 1005 372 vamusim
1261 315 1323 374 Μ

117 467 256 527 Christus
282 478 380 528 tamen
401 477 447 527 est
468 468 605 538 offerens,
619 469 683 546 ipso
706 480 736 528 et
760 469 891 528 oblatio.¹
930 469 1006 547 Ejus
1019 470 1171 530 oblationis
1193 470 1224 529 iu
1237 489 1322 530 cruce

115 576 332 627 sacramentum
343 576 388 626 est
401 567 596 640 quotidianum
611 567 752 628 Ecclesia
766 568 949 636 sacrificium,
964 587 1021 642 quo
1042 569 1152 627 scilicet
1165 586 1322 646 represen-

117 672 204 730 tatur,
215 663 377 733 exhibetur,
386 673 415 722 et
428 665 511 723 nobis
525 664 694 742 applicatur.
736 675 756 702 ‘⁶
768 664 801 723 Id
815 664 1008 725 sacrificium”
1024 665 1126 740 inquit,
1148 666 1323 726 “successit

118 759 256 821 omnibus
277 761 335 819 illis
349 761 497 819 sacrificiis
512 762 616 820 vetoris
636 761 720 838 legis,
735 779 798 834 quoe
813 761 1032 820 immolabantur
1044 763 1074 821 in
1089 763 1189 820 umbra
1204 762 1291 823 futuri
1312 804 1322 822 .

118 897 127 913 .
150 897 160 915 .
184 897 193 915 .
216 857 284 930 qnia
298 877 351 936 pro
367 858 422 917 illis
436 859 571 918 omnibus
592 857 741 917 sacrificiis
752 871 782 916 et
790 857 982 919 oblationibus
996 877 1100 937 corpus
1114 859 1177 936 ejus
1192 858 1322 929 offertur,

117 962 148 1013 et
160 953 396 1031 participantibus
411 955 632 1017 ministratur-”¹

158 1054 209 1113 63.
234 1050 303 1131 obj.
322 1057 370 1113 12.
392 1053 514 1113 Confert
533 1053 712 1131 Augustinus
733 1053 933 1113 eucharistiam
958 1072 1024 1113 curn
1040 1053 1227 1113 Hebraorum
1242 1053 1323 1113 victi·

116 1150 195 1211 mis:
218 1159 238 1188 ‘⁸
250 1151 368 1211 Hebraei
383 1152 414 1210 iu
428 1151 553 1211 victimis
567 1170 703 1229 pecorum
719 1170 789 1225 quas
810 1151 876 1210 Deo
889 1150 1058 1220 offerebant,
1081 1150 1176 1210 multis
1191 1161 1220 1210 et
1234 1151 1322 1211 uariis

116 1247 229 1324 modis,
241 1251 318 1309 sicut
327 1260 404 1309 tanta
417 1269 448 1310 ro
461 1249 581 1328 dignum
595 1260 665 1319 erat,
680 1249 859 1327 prophetiam
880 1250 1060 1309 celebrabant
1078 1250 1177 1309 futurae
1199 1248 1322 1310 victimas

120 1366 212 1422 quarn
225 1348 257 1407 in
272 1364 357 1409 cruce
370 1349 508 1409 Christus
521 1349 641 1408 obtulit:
659 1350 720 1427 jam
743 1347 902 1408 Christiani
921 1350 1028 1426 peracti
1042 1349 1171 1426 ejusdem
1186 1330 1321 1408 sacrificii

117 1447 289 1506 memoriam
315 1447 460 1506 celebrant
483 1457 664 1507 sacrosancta
685 1447 828 1507 oblatione
850 1457 879 1506 et
902 1448 1120 1526 participatione
1141 1447 1270 1525 corporis
1292 1455 1321 1505 et

116 1542 271 1620 sauguinis
294 1542 453 1602 (ihristi.”⁸

158 1636 253 1716 Resp.
277 1639 311 1697 ln
326 1658 362 1698 eo
376 1640 469 1717 posita
483 1649 528 1699 est
540 1640 763 1717 comparationis
777 1640 832 1708 vis,
847 1638 925 1713 qnod
945 1638 1116 1699 eucharistia
1135 1640 1259 1699 celebret
1277 1657 1322 1699 sa·

113 1735 260 1796 orificium
270 1738 299 1796 in
311 1756 395 1796 cruce
410 1748 567 1816 peractum,
575 1738 657 1815 cujus
670 1738 768 1814 figurat
779 1739 810 1796 in
825 1737 1015 1798 Hebraeomm
1028 1739 1151 1797 victimis
1167 1757 1322 1816 processa·

118 1843 205 1894 rant:
228 1847 363 1894 catorum
386 1855 446 1895 non
470 1855 577 1895 meram
592 1836 772 1904 memoriam,
795 1835 845 1894 sed
868 1847 1077 1896 sacrosanctam
1100 1836 1274 1897 oblationem
1294 1845 1324 1896 st

115 1930 368 2011 participationem
383 1934 512 2011 corporis
529 1943 558 1992 et
571 1932 719 2010 sanguinis
735 1931 845 1994 Christi
860 1930 990 2010 agnoscit
1003 1934 1192 2011 Augustinus.

156 2033 206 2089 64.
233 2028 300 2110 otj.
325 2031 477 2090 tattoni
501 2040 568 2091 sunt
590 2031 721 2091 innova
746 2031 810 2110 lege
835 2040 937 2109 preter
962 2030 1111 2090 Christum
1133 2031 1318 2102 sacerdotes;

112 2127 285 2209 ‘Apostolus
297 2129 375 2188 enim
387 2128 423 2187 de
432 2130 549 2203 antiquo
561 2127 720 2188 sacerdotio
732 2128 815 2188 dicit:
838 2137 858 2165 ⁴¹
872 2128 928 2187 alit
940 2128 1057 2203 quidem
1069 2129 1165 2206 plures
1177 2128 1243 2189 iacti
1254 2140 1322 2191 sunt

115 2226 294 2296 sacerdotes,
310 2226 417 2287 idcirco
433 2228 511 2302 quod
526 2238 616 2287 morte
631 2227 849 2305 prohiberentur
868 2245 1046 2303 permanere.
1089 2227 1147 2286 Hic
1168 2238 1264 2288 autem
1285 2245 1321 2287 eo

114 2321 195 2399 quod
208 2333 323 2385 maneat
334 2325 365 2383 in
379 2334 516 2385 eternum
529 2324 736 2402 sempiternum
752 2325 836 2384 habet
848 2321 1083 2383 sacerdotium-’⁹⁴

159 2418 253 2498 Rerp.
277 2421 476 2481 Praestantiam
492 2421 602 2480 Christi
617 2419 768 2479 sacerdotii
782 2420 938 2498 Apostolus
949 2420 1132 2486 demonstrat,
1147 2436 1236 2492 quum
1251 2436 1321 2496 prra-

124 2517 236 2577 dicetur
257 2518 288 2577 in
311 2531 449 2579 ueternum
473 2518 607 2579 sacerdos
628 2517 787 2577 secuudum
812 2517 941 2577 ordinem
964 2516 1196 2584 Melchisedech,
1224 2516 1321 2576 Aaron

125 2615 231 2695 quippo
247 2618 363 2677 brevem
378 2619 442 2677 vitre
465 2618 637 2678 curriculum
652 2616 715 2677 'suo
729 2635 847 2677 munere
868 2615 1036 2675 sacerdotali
1060 2616 1173 2675 functus
1193 2624 1247 2684 eit,
1262 2632 1322 2689 quo

125 2714 226 2772 eviris
240 2712 365 2783 subiato,
379 2715 427 2773 alii
442 2716 473 2774 iu
487 2715 550 2795 ejus
564 2716 660 2774 locum
680 2713 795 2773 suffecti
815 2723 898 2772 suut:
922 2713 947 2772 C
950 2713 1057 2772 hristus
1072 2723 1177 2780 autem,
1193 2731 1229 2772 eo
1244 2709 1321 2787 quod

127 2821 234 2870 maneat
258 2811 288 2870 in
310 2822 458 2881 eternum,
473 2812 681 2890 sempiternum
706 2810 793 2870 habat
812 2809 1016 2881 sacerdotium,
1041 2809 1118 2884 quod
1142 2821 1172 2867 et
1195 2817 1320 2879 exercet,

130 2905 256 2968 homines
271 2911 349 2969 enim
363 2910 479 2973 nonnisi
495 2911 617 2970 ministri
631 2911 694 2988 ejus
705 2922 783 2979 sunt,
797 2911 860 2988 ejus
875 2911 992 2969 nomine
1008 2909 1113 2968 visibili
1127 2928 1245 2969 munere
1259 2909 1322 2969 fun·

122 3015 231 3078 gentes,
246 3007 312 3084 ipso
327 3008 470 3084 precipue
483 3007 630 3076 offerente,
645 3006 792 3066 sacerdote
807 3007 893 3065 simul
908 3016 936 3065 et
951 3007 1075 3065 victima.

164 3107 208 3162 65.
234 3103 301 3184 ooj.
321 3109 367 3163 14.
384 3104 418 3163 In
434 3105 528 3163 Missa
541 3105 619 3163 nulla
632 3116 677 3164 est
690 3106 812 3164 victimae
828 3106 970 3164 mactatio.

165 3199 251 3280 Reap.
275 3203 369 3261 Missa
383 3221 442 3260 non
456 3215 501 3260 est
514 3203 686 3262 sacrificium
702 3203 791 3261 instar
811 3202 922 3261 illorum
939 3221 1002 3275 quae
1023 3201 1087 3260 fuso
1108 3202 1248 3278 sanguine
1268 3201 1323 3259 im·

117 3298 319 3359 motabantur:
342 3300 392 3358 sed
414 3313 458 3358 est
485 3301 676 3366 incruentum,
706 3301 873 3377 mysticum,
899 3299 1195 3366 commemorativum,
1221 3316 1320 3357 verum

111 3399 219 3456 meu
233 3408 262 3456 et
275 3398 433 3474 proprium,
446 3416 535 3471 quum
552 3397 666 3456 victima
680 3396 763 3465 adsit,
776 3406 804 3454 et
814 3394 880 3453 Deo
894 3395 1037 3462 offeratur,
1050 3396 1079 3452 in
1091 3413 1149 3452 suae
1164 3394 1320 3469 majestatis

104 3493 273 3553 etarbitrii
293 3495 422 3571 supremi
445 3494 730 3568 testimoniumque
751 3493 895 3571 praecipua
915 3505 959 3550 est
979 3491 1112 3549 sacrificii
1133 3491 1230 3549 ratio.⁶
1270 3490 1319 3550 Fit

91 3585 208 3651 ⁰titur
223 3592 347 3669 mystica
361 3592 505 3660 mactatio,
521 3610 609 3664 quum
625 3591 757 3651 distincta
771 3591 975 3649 elementorum
987 3590 1201 3647 consecratione
1212 3606 1318 3666 corpus
1335 3594 1338 3599 ’

87 3692 162 3741 0⁸
171 3690 284 3768 tangms
298 3699 450 3766 ponantur,
466 3688 555 3747 veluti
569 3707 630 3747 ase
644 3689 768 3747 invicem
783 3698 921 3765 separata,
933 3698 964 3744 ut
984 3687 1172 3762 separationis
1186 3684 1272 3744 realis
1286 3687 1319 3747 in

79 3790 218 3855 eruco,
235 3787 350 3861 quando
365 3786 445 3846 susus
460 3796 505 3845 est
518 3787 645 3864 sanguis,
661 3787 756 3864 imago
771 3785 899 3859 quaedam
915 3786 1059 3843 habeatur.
1083 3784 1161 3841 Hinc
1175 3783 1321 3861 Chrysus·

75 3872 216 3943 tututur
231 3884 377 3963 jurantem
393 3903 443 3960 per
457 3882 543 3941 altare
567 3886 729 3961 increpans,
744 3902 802 3943 non
817 3882 925 3942 dubitat
945 3882 1057 3940 dicere:
1080 3879 1187 3949 “Quid
1201 3883 1273 3958 agis,
1297 3901 1316 3942 o

72 3955 225 4043 h<ttoni
242 3983 324 4061 juras
339 4000 427 4058 super
440 4000 550 4041 sacram
566 4001 707 4051 mensam,
723 3983 772 4040 ubi
785 3994 814 4040 et
829 3981 963 4040 Christus
978 3979 1091 4037 occisus
1102 3980 1180 4057 jacet
1190 3979 1239 4037 t”⁰

158 4136 196 4207 (l)
214 4138 279 4191 Vide
291 4156 313 4191 c.
325 4155 369 4191 xx.
382 4155 457 4205 supra
464 4139 504 4190 cit.

158 4222 196 4291 (Β)
213 4222 245 4274 L.
252 4225 312 4275 xvii.
323 4225 408 4275 dcciv.
420 4224 558 4284 Deion.

157 4309 194 4378 (3)
213 4310 245 4362 Ι..
254 4327 299 4362 xx.
307 4318 396 4362 contra
407 4311 529 4364 Faustum
536 4329 558 4363 c
570 4311 639 4363 xviii.

157 4397 196 4466 (a)
214 4399 332 4450 neum
343 4416 366 4447 v.
376 4400 468 4450 caca

156 4484 195 4553 (o)
213 4486 337 4538 Videntur
348 4485 483 4552 primorum
493 4483 623 4537 homiuum
634 4483 768 4535 oblationes
778 4481 919 4552 hujusmodi
936 4481 1020 4543 fnisse,
1030 4497 1085 4548 qna
1100 4479 1190 4532 idcirco
1208 4471 1316 4562 mm

72 4559 234 4644 Quum
245 4608 261 4643 a
272 4591 370 4658 Moyse,
379 4588 443 4640 Gen.
453 4589 487 4640 ir.
495 4590 520 4639 4.
531 4588 613 4641 hostia
621 4595 695 4653 §uum
705 4604 721 4639 a
731 4588 818 4641 Paulo.
852 4588 916 4640 ch.
928 4587 963 4638 xi.
973 4588 998 4638 4.

157 4677 195 4747 (ὅ)
213 4679 290 4733 Hom.
298 4696 342 4732 xv.
354 4678 386 4730 ad
396 4677 524 4744 populum.
