<?xml version="1.0" encoding="UTF-8"?>
<!DOCTYPE html PUBLIC "-//W3C//DTD XHTML 1.0 Transitional//EN"
    "http://www.w3.org/TR/xhtml1/DTD/xhtml1-transitional.dtd">
<html xmlns="http://www.w3.org/1999/xhtml" xml:lang="en" lang="en">
 <head>
  <title>
</title>
<meta http-equiv="Content-Type" content="text/html;charset=utf-8" />
  <meta name='ocr-system' content='tesseract 3.04.00' />
  <meta name='ocr-capabilities' content='ocr_page ocr_carea ocr_par ocr_line ocrx_word'/>
</head>
<body>
  <div class='ocr_page' id='page_1' title='image "./theologidogmati03kenrgoog_0259.png"; bbox 0 0 2774 5056; ppageno 0'>
   <div class='ocr_carea' id='block_1_1' title="bbox 89 314 962 383">
    <p class='ocr_par' dir='ltr' id='par_1_1' title="bbox 89 314 962 383">
     <span class='ocr_line' id='line_1_1' title="bbox 89 314 962 383; baseline -0.01 0"><span class='ocrx_word' id='word_1_1' title='bbox 89 326 149 383; x_wconf 56' lang='lat' dir='ltr'>abd</span> <span class='ocrx_word' id='word_1_2' title='bbox 412 319 469 380; x_wconf 81' lang='lat' dir='ltr'>DE</span> <span class='ocrx_word' id='word_1_3' title='bbox 491 317 713 379; x_wconf 71' lang='lat' dir='ltr'>sacutrtctt</span> <span class='ocrx_word' id='word_1_4' title='bbox 733 314 962 377; x_wconf 68' lang='lat' dir='ltr'>venturus.</span> 
     </span>
    </p>
   </div>
   <div class='ocr_carea' id='block_1_2' title="bbox 74 471 1341 3864">
    <p class='ocr_par' dir='ltr' id='par_1_2' title="bbox 74 471 1341 3864">
     <span class='ocr_line' id='line_1_2' title="bbox 91 471 1301 557; baseline -0.007 -17"><span class='ocrx_word' id='word_1_5' title='bbox 91 482 121 541; x_wconf 90' lang='lat' dir='ltr'>N</span> <span class='ocrx_word' id='word_1_6' title='bbox 124 498 171 539; x_wconf 89' lang='lat' dir='ltr'>sm</span> <span class='ocrx_word' id='word_1_7' title='bbox 185 482 250 555; x_wconf 89' lang='lat' dir='ltr'>quis</span> <span class='ocrx_word' id='word_1_8' title='bbox 262 480 352 557; x_wconf 82' lang='lat' dir='ltr'>magis</span> <span class='ocrx_word' id='word_1_9' title='bbox 367 477 500 537; x_wconf 90' lang='lat' dir='ltr'>sacerdos</span> <span class='ocrx_word' id='word_1_10' title='bbox 513 478 570 537; x_wconf 86' lang='lat' dir='ltr'>Dei</span> <span class='ocrx_word' id='word_1_11' title='bbox 584 478 700 544; x_wconf 91' lang='lat' dir='ltr'>summi,</span> <span class='ocrx_word' id='word_1_12' title='bbox 716 495 800 550; x_wconf 87' lang='lat' dir='ltr'>quam</span> <span class='ocrx_word' id='word_1_13' title='bbox 816 476 959 535; x_wconf 80' lang='lat' dir='ltr'><strong>Dominus</strong></span> <span class='ocrx_word' id='word_1_14' title='bbox 977 482 1075 533; x_wconf 84' lang='lat' dir='ltr'>noster</span> <span class='ocrx_word' id='word_1_15' title='bbox 1085 473 1183 532; x_wconf 77' lang='lat' dir='ltr'>Jesus</span> <span class='ocrx_word' id='word_1_16' title='bbox 1191 471 1301 532; x_wconf 81' lang='lat' dir='ltr'>Chris·</span> 
     </span>
     <span class='ocr_line' id='line_1_3' title="bbox 92 569 1303 651; baseline -0.004 -15"><span class='ocrx_word' id='word_1_17' title='bbox 92 588 149 646; x_wconf 87' lang='lat' dir='ltr'>tur,</span> <span class='ocrx_word' id='word_1_18' title='bbox 162 581 211 651; x_wconf 91' lang='lat' dir='ltr'>qui</span> <span class='ocrx_word' id='word_1_19' title='bbox 226 577 397 635; x_wconf 83' lang='lat' dir='ltr'>sacrificium</span> <span class='ocrx_word' id='word_1_20' title='bbox 413 575 479 634; x_wconf 89' lang='lat' dir='ltr'>Deo</span> <span class='ocrx_word' id='word_1_21' title='bbox 499 575 576 636; x_wconf 88' lang='lat' dir='ltr'>Patri</span> <span class='ocrx_word' id='word_1_22' title='bbox 592 574 703 642; x_wconf 90' lang='lat' dir='ltr'>obtulit,</span> <span class='ocrx_word' id='word_1_23' title='bbox 717 584 746 632; x_wconf 87' lang='lat' dir='ltr'>et</span> <span class='ocrx_word' id='word_1_24' title='bbox 759 573 862 632; x_wconf 87' lang='lat' dir='ltr'>obtulit</span> <span class='ocrx_word' id='word_1_25' title='bbox 881 572 937 631; x_wconf 89' lang='lat' dir='ltr'>hoc</span> <span class='ocrx_word' id='word_1_26' title='bbox 951 571 1027 630; x_wconf 91' lang='lat' dir='ltr'>idem</span> <span class='ocrx_word' id='word_1_27' title='bbox 1040 569 1118 645; x_wconf 90' lang='lat' dir='ltr'>quod</span> <span class='ocrx_word' id='word_1_28' title='bbox 1140 569 1303 631; x_wconf 85' lang='lat' dir='ltr'>Melchise-</span> 
     </span>
     <span class='ocr_line' id='line_1_4' title="bbox 89 668 1300 751; baseline -0.006 -18"><span class='ocrx_word' id='word_1_29' title='bbox 89 675 163 733; x_wconf 83' lang='lat' dir='ltr'>doch</span> <span class='ocrx_word' id='word_1_30' title='bbox 177 676 324 743; x_wconf 90' lang='lat' dir='ltr'>obtulerat,</span> <span class='ocrx_word' id='word_1_31' title='bbox 337 673 366 732; x_wconf 94' lang='lat' dir='ltr'>id</span> <span class='ocrx_word' id='word_1_32' title='bbox 377 685 431 740; x_wconf 89' lang='lat' dir='ltr'>est,</span> <span class='ocrx_word' id='word_1_33' title='bbox 443 690 545 751; x_wconf 85' lang='lat' dir='ltr'>panem</span> <span class='ocrx_word' id='word_1_34' title='bbox 557 682 586 730; x_wconf 87' lang='lat' dir='ltr'>et</span> <span class='ocrx_word' id='word_1_35' title='bbox 594 673 703 740; x_wconf 88' lang='lat' dir='ltr'>vinum,</span> <span class='ocrx_word' id='word_1_36' title='bbox 718 689 801 730; x_wconf 86' lang='lat' dir='ltr'>suum</span> <span class='ocrx_word' id='word_1_37' title='bbox 814 670 925 729; x_wconf 86' lang='lat' dir='ltr'>scilicet</span> <span class='ocrx_word' id='word_1_38' title='bbox 935 686 1040 746; x_wconf 90' lang='lat' dir='ltr'>corpus</span> <span class='ocrx_word' id='word_1_39' title='bbox 1055 676 1084 726; x_wconf 88' lang='lat' dir='ltr'>et</span> <span class='ocrx_word' id='word_1_40' title='bbox 1094 668 1300 745; x_wconf 74' lang='lat' dir='ltr'>sanguinem-¹</span> 
     </span>
     <span class='ocr_line' id='line_1_5' title="bbox 128 764 1301 844; baseline -0.002 -15"><span class='ocrx_word' id='word_1_41' title='bbox 128 775 159 830; x_wconf 83' lang='grc'>9.</span> <span class='ocrx_word' id='word_1_42' title='bbox 194 771 340 830; x_wconf 72' lang='lat' dir='ltr'>Curensis</span> <span class='ocrx_word' id='word_1_43' title='bbox 367 771 627 829; x_wconf 70' lang='lat' dir='ltr'>Aunnanntuns:</span> <span class='ocrx_word' id='word_1_44' title='bbox 651 766 912 844; x_wconf 84' lang='lat' dir='ltr'>“Melchisedech</span> <span class='ocrx_word' id='word_1_45' title='bbox 939 784 990 825; x_wconf 86' lang='lat' dir='ltr'>rex</span> <span class='ocrx_word' id='word_1_46' title='bbox 1017 766 1126 834; x_wconf 85' lang='lat' dir='ltr'>Salem,</span> <span class='ocrx_word' id='word_1_47' title='bbox 1157 764 1301 827; x_wconf 80' lang='lat' dir='ltr'>sacerdos</span> 
     </span>
     <span class='ocr_line' id='line_1_6' title="bbox 90 861 1301 943; baseline -0.005 -15"><span class='ocrx_word' id='word_1_48' title='bbox 90 866 146 928; x_wconf 89' lang='lat' dir='ltr'>Dei</span> <span class='ocrx_word' id='word_1_49' title='bbox 173 866 315 933; x_wconf 73' lang='lat' dir='ltr'><strong>altissimi,</strong></span> <span class='ocrx_word' id='word_1_50' title='bbox 330 866 380 942; x_wconf 86' lang='lat' dir='ltr'>qai</span> <span class='ocrx_word' id='word_1_51' title='bbox 407 886 512 943; x_wconf 90' lang='lat' dir='ltr'>panem</span> <span class='ocrx_word' id='word_1_52' title='bbox 532 877 561 925; x_wconf 90' lang='lat' dir='ltr'>et</span> <span class='ocrx_word' id='word_1_53' title='bbox 581 867 680 924; x_wconf 84' lang='lat' dir='ltr'>vinum</span> <span class='ocrx_word' id='word_1_54' title='bbox 704 865 913 923; x_wconf 84' lang='lat' dir='ltr'>sanctificatum</span> <span class='ocrx_word' id='word_1_55' title='bbox 933 861 1012 921; x_wconf 84' lang='lat' dir='ltr'>dedit</span> <span class='ocrx_word' id='word_1_56' title='bbox 1025 862 1250 931; x_wconf 87' lang='lat' dir='ltr'>nutrimentum,</span> <span class='ocrx_word' id='word_1_57' title='bbox 1269 863 1301 922; x_wconf 92' lang='lat' dir='ltr'>iu</span> 
     </span>
     <span class='ocr_line' id='line_1_7' title="bbox 92 963 437 1042; baseline 0.006 -20"><span class='ocrx_word' id='word_1_58' title='bbox 92 974 194 1042; x_wconf 88' lang='lat' dir='ltr'>typum</span> <span class='ocrx_word' id='word_1_59' title='bbox 208 963 437 1024; x_wconf 77' lang='lat' dir='ltr'>eucharistiae.”¹</span> 
     </span>
     <span class='ocr_line' id='line_1_8' title="bbox 129 1056 1296 1131; baseline -0.005 -11"><span class='ocrx_word' id='word_1_60' title='bbox 129 1066 176 1120; x_wconf 86' lang='lat'>10.</span> <span class='ocrx_word' id='word_1_61' title='bbox 212 1062 362 1121; x_wconf 86' lang='lat' dir='ltr'>Eusunrns</span> <span class='ocrx_word' id='word_1_62' title='bbox 392 1061 633 1119; x_wconf 74' lang='lat' dir='ltr'>Cussauuums:</span> <span class='ocrx_word' id='word_1_63' title='bbox 669 1056 954 1126; x_wconf 84' lang='lat' dir='ltr'>“Quemadmodum</span> <span class='ocrx_word' id='word_1_64' title='bbox 976 1056 1210 1126; x_wconf 70' lang='lat' dir='ltr'>Melchisedech,</span> <span class='ocrx_word' id='word_1_65' title='bbox 1243 1057 1296 1131; x_wconf 89' lang='lat' dir='ltr'>qui</span> 
     </span>
     <span class='ocr_line' id='line_1_9' title="bbox 89 1153 1296 1234; baseline -0.004 -17"><span class='ocrx_word' id='word_1_66' title='bbox 89 1158 222 1217; x_wconf 74' lang='lat' dir='ltr'>sacerdos</span> <span class='ocrx_word' id='word_1_67' title='bbox 233 1159 361 1234; x_wconf 78' lang='lat' dir='ltr'>gentium</span> <span class='ocrx_word' id='word_1_68' title='bbox 374 1169 444 1227; x_wconf 90' lang='lat' dir='ltr'>erat,</span> <span class='ocrx_word' id='word_1_69' title='bbox 458 1176 599 1231; x_wconf 88' lang='lat' dir='ltr'>nusquam</span> <span class='ocrx_word' id='word_1_70' title='bbox 610 1155 721 1215; x_wconf 88' lang='lat' dir='ltr'>videtur</span> <span class='ocrx_word' id='word_1_71' title='bbox 731 1157 878 1215; x_wconf 84' lang='lat' dir='ltr'>sacrificiis</span> <span class='ocrx_word' id='word_1_72' title='bbox 889 1155 1083 1232; x_wconf 69' lang='lat' dir='ltr'>corporalibus</span> <span class='ocrx_word' id='word_1_73' title='bbox 1097 1154 1228 1223; x_wconf 84' lang='lat' dir='ltr'>functus,</span> <span class='ocrx_word' id='word_1_74' title='bbox 1240 1153 1296 1212; x_wconf 88' lang='lat' dir='ltr'>sed</span> 
     </span>
     <span class='ocr_line' id='line_1_10' title="bbox 91 1253 1302 1334; baseline -0.003 -19"><span class='ocrx_word' id='word_1_75' title='bbox 91 1257 156 1316; x_wconf 91' lang='lat' dir='ltr'>solo</span> <span class='ocrx_word' id='word_1_76' title='bbox 171 1258 238 1315; x_wconf 86' lang='lat' dir='ltr'>vino</span> <span class='ocrx_word' id='word_1_77' title='bbox 253 1276 285 1315; x_wconf 91' lang='lat' dir='ltr'>ac</span> <span class='ocrx_word' id='word_1_78' title='bbox 299 1275 391 1334; x_wconf 76' lang='lat' dir='ltr'>pane:</span> <span class='ocrx_word' id='word_1_79' title='bbox 413 1258 453 1315; x_wconf 91' lang='lat' dir='ltr'>ita</span> <span class='ocrx_word' id='word_1_80' title='bbox 466 1257 597 1315; x_wconf 79' lang='lat' dir='ltr'>Salvator</span> <span class='ocrx_word' id='word_1_81' title='bbox 611 1274 644 1314; x_wconf 90' lang='lat' dir='ltr'>ac</span> <span class='ocrx_word' id='word_1_82' title='bbox 659 1254 808 1315; x_wconf 82' lang='lat' dir='ltr'>Dominus</span> <span class='ocrx_word' id='word_1_83' title='bbox 818 1265 926 1323; x_wconf 88' lang='lat' dir='ltr'>noster,</span> <span class='ocrx_word' id='word_1_84' title='bbox 941 1253 1047 1313; x_wconf 88' lang='lat' dir='ltr'>deinde</span> <span class='ocrx_word' id='word_1_85' title='bbox 1060 1253 1113 1327; x_wconf 90' lang='lat' dir='ltr'>qui</span> <span class='ocrx_word' id='word_1_86' title='bbox 1131 1254 1169 1311; x_wconf 85' lang='lat' dir='ltr'>ab</span> <span class='ocrx_word' id='word_1_87' title='bbox 1182 1271 1221 1311; x_wconf 90' lang='lat' dir='ltr'>eo</span> <span class='ocrx_word' id='word_1_88' title='bbox 1235 1271 1302 1330; x_wconf 93' lang='lat' dir='ltr'>pro·</span> 
     </span>
     <span class='ocr_line' id='line_1_11' title="bbox 92 1351 1299 1432; baseline -0.004 -17"><span class='ocrx_word' id='word_1_89' title='bbox 92 1356 160 1415; x_wconf 85' lang='lat' dir='ltr'>lecti</span> <span class='ocrx_word' id='word_1_90' title='bbox 173 1365 241 1413; x_wconf 90' lang='lat' dir='ltr'>sunt</span> <span class='ocrx_word' id='word_1_91' title='bbox 250 1355 422 1424; x_wconf 88' lang='lat' dir='ltr'>sacerdotes,</span> <span class='ocrx_word' id='word_1_92' title='bbox 437 1355 468 1413; x_wconf 89' lang='lat' dir='ltr'>in</span> <span class='ocrx_word' id='word_1_93' title='bbox 481 1355 615 1414; x_wconf 90' lang='lat' dir='ltr'>omnibus</span> <span class='ocrx_word' id='word_1_94' title='bbox 630 1353 764 1432; x_wconf 83' lang='lat' dir='ltr'>gentibus</span> <span class='ocrx_word' id='word_1_95' title='bbox 787 1393 920 1412; x_wconf 92' lang='grc'><strong>.....</strong></span> <span class='ocrx_word' id='word_1_96' title='bbox 940 1355 1010 1412; x_wconf 87' lang='lat' dir='ltr'>vino</span> <span class='ocrx_word' id='word_1_97' title='bbox 1024 1371 1059 1410; x_wconf 90' lang='lat' dir='ltr'>ao</span> <span class='ocrx_word' id='word_1_98' title='bbox 1072 1369 1149 1430; x_wconf 87' lang='lat' dir='ltr'>paris</span> <span class='ocrx_word' id='word_1_99' title='bbox 1163 1351 1299 1430; x_wconf 86' lang='lat' dir='ltr'>corporis</span> 
     </span>
     <span class='ocr_line' id='line_1_12' title="bbox 93 1450 1302 1528; baseline -0.001 -19"><span class='ocrx_word' id='word_1_100' title='bbox 93 1451 171 1509; x_wconf 92' lang='lat' dir='ltr'>illius</span> <span class='ocrx_word' id='word_1_101' title='bbox 194 1470 227 1509; x_wconf 92' lang='lat' dir='ltr'>ac</span> <span class='ocrx_word' id='word_1_102' title='bbox 254 1451 386 1510; x_wconf 86' lang='lat' dir='ltr'>salutaris</span> <span class='ocrx_word' id='word_1_103' title='bbox 407 1451 556 1528; x_wconf 81' lang='lat' dir='ltr'>sanguinis</span> <span class='ocrx_word' id='word_1_104' title='bbox 579 1451 716 1528; x_wconf 87' lang='lat' dir='ltr'>mysteria</span> <span class='ocrx_word' id='word_1_105' title='bbox 736 1459 943 1528; x_wconf 81' lang='lat' dir='ltr'>repraesentat:</span> <span class='ocrx_word' id='word_1_106' title='bbox 978 1468 1045 1525; x_wconf 85' lang='lat' dir='ltr'>quse</span> <span class='ocrx_word' id='word_1_107' title='bbox 1066 1467 1137 1508; x_wconf 85' lang='lat' dir='ltr'>saus</span> <span class='ocrx_word' id='word_1_108' title='bbox 1159 1450 1302 1527; x_wconf 82' lang='lat' dir='ltr'>mysteria</span> 
     </span>
     <span class='ocr_line' id='line_1_13' title="bbox 90 1534 1297 1626; baseline -0.002 -17"><span class='ocrx_word' id='word_1_109' title='bbox 90 1534 309 1609; x_wconf 74' lang='lat' dir='ltr'>Melchisedech</span> <span class='ocrx_word' id='word_1_110' title='bbox 330 1559 407 1607; x_wconf 90' lang='lat' dir='ltr'>tanto</span> <span class='ocrx_word' id='word_1_111' title='bbox 434 1562 498 1607; x_wconf 88' lang='lat' dir='ltr'>aute</span> <span class='ocrx_word' id='word_1_112' title='bbox 520 1549 629 1626; x_wconf 81' lang='lat' dir='ltr'>Spiritu</span> <span class='ocrx_word' id='word_1_113' title='bbox 650 1547 748 1609; x_wconf 85' lang='lat' dir='ltr'>divino</span> <span class='ocrx_word' id='word_1_114' title='bbox 768 1558 951 1626; x_wconf 83' lang='lat' dir='ltr'>cognoverat,</span> <span class='ocrx_word' id='word_1_115' title='bbox 965 1558 995 1607; x_wconf 86' lang='lat' dir='ltr'>et</span> <span class='ocrx_word' id='word_1_116' title='bbox 1014 1566 1111 1607; x_wconf 89' lang='lat' dir='ltr'>rerum</span> <span class='ocrx_word' id='word_1_117' title='bbox 1131 1547 1297 1607; x_wconf 85' lang='lat' dir='ltr'>futurarum</span> 
     </span>
     <span class='ocr_line' id='line_1_14' title="bbox 91 1644 498 1722; baseline -0.002 -18"><span class='ocrx_word' id='word_1_118' title='bbox 91 1645 263 1722; x_wconf 82' lang='lat' dir='ltr'>imaginibus</span> <span class='ocrx_word' id='word_1_119' title='bbox 277 1664 347 1703; x_wconf 89' lang='lat' dir='ltr'>usus</span> <span class='ocrx_word' id='word_1_120' title='bbox 360 1644 498 1704; x_wconf 83' lang='lat' dir='ltr'>luerat.”⁸</span> 
     </span>
     <span class='ocr_line' id='line_1_15' title="bbox 135 1741 1298 1820; baseline 0.003 -21"><span class='ocrx_word' id='word_1_121' title='bbox 135 1746 182 1800; x_wconf 90' lang='lat' dir='ltr'>ll.</span> <span class='ocrx_word' id='word_1_122' title='bbox 203 1745 311 1803; x_wconf 76' lang='lat' dir='ltr'>Auctor</span> <span class='ocrx_word' id='word_1_123' title='bbox 331 1743 468 1802; x_wconf 89' lang='lat' dir='ltr'>librorum</span> <span class='ocrx_word' id='word_1_124' title='bbox 495 1741 531 1801; x_wconf 87' lang='lat' dir='ltr'>de</span> <span class='ocrx_word' id='word_1_125' title='bbox 551 1741 760 1801; x_wconf 77' lang='lat' dir='ltr'>sacramentis:</span> <span class='ocrx_word' id='word_1_126' title='bbox 790 1742 1021 1820; x_wconf 79' lang='lat' dir='ltr'>“Cognovimus</span> <span class='ocrx_word' id='word_1_127' title='bbox 1049 1752 1298 1803; x_wconf 69' lang='lat' dir='ltr'>mmeutomm</span> 
     </span>
     <span class='ocr_line' id='line_1_16' title="bbox 93 1837 1302 1916; baseline 0.002 -20"><span class='ocrx_word' id='word_1_128' title='bbox 93 1838 213 1897; x_wconf 87' lang='lat' dir='ltr'>istorum</span> <span class='ocrx_word' id='word_1_129' title='bbox 228 1837 348 1915; x_wconf 77' lang='lat' dir='ltr'>figuram</span> <span class='ocrx_word' id='word_1_130' title='bbox 358 1838 481 1897; x_wconf 75' lang='lat' dir='ltr'>Abrahae</span> <span class='ocrx_word' id='word_1_131' title='bbox 491 1838 667 1916; x_wconf 81' lang='lat' dir='ltr'>temporibus</span> <span class='ocrx_word' id='word_1_132' title='bbox 676 1839 870 1916; x_wconf 76' lang='lat' dir='ltr'>precessisse,</span> <span class='ocrx_word' id='word_1_133' title='bbox 879 1837 1107 1913; x_wconf 80' lang='lat' dir='ltr'>quaudoobtulit</span> <span class='ocrx_word' id='word_1_134' title='bbox 1118 1839 1302 1899; x_wconf 81' lang='lat' dir='ltr'>sacrificium</span> 
     </span>
     <span class='ocr_line' id='line_1_17' title="bbox 91 1936 1301 1996; baseline 0.002 -3"><span class='ocrx_word' id='word_1_135' title='bbox 91 1949 209 1993; x_wconf 87' lang='lat' dir='ltr'>sanctus</span> <span class='ocrx_word' id='word_1_136' title='bbox 220 1936 482 1996; x_wconf 83' lang='lat' dir='ltr'>Melchisedech.”‘</span> <span class='ocrx_word' id='word_1_137' title='bbox 960 1940 965 1953; x_wconf 85' lang='lat'><strong><em>¹</em></strong></span> <span class='ocrx_word' id='word_1_138' title='bbox 1294 1958 1301 1967; x_wconf 82' lang='grc'><strong><em>·</em></strong></span> 
     </span>
     <span class='ocr_line' id='line_1_18' title="bbox 131 2032 1299 2112; baseline 0.002 -21"><span class='ocrx_word' id='word_1_139' title='bbox 131 2037 179 2091; x_wconf 82' lang='lat'>12.</span> <span class='ocrx_word' id='word_1_140' title='bbox 202 2034 234 2091; x_wconf 87' lang='lat' dir='ltr'>S.</span> <span class='ocrx_word' id='word_1_141' title='bbox 249 2032 454 2093; x_wconf 80' lang='lat' dir='ltr'>Hmnourrrus</span> <span class='ocrx_word' id='word_1_142' title='bbox 478 2033 514 2093; x_wconf 90' lang='lat' dir='ltr'>ad</span> <span class='ocrx_word' id='word_1_143' title='bbox 535 2033 701 2107; x_wconf 81' lang='lat' dir='ltr'>Marcellam</span> <span class='ocrx_word' id='word_1_144' title='bbox 713 2034 845 2112; x_wconf 72' lang='lat' dir='ltr'>scripsit:</span> <span class='ocrx_word' id='word_1_145' title='bbox 869 2043 889 2071; x_wconf 90' lang='grc'>“</span> <span class='ocrx_word' id='word_1_146' title='bbox 900 2034 1027 2093; x_wconf 81' lang='lat' dir='ltr'>Remrre</span> <span class='ocrx_word' id='word_1_147' title='bbox 1042 2033 1080 2092; x_wconf 89' lang='lat' dir='ltr'>ad</span> <span class='ocrx_word' id='word_1_148' title='bbox 1097 2034 1252 2104; x_wconf 83' lang='lat' dir='ltr'>Genesim,</span> <span class='ocrx_word' id='word_1_149' title='bbox 1266 2045 1299 2094; x_wconf 87' lang='lat' dir='ltr'>st</span> 
     </span>
     <span class='ocr_line' id='line_1_19' title="bbox 93 2126 1290 2209; baseline 0.003 -20"><span class='ocrx_word' id='word_1_150' title='bbox 93 2126 312 2189; x_wconf 88' lang='lat' dir='ltr'>Melchisedech</span> <span class='ocrx_word' id='word_1_151' title='bbox 332 2147 428 2207; x_wconf 79' lang='lat' dir='ltr'>regem</span> <span class='ocrx_word' id='word_1_152' title='bbox 443 2130 541 2189; x_wconf 84' lang='lat' dir='ltr'>Salem</span> <span class='ocrx_word' id='word_1_153' title='bbox 565 2129 652 2207; x_wconf 90' lang='lat' dir='ltr'>hujus</span> <span class='ocrx_word' id='word_1_154' title='bbox 666 2130 827 2208; x_wconf 89' lang='lat' dir='ltr'>principem</span> <span class='ocrx_word' id='word_1_155' title='bbox 849 2130 980 2189; x_wconf 89' lang='lat' dir='ltr'>invenies</span> <span class='ocrx_word' id='word_1_156' title='bbox 1007 2130 1146 2200; x_wconf 83' lang='lat' dir='ltr'>civitatis,</span> <span class='ocrx_word' id='word_1_157' title='bbox 1159 2131 1210 2205; x_wconf 86' lang='lat' dir='ltr'>qui</span> <span class='ocrx_word' id='word_1_158' title='bbox 1224 2131 1290 2209; x_wconf 80' lang='lat' dir='ltr'>jam</span> 
     </span>
     <span class='ocr_line' id='line_1_20' title="bbox 74 2227 1293 2307; baseline 0.007 -28"><span class='ocrx_word' id='word_1_159' title='bbox 74 2236 157 2285; x_wconf 74' lang='lat' dir='ltr'>,tunc</span> <span class='ocrx_word' id='word_1_160' title='bbox 168 2227 197 2287; x_wconf 91' lang='lat' dir='ltr'>in</span> <span class='ocrx_word' id='word_1_161' title='bbox 211 2238 282 2305; x_wconf 91' lang='lat' dir='ltr'>typo</span> <span class='ocrx_word' id='word_1_162' title='bbox 297 2228 406 2288; x_wconf 86' lang='lat' dir='ltr'>Christi</span> <span class='ocrx_word' id='word_1_163' title='bbox 420 2246 523 2307; x_wconf 87' lang='lat' dir='ltr'>panem</span> <span class='ocrx_word' id='word_1_164' title='bbox 537 2237 567 2287; x_wconf 89' lang='lat' dir='ltr'>et</span> <span class='ocrx_word' id='word_1_165' title='bbox 579 2228 678 2288; x_wconf 87' lang='lat' dir='ltr'>vinum</span> <span class='ocrx_word' id='word_1_166' title='bbox 692 2228 803 2297; x_wconf 87' lang='lat' dir='ltr'>obtulit,</span> <span class='ocrx_word' id='word_1_167' title='bbox 817 2238 847 2288; x_wconf 90' lang='lat' dir='ltr'>et</span> <span class='ocrx_word' id='word_1_168' title='bbox 860 2229 1031 2305; x_wconf 84' lang='lat' dir='ltr'>mysterium</span> <span class='ocrx_word' id='word_1_169' title='bbox 1053 2229 1248 2291; x_wconf 83' lang='lat' dir='ltr'>christianum</span> <span class='ocrx_word' id='word_1_170' title='bbox 1261 2231 1293 2289; x_wconf 86' lang='lat' dir='ltr'>in</span> 
     </span>
     <span class='ocr_line' id='line_1_21' title="bbox 94 2324 780 2405; baseline 0 -21"><span class='ocrx_word' id='word_1_171' title='bbox 94 2324 250 2385; x_wconf 84' lang='lat' dir='ltr'>Salvatoris</span> <span class='ocrx_word' id='word_1_172' title='bbox 267 2346 387 2405; x_wconf 88' lang='lat' dir='ltr'>corpore</span> <span class='ocrx_word' id='word_1_173' title='bbox 401 2327 579 2405; x_wconf 78' lang='lat' dir='ltr'>etsanguine</span> <span class='ocrx_word' id='word_1_174' title='bbox 592 2325 780 2385; x_wconf 79' lang='lat' dir='ltr'>dedicavit.’‘⁵</span> 
     </span>
     <span class='ocr_line' id='line_1_22' title="bbox 133 2423 1294 2504; baseline 0.005 -23"><span class='ocrx_word' id='word_1_175' title='bbox 133 2428 178 2482; x_wconf 83' lang='lat'>13.</span> <span class='ocrx_word' id='word_1_176' title='bbox 201 2425 233 2482; x_wconf 86' lang='lat' dir='ltr'>S.</span> <span class='ocrx_word' id='word_1_177' title='bbox 249 2426 441 2484; x_wconf 78' lang='lat' dir='ltr'>Accusamus</span> <span class='ocrx_word' id='word_1_178' title='bbox 462 2424 498 2484; x_wconf 86' lang='lat' dir='ltr'>sd</span> <span class='ocrx_word' id='word_1_179' title='bbox 518 2424 718 2484; x_wconf 88' lang='lat' dir='ltr'>Innocentium</span> <span class='ocrx_word' id='word_1_180' title='bbox 745 2424 883 2501; x_wconf 87' lang='lat' dir='ltr'>scripsit:</span> <span class='ocrx_word' id='word_1_181' title='bbox 906 2433 927 2462; x_wconf 81' lang='lat'>⁴⁴</span> <span class='ocrx_word' id='word_1_182' title='bbox 942 2423 1165 2484; x_wconf 87' lang='lat' dir='ltr'>Melchisedech</span> <span class='ocrx_word' id='word_1_183' title='bbox 1180 2425 1294 2504; x_wconf 79' lang='lat' dir='ltr'>prolato</span> 
     </span>
     <span class='ocr_line' id='line_1_23' title="bbox 91 2521 1300 2600; baseline 0.003 -22"><span class='ocrx_word' id='word_1_184' title='bbox 91 2522 274 2580; x_wconf 86' lang='lat' dir='ltr'>Sacramento</span> <span class='ocrx_word' id='word_1_185' title='bbox 288 2541 394 2580; x_wconf 70' lang='lat' dir='ltr'>mensa:</span> <span class='ocrx_word' id='word_1_186' title='bbox 409 2522 580 2588; x_wconf 83' lang='lat' dir='ltr'>Dominicae,</span> <span class='ocrx_word' id='word_1_187' title='bbox 595 2523 676 2579; x_wconf 85' lang='lat' dir='ltr'>novit</span> <span class='ocrx_word' id='word_1_188' title='bbox 690 2531 826 2578; x_wconf 80' lang='lat' dir='ltr'>aeternum</span> <span class='ocrx_word' id='word_1_189' title='bbox 841 2523 903 2597; x_wconf 87' lang='lat' dir='ltr'>ejus</span> <span class='ocrx_word' id='word_1_190' title='bbox 918 2521 1111 2580; x_wconf 86' lang='lat' dir='ltr'>sacerdotium</span> <span class='ocrx_word' id='word_1_191' title='bbox 1126 2523 1300 2600; x_wconf 60' lang='lat' dir='ltr'>figurarem</span> 
     </span>
     <span class='ocr_line' id='line_1_24' title="bbox 91 2618 1299 2694; baseline 0.004 -19"><span class='ocrx_word' id='word_1_192' title='bbox 91 2619 131 2676; x_wconf 86' lang='lat' dir='ltr'>Et</span> <span class='ocrx_word' id='word_1_193' title='bbox 144 2619 233 2676; x_wconf 89' lang='lat' dir='ltr'>alias:</span> <span class='ocrx_word' id='word_1_194' title='bbox 259 2629 277 2654; x_wconf 77' lang='lat'>‘⁶</span> <span class='ocrx_word' id='word_1_195' title='bbox 288 2619 331 2675; x_wconf 91' lang='lat' dir='ltr'>lbi</span> <span class='ocrx_word' id='word_1_196' title='bbox 353 2620 460 2693; x_wconf 92' lang='lat' dir='ltr'>quippe</span> <span class='ocrx_word' id='word_1_197' title='bbox 474 2619 599 2694; x_wconf 88' lang='lat' dir='ltr'>primum</span> <span class='ocrx_word' id='word_1_198' title='bbox 620 2619 751 2693; x_wconf 89' lang='lat' dir='ltr'>apparuit</span> <span class='ocrx_word' id='word_1_199' title='bbox 770 2618 944 2676; x_wconf 87' lang='lat' dir='ltr'>sacrificium</span> <span class='ocrx_word' id='word_1_200' title='bbox 972 2619 1049 2692; x_wconf 90' lang='lat' dir='ltr'>quod</span> <span class='ocrx_word' id='word_1_201' title='bbox 1070 2639 1151 2678; x_wconf 91' lang='lat' dir='ltr'>nunc</span> <span class='ocrx_word' id='word_1_202' title='bbox 1167 2641 1185 2679; x_wconf 89' lang='lat' dir='ltr'>a</span> <span class='ocrx_word' id='word_1_203' title='bbox 1199 2621 1299 2680; x_wconf 85' lang='lat' dir='ltr'>Chris·</span> 
     </span>
     <span class='ocr_line' id='line_1_25' title="bbox 91 2715 1297 2798; baseline 0.003 -26"><span class='ocrx_word' id='word_1_204' title='bbox 91 2717 174 2773; x_wconf 89' lang='lat' dir='ltr'>tianis</span> <span class='ocrx_word' id='word_1_205' title='bbox 189 2717 306 2773; x_wconf 84' lang='lat' dir='ltr'>offertur</span> <span class='ocrx_word' id='word_1_206' title='bbox 322 2717 394 2782; x_wconf 87' lang='lat' dir='ltr'>Deo,</span> <span class='ocrx_word' id='word_1_207' title='bbox 406 2726 465 2774; x_wconf 91' lang='lat' dir='ltr'>toto</span> <span class='ocrx_word' id='word_1_208' title='bbox 479 2717 546 2774; x_wconf 90' lang='lat' dir='ltr'>orbe</span> <span class='ocrx_word' id='word_1_209' title='bbox 562 2727 708 2782; x_wconf 88' lang='lat' dir='ltr'>terrarum,</span> <span class='ocrx_word' id='word_1_210' title='bbox 725 2716 916 2792; x_wconf 88' lang='lat' dir='ltr'>impleturque</span> <span class='ocrx_word' id='word_1_211' title='bbox 933 2715 1003 2774; x_wconf 92' lang='lat' dir='ltr'>illud</span> <span class='ocrx_word' id='word_1_212' title='bbox 1021 2716 1100 2789; x_wconf 92' lang='lat' dir='ltr'>quod</span> <span class='ocrx_word' id='word_1_213' title='bbox 1128 2718 1219 2795; x_wconf 85' lang='lat' dir='ltr'>longe</span> <span class='ocrx_word' id='word_1_214' title='bbox 1234 2729 1297 2798; x_wconf 85' lang='lat' dir='ltr'>post</span> 
     </span>
     <span class='ocr_line' id='line_1_26' title="bbox 91 2810 1293 2889; baseline 0.002 -19"><span class='ocrx_word' id='word_1_215' title='bbox 91 2814 147 2871; x_wconf 94' lang='lat' dir='ltr'>hoc</span> <span class='ocrx_word' id='word_1_216' title='bbox 161 2813 266 2871; x_wconf 83' lang='lat' dir='ltr'>sactum</span> <span class='ocrx_word' id='word_1_217' title='bbox 282 2832 333 2888; x_wconf 90' lang='lat' dir='ltr'>per</span> <span class='ocrx_word' id='word_1_218' title='bbox 347 2813 514 2889; x_wconf 90' lang='lat' dir='ltr'>prophetam</span> <span class='ocrx_word' id='word_1_219' title='bbox 527 2810 679 2871; x_wconf 57' lang='lat' dir='ltr'>dicitur‘ad</span> <span class='ocrx_word' id='word_1_220' title='bbox 700 2812 860 2881; x_wconf 80' lang='lat' dir='ltr'>Christum,</span> <span class='ocrx_word' id='word_1_221' title='bbox 876 2814 925 2886; x_wconf 90' lang='lat' dir='ltr'>qui</span> <span class='ocrx_word' id='word_1_222' title='bbox 941 2814 1031 2872; x_wconf 85' lang='lat' dir='ltr'>luerat</span> <span class='ocrx_word' id='word_1_223' title='bbox 1044 2813 1141 2872; x_wconf 90' lang='lat' dir='ltr'>adhuc</span> <span class='ocrx_word' id='word_1_224' title='bbox 1159 2828 1293 2875; x_wconf 87' lang='lat' dir='ltr'>venturus</span> 
     </span>
     <span class='ocr_line' id='line_1_27' title="bbox 90 2909 1299 2972; baseline 0.003 -4"><span class='ocrx_word' id='word_1_225' title='bbox 90 2911 121 2968; x_wconf 91' lang='lat' dir='ltr'>in</span> <span class='ocrx_word' id='word_1_226' title='bbox 135 2929 218 2968; x_wconf 91' lang='lat' dir='ltr'>carne</span> <span class='ocrx_word' id='word_1_227' title='bbox 231 2931 238 2967; x_wconf 92' lang='lat'>:</span> <span class='ocrx_word' id='word_1_228' title='bbox 268 2911 333 2968; x_wconf 87' lang='lat' dir='ltr'>‘Tu</span> <span class='ocrx_word' id='word_1_229' title='bbox 348 2929 379 2967; x_wconf 90' lang='lat' dir='ltr'>es</span> <span class='ocrx_word' id='word_1_230' title='bbox 389 2910 520 2969; x_wconf 89' lang='lat' dir='ltr'>sacerdos</span> <span class='ocrx_word' id='word_1_231' title='bbox 530 2912 560 2968; x_wconf 91' lang='lat' dir='ltr'>in</span> <span class='ocrx_word' id='word_1_232' title='bbox 569 2920 706 2970; x_wconf 76' lang='lat' dir='ltr'>aeternum</span> <span class='ocrx_word' id='word_1_233' title='bbox 716 2910 873 2968; x_wconf 89' lang='lat' dir='ltr'>secundum</span> <span class='ocrx_word' id='word_1_234' title='bbox 886 2909 1015 2970; x_wconf 89' lang='lat' dir='ltr'>ordinem</span> <span class='ocrx_word' id='word_1_235' title='bbox 1026 2911 1299 2972; x_wconf 80' lang='lat' dir='ltr'>Melchisedech.”¹</span> 
     </span>
     <span class='ocr_line' id='line_1_28' title="bbox 92 3008 1300 3086; baseline 0.005 -21"><span class='ocrx_word' id='word_1_236' title='bbox 92 3009 201 3065; x_wconf 82' lang='lat' dir='ltr'>“Alias</span> <span class='ocrx_word' id='word_1_237' title='bbox 216 3008 251 3065; x_wconf 90' lang='lat' dir='ltr'>de</span> <span class='ocrx_word' id='word_1_238' title='bbox 266 3009 370 3065; x_wconf 91' lang='lat' dir='ltr'>Psaltis</span> <span class='ocrx_word' id='word_1_239' title='bbox 386 3009 478 3065; x_wconf 84' lang='lat' dir='ltr'>verbis</span> <span class='ocrx_word' id='word_1_240' title='bbox 501 3027 587 3085; x_wconf 84' lang='lat' dir='ltr'>agens</span> <span class='ocrx_word' id='word_1_241' title='bbox 603 3008 820 3066; x_wconf 87' lang='lat' dir='ltr'>animadvertit:</span> <span class='ocrx_word' id='word_1_242' title='bbox 845 3018 864 3045; x_wconf 79' lang='lat'>‘⁶</span> <span class='ocrx_word' id='word_1_243' title='bbox 877 3009 920 3066; x_wconf 92' lang='lat' dir='ltr'>Ibi</span> <span class='ocrx_word' id='word_1_244' title='bbox 942 3010 1050 3086; x_wconf 90' lang='lat' dir='ltr'>quippe</span> <span class='ocrx_word' id='word_1_245' title='bbox 1065 3020 1094 3067; x_wconf 92' lang='lat' dir='ltr'>et</span> <span class='ocrx_word' id='word_1_246' title='bbox 1108 3010 1169 3069; x_wconf 93' lang='lat' dir='ltr'>hoc</span> <span class='ocrx_word' id='word_1_247' title='bbox 1189 3011 1300 3071; x_wconf 91' lang='lat' dir='ltr'>dictum</span> 
     </span>
     <span class='ocr_line' id='line_1_29' title="bbox 91 3105 1320 3183; baseline 0.003 -20"><span class='ocrx_word' id='word_1_248' title='bbox 91 3118 154 3164; x_wconf 90' lang='lat' dir='ltr'>est:</span> <span class='ocrx_word' id='word_1_249' title='bbox 172 3106 301 3164; x_wconf 85' lang='lat' dir='ltr'>‘Juravit</span> <span class='ocrx_word' id='word_1_250' title='bbox 311 3105 464 3172; x_wconf 89' lang='lat' dir='ltr'>Dominus,</span> <span class='ocrx_word' id='word_1_251' title='bbox 480 3116 509 3162; x_wconf 87' lang='lat' dir='ltr'>et</span> <span class='ocrx_word' id='word_1_252' title='bbox 520 3106 735 3183; x_wconf 86' lang='lat' dir='ltr'>noupoenitebit</span> <span class='ocrx_word' id='word_1_253' title='bbox 746 3125 810 3164; x_wconf 90' lang='lat' dir='ltr'>eum</span> <span class='ocrx_word' id='word_1_254' title='bbox 825 3127 833 3163; x_wconf 92' lang='lat'>:</span> <span class='ocrx_word' id='word_1_255' title='bbox 849 3107 897 3164; x_wconf 90' lang='lat' dir='ltr'>Tu</span> <span class='ocrx_word' id='word_1_256' title='bbox 907 3125 938 3164; x_wconf 90' lang='lat' dir='ltr'>es</span> <span class='ocrx_word' id='word_1_257' title='bbox 953 3105 1095 3165; x_wconf 87' lang='lat' dir='ltr'>Sacerdos</span> <span class='ocrx_word' id='word_1_258' title='bbox 1110 3108 1143 3166; x_wconf 91' lang='lat' dir='ltr'>in</span> <span class='ocrx_word' id='word_1_259' title='bbox 1159 3119 1320 3167; x_wconf 74' lang='lat' dir='ltr'>tetemurn</span> 
     </span>
     <span class='ocr_line' id='line_1_30' title="bbox 89 3201 1324 3280; baseline 0.002 -19"><span class='ocrx_word' id='word_1_260' title='bbox 89 3202 384 3261; x_wconf 88' lang='lat' dir='ltr'>secundumordiuem</span> <span class='ocrx_word' id='word_1_261' title='bbox 396 3201 632 3260; x_wconf 84' lang='lat' dir='ltr'>Melchisedech&#39;</span> <span class='ocrx_word' id='word_1_262' title='bbox 660 3202 868 3275; x_wconf 86' lang='lat' dir='ltr'>Noveruntqui</span> <span class='ocrx_word' id='word_1_263' title='bbox 876 3203 1048 3280; x_wconf 84' lang='lat' dir='ltr'>legumquid</span> <span class='ocrx_word' id='word_1_264' title='bbox 1058 3205 1211 3280; x_wconf 88' lang='lat' dir='ltr'>protulerit</span> <span class='ocrx_word' id='word_1_265' title='bbox 1220 3206 1324 3264; x_wconf 87' lang='lat' dir='ltr'>Mel-</span> 
     </span>
     <span class='ocr_line' id='line_1_31' title="bbox 90 3299 1341 3377; baseline -0.002 -18"><span class='ocrx_word' id='word_1_266' title='bbox 90 3300 253 3368; x_wconf 90' lang='lat' dir='ltr'>chisedech,</span> <span class='ocrx_word' id='word_1_267' title='bbox 269 3299 383 3373; x_wconf 88' lang='lat' dir='ltr'>quando</span> <span class='ocrx_word' id='word_1_268' title='bbox 397 3299 543 3357; x_wconf 87' lang='lat' dir='ltr'>benedixit</span> <span class='ocrx_word' id='word_1_269' title='bbox 557 3299 711 3367; x_wconf 89' lang='lat' dir='ltr'>Abraham,</span> <span class='ocrx_word' id='word_1_270' title='bbox 724 3311 752 3357; x_wconf 88' lang='lat' dir='ltr'>et</span> <span class='ocrx_word' id='word_1_271' title='bbox 762 3301 824 3376; x_wconf 87' lang='lat' dir='ltr'>jam</span> <span class='ocrx_word' id='word_1_272' title='bbox 836 3315 902 3358; x_wconf 88' lang='lat' dir='ltr'>sunt</span> <span class='ocrx_word' id='word_1_273' title='bbox 915 3301 1068 3376; x_wconf 88' lang='lat' dir='ltr'>participes</span> <span class='ocrx_word' id='word_1_274' title='bbox 1085 3302 1151 3377; x_wconf 90' lang='lat' dir='ltr'>ejus</span> <span class='ocrx_word' id='word_1_275' title='bbox 1169 3324 1177 3360; x_wconf 92' lang='lat'>:</span> <span class='ocrx_word' id='word_1_276' title='bbox 1199 3302 1302 3362; x_wconf 77' lang='lat' dir='ltr'>videm</span> <span class='ocrx_word' id='word_1_277' title='bbox 1311 3311 1341 3357; x_wconf 74' lang='lat' dir='ltr'>t</span> 
     </span>
     <span class='ocr_line' id='line_1_32' title="bbox 91 3398 1339 3479; baseline 0.003 -21"><span class='ocrx_word' id='word_1_278' title='bbox 91 3401 145 3458; x_wconf 87' lang='lat' dir='ltr'>tale</span> <span class='ocrx_word' id='word_1_279' title='bbox 165 3401 337 3459; x_wconf 86' lang='lat' dir='ltr'>sacrificium</span> <span class='ocrx_word' id='word_1_280' title='bbox 352 3418 428 3457; x_wconf 88' lang='lat' dir='ltr'>nunc</span> <span class='ocrx_word' id='word_1_281' title='bbox 441 3398 539 3457; x_wconf 87' lang='lat' dir='ltr'>offerri</span> <span class='ocrx_word' id='word_1_282' title='bbox 556 3399 620 3457; x_wconf 91' lang='lat' dir='ltr'>Deo</span> <span class='ocrx_word' id='word_1_283' title='bbox 636 3410 694 3457; x_wconf 89' lang='lat' dir='ltr'>toto</span> <span class='ocrx_word' id='word_1_284' title='bbox 715 3400 782 3457; x_wconf 92' lang='lat' dir='ltr'>orbe</span> <span class='ocrx_word' id='word_1_285' title='bbox 804 3409 952 3457; x_wconf 89' lang='lat' dir='ltr'>terrarum.</span> <span class='ocrx_word' id='word_1_286' title='bbox 995 3399 1052 3457; x_wconf 90' lang='lat' dir='ltr'>Dei</span> <span class='ocrx_word' id='word_1_287' title='bbox 1067 3413 1168 3460; x_wconf 81' lang='lat' dir='ltr'>autem</span> <span class='ocrx_word' id='word_1_288' title='bbox 1178 3402 1339 3479; x_wconf 75' lang='lat' dir='ltr'>juratio,</span> 
     </span>
     <span class='ocr_line' id='line_1_33' title="bbox 91 3495 1339 3575; baseline -0.005 -18"><span class='ocrx_word' id='word_1_289' title='bbox 91 3499 300 3557; x_wconf 89' lang='lat' dir='ltr'>incredulorum</span> <span class='ocrx_word' id='word_1_290' title='bbox 315 3509 359 3555; x_wconf 90' lang='lat' dir='ltr'>est</span> <span class='ocrx_word' id='word_1_291' title='bbox 372 3497 549 3573; x_wconf 87' lang='lat' dir='ltr'>increpatio:</span> <span class='ocrx_word' id='word_1_292' title='bbox 571 3508 600 3554; x_wconf 90' lang='lat' dir='ltr'>et</span> <span class='ocrx_word' id='word_1_293' title='bbox 614 3495 691 3570; x_wconf 90' lang='lat' dir='ltr'>quod</span> <span class='ocrx_word' id='word_1_294' title='bbox 706 3496 803 3554; x_wconf 88' lang='lat' dir='ltr'>Deum</span> <span class='ocrx_word' id='word_1_295' title='bbox 818 3516 876 3554; x_wconf 89' lang='lat' dir='ltr'>non</span> <span class='ocrx_word' id='word_1_296' title='bbox 892 3496 1052 3573; x_wconf 73' lang='lat' dir='ltr'>paenitebit,</span> <span class='ocrx_word' id='word_1_297' title='bbox 1064 3498 1243 3575; x_wconf 87' lang='lat' dir='ltr'>significatio</span> <span class='ocrx_word' id='word_1_298' title='bbox 1258 3502 1339 3557; x_wconf 78' lang='lat' dir='ltr'>est</span> 
     </span>
     <span class='ocr_line' id='line_1_34' title="bbox 90 3592 1325 3670; baseline 0.002 -19"><span class='ocrx_word' id='word_1_299' title='bbox 90 3597 157 3667; x_wconf 90' lang='lat' dir='ltr'>quia</span> <span class='ocrx_word' id='word_1_300' title='bbox 170 3595 225 3653; x_wconf 94' lang='lat' dir='ltr'>hoc</span> <span class='ocrx_word' id='word_1_301' title='bbox 236 3595 408 3652; x_wconf 86' lang='lat' dir='ltr'>sacrificium</span> <span class='ocrx_word' id='word_1_302' title='bbox 423 3613 480 3651; x_wconf 91' lang='lat' dir='ltr'>non</span> <span class='ocrx_word' id='word_1_303' title='bbox 495 3594 622 3660; x_wconf 87' lang='lat' dir='ltr'>mutabit,</span> <span class='ocrx_word' id='word_1_304' title='bbox 646 3594 764 3650; x_wconf 82' lang='lat' dir='ltr'>mutavit</span> <span class='ocrx_word' id='word_1_305' title='bbox 786 3592 894 3670; x_wconf 89' lang='lat' dir='ltr'>quippe</span> <span class='ocrx_word' id='word_1_306' title='bbox 917 3592 1109 3653; x_wconf 86' lang='lat' dir='ltr'>sacerdotium</span> <span class='ocrx_word' id='word_1_307' title='bbox 1131 3595 1325 3654; x_wconf 85' lang='lat' dir='ltr'>secundum</span> 
     </span>
     <span class='ocr_line' id='line_1_35' title="bbox 91 3689 1325 3768; baseline -0.001 -19"><span class='ocrx_word' id='word_1_308' title='bbox 91 3691 219 3749; x_wconf 88' lang='lat' dir='ltr'>ordinem</span> <span class='ocrx_word' id='word_1_309' title='bbox 247 3691 388 3749; x_wconf 81' lang='lat' dir='ltr'>Aaron.&#39;’⁸</span> <span class='ocrx_word' id='word_1_310' title='bbox 429 3690 581 3768; x_wconf 84' lang='lat' dir='ltr'>Anglicani</span> <span class='ocrx_word' id='word_1_311' title='bbox 596 3690 800 3766; x_wconf 87' lang='lat' dir='ltr'>quamplurimi</span> <span class='ocrx_word' id='word_1_312' title='bbox 815 3689 988 3747; x_wconf 88' lang='lat' dir='ltr'>sacrificium</span> <span class='ocrx_word' id='word_1_313' title='bbox 1000 3690 1325 3751; x_wconf 88' lang='lat' dir='ltr'>Melchisedecianunt</span> 
     </span>
     <span class='ocr_line' id='line_1_36' title="bbox 91 3786 1003 3864; baseline -0.002 -18"><span class='ocrx_word' id='word_1_314' title='bbox 91 3789 121 3846; x_wconf 91' lang='lat' dir='ltr'>in</span> <span class='ocrx_word' id='word_1_315' title='bbox 136 3788 306 3846; x_wconf 90' lang='lat' dir='ltr'>eucharistia</span> <span class='ocrx_word' id='word_1_316' title='bbox 318 3788 468 3864; x_wconf 90' lang='lat' dir='ltr'>impletum</span> <span class='ocrx_word' id='word_1_317' title='bbox 483 3806 500 3844; x_wconf 90' lang='lat' dir='ltr'>a</span> <span class='ocrx_word' id='word_1_318' title='bbox 513 3788 639 3864; x_wconf 88' lang='lat' dir='ltr'>patribus</span> <span class='ocrx_word' id='word_1_319' title='bbox 654 3786 802 3863; x_wconf 69' lang='lat' dir='ltr'>praedicari</span> <span class='ocrx_word' id='word_1_320' title='bbox 818 3788 1003 3862; x_wconf 76' lang='lat' dir='ltr'>agnoscunt.⁹</span> 
     </span>
    </p>
   </div>
   <div class='ocr_carea' id='block_1_3' title="bbox 181 3962 771 4537">
    <p class='ocr_par' dir='ltr' id='par_1_3' title="bbox 181 3962 771 4105">
     <span class='ocr_line' id='line_1_37' title="bbox 181 3962 771 4029; baseline -0.002 -16"><span class='ocrx_word' id='word_1_321' title='bbox 181 3964 229 4029; x_wconf 83' lang='lat' dir='ltr'>Ep</span> <span class='ocrx_word' id='word_1_322' title='bbox 240 3965 271 4014; x_wconf 88' lang='lat' dir='ltr'>ad</span> <span class='ocrx_word' id='word_1_323' title='bbox 283 3962 418 4026; x_wconf 71' lang='lat' dir='ltr'>cecilium,</span> <span class='ocrx_word' id='word_1_324' title='bbox 430 3966 446 4015; x_wconf 85' lang='lat' dir='ltr'>l.</span> <span class='ocrx_word' id='word_1_325' title='bbox 456 3964 483 4015; x_wconf 84' lang='lat' dir='ltr'>ii.</span> <span class='ocrx_word' id='word_1_326' title='bbox 493 3980 531 4029; x_wconf 87' lang='lat' dir='ltr'>ep.</span> <span class='ocrx_word' id='word_1_327' title='bbox 543 3964 578 4015; x_wconf 88' lang='lat' dir='ltr'>iii.</span> <span class='ocrx_word' id='word_1_328' title='bbox 590 3964 649 4015; x_wconf 85' lang='lat' dir='ltr'>alias</span> <span class='ocrx_word' id='word_1_329' title='bbox 660 3979 698 4029; x_wconf 91' lang='lat' dir='ltr'>ep.</span> <span class='ocrx_word' id='word_1_330' title='bbox 710 3963 771 4014; x_wconf 81' lang='lat' dir='ltr'>lxiii.</span> 
     </span>
     <span class='ocr_line' id='line_1_38' title="bbox 183 4051 423 4105; baseline 0.013 -4"><span class='ocrx_word' id='word_1_331' title='bbox 183 4051 212 4101; x_wconf 91' lang='lat' dir='ltr'>L.</span> <span class='ocrx_word' id='word_1_332' title='bbox 223 4052 256 4101; x_wconf 81' lang='lat' dir='ltr'>iv.</span> <span class='ocrx_word' id='word_1_333' title='bbox 267 4053 423 4105; x_wconf 74' lang='lat' dir='ltr'>stromatum·</span> 
     </span>
    </p>

    <p class='ocr_par' dir='ltr' id='par_1_4' title="bbox 189 4136 465 4190">
     <span class='ocr_line' id='line_1_39' title="bbox 189 4136 465 4190; baseline 0.018 -5"><span class='ocrx_word' id='word_1_334' title='bbox 189 4137 219 4186; x_wconf 89' lang='lat' dir='ltr'>L.</span> <span class='ocrx_word' id='word_1_335' title='bbox 230 4154 253 4186; x_wconf 86' lang='lat' dir='ltr'>v.</span> <span class='ocrx_word' id='word_1_336' title='bbox 265 4136 327 4187; x_wconf 91' lang='lat' dir='ltr'>dem.</span> <span class='ocrx_word' id='word_1_337' title='bbox 338 4139 386 4188; x_wconf 84' lang='lat' dir='ltr'>Ev.</span> <span class='ocrx_word' id='word_1_338' title='bbox 397 4157 419 4190; x_wconf 89' lang='lat' dir='ltr'>c.</span> <span class='ocrx_word' id='word_1_339' title='bbox 430 4139 465 4190; x_wconf 82' lang='lat' dir='ltr'>iii.</span> 
     </span>
    </p>

    <p class='ocr_par' dir='ltr' id='par_1_5' title="bbox 188 4223 416 4275">
     <span class='ocr_line' id='line_1_40' title="bbox 188 4223 416 4275; baseline 0.004 -1"><span class='ocrx_word' id='word_1_340' title='bbox 188 4224 218 4275; x_wconf 91' lang='lat' dir='ltr'>L.</span> <span class='ocrx_word' id='word_1_341' title='bbox 227 4241 250 4273; x_wconf 86' lang='lat' dir='ltr'>v.</span> <span class='ocrx_word' id='word_1_342' title='bbox 261 4223 292 4273; x_wconf 91' lang='lat' dir='ltr'>de</span> <span class='ocrx_word' id='word_1_343' title='bbox 304 4225 358 4274; x_wconf 83' lang='lat' dir='ltr'>Sao.</span> <span class='ocrx_word' id='word_1_344' title='bbox 368 4242 388 4274; x_wconf 90' lang='lat' dir='ltr'>c.</span> <span class='ocrx_word' id='word_1_345' title='bbox 400 4226 416 4275; x_wconf 86' lang='lat' dir='ltr'>i.</span> 
     </span>
    </p>

    <p class='ocr_par' dir='ltr' id='par_1_6' title="bbox 185 4310 435 4377">
     <span class='ocr_line' id='line_1_41' title="bbox 185 4310 435 4377; baseline -0.008 -14"><span class='ocrx_word' id='word_1_346' title='bbox 185 4312 232 4377; x_wconf 79' lang='lat' dir='ltr'>Ep.</span> <span class='ocrx_word' id='word_1_347' title='bbox 244 4310 275 4361; x_wconf 88' lang='lat' dir='ltr'>ad</span> <span class='ocrx_word' id='word_1_348' title='bbox 287 4311 435 4361; x_wconf 86' lang='lat' dir='ltr'>Marcellam.</span> 
     </span>
    </p>

    <p class='ocr_par' dir='ltr' id='par_1_7' title="bbox 185 4397 483 4465">
     <span class='ocr_line' id='line_1_42' title="bbox 185 4397 483 4465; baseline -0.013 -15"><span class='ocrx_word' id='word_1_349' title='bbox 185 4397 342 4465; x_wconf 82' lang='lat' dir='ltr'>Epclxxrii.</span> <span class='ocrx_word' id='word_1_350' title='bbox 360 4397 418 4447; x_wconf 81' lang='lat' dir='ltr'>alias</span> <span class='ocrx_word' id='word_1_351' title='bbox 429 4413 483 4447; x_wconf 87' lang='lat' dir='ltr'>xcv.</span> 
     </span>
    </p>

    <p class='ocr_par' dir='ltr' id='par_1_8' title="bbox 183 4482 531 4537">
     <span class='ocr_line' id='line_1_43' title="bbox 183 4482 531 4537; baseline -0.02 0"><span class='ocrx_word' id='word_1_352' title='bbox 183 4484 214 4537; x_wconf 86' lang='lat' dir='ltr'>L.</span> <span class='ocrx_word' id='word_1_353' title='bbox 225 4485 275 4536; x_wconf 85' lang='lat' dir='ltr'>xvi.</span> <span class='ocrx_word' id='word_1_354' title='bbox 286 4484 317 4535; x_wconf 91' lang='lat' dir='ltr'>de</span> <span class='ocrx_word' id='word_1_355' title='bbox 327 4483 373 4534; x_wconf 80' lang='lat' dir='ltr'>cir.</span> <span class='ocrx_word' id='word_1_356' title='bbox 382 4482 430 4532; x_wconf 89' lang='lat' dir='ltr'>Dei</span> <span class='ocrx_word' id='word_1_357' title='bbox 440 4498 461 4531; x_wconf 90' lang='lat' dir='ltr'>c.</span> <span class='ocrx_word' id='word_1_358' title='bbox 470 4483 531 4531; x_wconf 86' lang='lat' dir='ltr'>xxii.</span> 
     </span>
    </p>
   </div>
   <div class='ocr_carea' id='block_1_4' title="bbox 0 0 1398 5056">
    <p class='ocr_par' dir='ltr' id='par_1_9' title="bbox 0 0 1398 5056">
     <span class='ocr_line' id='line_1_44' title="bbox 0 0 1398 5056; baseline 0 0"><span class='ocrx_word' id='word_1_359' title='bbox 0 0 1398 5056; x_wconf 95' lang='lat' dir='ltr'> </span> 
     </span>
    </p>
   </div>
  </div>
 </body>
</html>
