2812 5062
97 352 156 407 m
254 346 312 407 DE
333 344 626 405 constunlonm
647 344 727 405 SUB
747 342 948 413 UTRAQUE
968 344 1130 406 eructu.

98 524 188 565 num:
209 516 238 564 et
251 506 333 583 panis
346 524 498 583 quemego
512 504 595 572 dabo,
609 523 675 562 caro
688 522 753 562 mea
772 514 818 563 est
830 523 883 582 pro
903 503 1003 562 mundi
1016 505 1084 563 rita.
1108 547 1117 564 .
1139 547 1149 563 .
1173 547 1183 563 .
1206 547 1214 564 .
1237 504 1294 573 Qur

98 600 249 679 manducat
259 620 317 670 me,
330 614 360 660 et
371 603 434 680 ipse
444 604 521 661 viret
531 616 646 679 propter
655 619 703 659 me
704 642 838 660 .....
859 602 917 668 Qui
929 600 1080 660 manducat
1089 601 1170 660 bunc
1178 620 1295 680 panem

100 701 178 758 viret
191 701 220 758 in
234 699 420 758 etemnm.'’¹
463 700 529 758 Vita
555 709 660 757 aterna
679 698 850 776 promittitur
869 697 1049 757 manducanti
1070 718 1179 776 panem
1202 700 1295 767 illum,

100 816 217 856 carnem
231 797 341 856 scilicet
355 796 486 866 Christi;
507 797 598 869 etqui
617 814 683 854 eum
704 796 801 868 sumit,
821 795 990 854 manducare
1012 794 1165 855 Christum
1181 796 1295 865 dicitur,

99 908 189 955 totum
229 909 259 955 et
285 898 436 973 integrum,
457 915 561 974 corpus
593 896 691 969 ntique
718 906 746 952 et
771 895 949 972 sauguinem.
1003 895 1085 973 Ergo
1122 913 1187 954 non
1219 903 1296 954 extat

100 1004 275 1070 preceptum
301 994 429 1053 divinum
457 993 504 1051 vel
530 993 629 1051 salutis
656 991 824 1059 necessitas,
851 1002 883 1048 ut
905 1008 1006 1049 omncs
1034 992 1155 1051 alteram
1182 1004 1296 1052 sumant

98 1090 240 1167 speciem.

137 1185 290 1247 Probatur
304 1185 361 1245 IV.
375 1205 412 1246 ee
423 1186 628 1246 vetustissimo
641 1183 784 1244 Ecclesia
797 1183 1016 1244 cousuetudine.

139 1288 208 1343 305.
230 1282 352 1342 Constat
365 1286 525 1362 saepissime
547 1284 684 1360 privatam
708 1282 941 1341 communionem
961 1282 1015 1339 sub
1040 1281 1178 1342 alterutra
1197 1285 1293 1360 specie

101 1382 323 1442 administratam
338 1383 436 1441 luisse.
477 1382 622 1440 Eusebius
637 1392 738 1449 narrat,
752 1398 789 1438 ex
803 1379 948 1456 Dionysio
959 1378 1166 1449 Alexandrino,
1180 1382 1294 1459 presby·

100 1490 191 1539 terum
206 1490 340 1557 egrotum
355 1481 469 1538 misisse
484 1497 603 1555 puerum
612 1476 648 1535 ad
662 1478 848 1555 Serapionem
862 1475 1072 1545 moribundum,
1087 1488 1117 1535 et
1126 1478 1294 1557 jussissent

101 1576 267 1653 particulam
281 1595 367 1634 sacrae
382 1576 482 1634 hostiae
497 1574 795 1642 madefactam-upari
804 1577 849 1643 τῆς
858 1571 1169 1642 εὐχαριςίαςέκέδωεντω
1179 1579 1293 1644 munera

102 1672 233 1743 ὀποβρίξαι
243 1673 470 1734 arrasam-seni
485 1672 515 1730 in
528 1690 561 1730 os
576 1671 733 1739 instillaret,
743 1689 798 1744 qua
809 1671 857 1728 ille
869 1671 1003 1747 paulatim
1016 1672 1151 1749 absorpta
1163 1673 1292 1732 continui

100 1769 247 1829 exhalarit
260 1769 410 1827 animam.⁸
449 1769 482 1826 S.
497 1767 666 1826 Ambrosius
677 1766 865 1826 moribundus
879 1786 984 1845 corpus
1005 1766 1126 1827 Domini
1139 1771 1267 1847 suscepit
1279 1790 1294 1828 a

101 1866 134 1923 S.
150 1866 309 1935 Honorato,
325 1867 477 1940 statimque
498 1865 630 1924 decessit.
673 1864 768 1924 Greci
782 1863 875 1923 adhue
895 1865 1092 1924 tantummodo
1105 1884 1202 1926 sacras
1215 1869 1294 1947 parti·

101 1963 180 2022 cules
194 1965 261 2022 rino
273 1964 420 2023 communi
434 1963 607 2029 humectant,
623 1974 775 2036 antequam
789 1981 837 2019 eas
849 1962 1049 2039 egrotantibus
1060 1960 1154 2022 dent.⁸

141 2066 209 2121 306.
230 2061 388 2120 Infantibus
403 2061 497 2119 statim
508 2072 573 2138 post
586 2060 758 2137 baptismum
775 2058 884 2118 solebat
894 2059 1002 2139 guttula
1012 2060 1163 2139 sanguinis
1176 2061 1295 2141 pretiosi

100 2159 222 2230 irrlundi,
237 2161 277 2218 uti
290 2159 382 2218 adhuc
396 2159 429 2217 tit
441 2158 516 2237 apud
538 2157 680 2217 Graecos.⁴
722 2157 894 2216 Miraculum
915 2167 1007 2217 nanat
1027 2157 1193 2237 Cyprianus
1206 2162 1296 2220 conti·

101 2260 189 2339 gissa,
204 2257 318 2333 quando
331 2258 427 2336 puella
447 2276 511 2331 que
539 2256 613 2334 apud
634 2256 774 2314 nutricem
798 2274 908 2315 merum
930 2255 1073 2316 idolorum
1093 2270 1297 2336 gustaverata

100 2369 190 2418 matre
204 2356 240 2416 ad
265 2356 428 2416 Ecclesiam
442 2354 534 2415 delata
547 2365 625 2414 esset
638 2353 672 2413 ad
697 2372 810 2413 sacrum
824 2354 980 2413 bibendum
993 2354 1184 2434 sanguinem:
1208 2366 1228 2394 “
1240 2356 1297 2417 Ubi

102 2454 168 2515 verd
182 2454 358 2514 solemnibus
374 2452 535 2530 adimpletis
549 2452 668 2510 calicem
683 2450 820 2510 diaeonus
834 2451 937 2510 offerre
951 2452 1141 2528 presentibus
1156 2454 1256 2532 coepit,
1271 2466 1298 2513 et

102 2553 306 2630 accipientibus
327 2552 435 2609 caeteris
451 2551 531 2610 loeus
546 2551 608 2626 ejus
630 2549 763 2617 advenit,
786 2549 887 2608 faciem
903 2569 984 2608 sunm
998 2550 1116 2628 parvula
1130 2570 1293 2612 rusrtuotu

105 2669 217 2708 uturum
231 2667 409 2707 muneraris
426 2659 561 2712 avertere,
576 2665 609 2704 os
623 2646 706 2704 labiis
719 2647 912 2705 obturantibus
934 2666 1072 2723 premere,
1088 2648 1208 2709 calicem
1221 2668 1300 2709 recu·

103 2765 175 2804 sare.
218 2745 345 2804 Perstitit
359 2754 454 2801 tamen
468 2743 615 2810 diaconus,
630 2755 658 2801 et
672 2743 819 2802 reluctanti
842 2743 908 2802 licet
921 2742 956 2802 de
981 2745 1169 2805 Sacramento
1197 2746 1296 2807 calicis

103 2841 217 2901 inludit.
249 2841 335 2898 Tunc
346 2841 474 2912 sequitur
489 2839 629 2917 singultus
642 2849 670 2896 et
684 2840 818 2898 vomitus.
853 2840 888 2898 In
899 2859 1016 2918 corpore
1031 2852 1115 2916 atque
1130 2860 1180 2901 ore
1194 2842 1300 2903 violato

103 2936 272 2995 eucharistia
286 2952 449 3013 permanere
465 2952 521 2992 non
537 2935 636 3011 potuit.
670 2934 865 2993 Sanctificatus
881 2936 911 2993 in
920 2934 1038 2994 Domini
1050 2936 1191 3014 sanguine
1203 2948 1298 3015 potus,

105 3034 140 3093 de
154 3033 268 3112 pollutis
283 3032 440 3089 visceribus
454 3032 556 3108 erupit,
572 3042 647 3089 tanta
661 3042 705 3089 est
716 3041 840 3109 potestas
855 3032 984 3102 Domini,
1000 3043 1076 3092 tanta
1089 3034 1270 3111 majestas.'’⁵

147 3138 214 3192 307.
237 3130 338 3191 Pueris
348 3129 546 3188 innocentibus
561 3128 635 3208 apud
648 3130 765 3189 Graeeos
780 3131 921 3208 particulae
933 3131 1069 3191 dabantur
1082 3132 1298 3205 manducanda,

106 3231 217 3307 quoties
245 3247 348 3305 magna
368 3246 464 3285 earum
493 3227 577 3304 copia
597 3238 762 3303 supererat:
793 3228 1001 3287 “consuetudo
1021 3248 1037 3287 a
1057 3229 1148 3289 multo
1171 3240 1301 3308 tempore

107 3327 256 3407 imperanti
270 3327 332 3384 urbi
347 3325 408 3392 suit,
423 3337 454 3384 ut
476 3343 563 3399 quum
578 3324 738 3402 plusculum
753 3324 788 3382 de
810 3326 935 3403 partibus
957 3326 1130 3386 immaculati
1151 3328 1301 3403 divinique

108 3430 235 3506 corporis
257 3423 376 3482 Domini
390 3432 418 3481 et
431 3420 488 3481 Dei
502 3432 530 3480 et
544 3421 701 3480 Servatoris
726 3422 815 3480 nostri
834 3422 904 3481 Jesu
922 3423 1031 3482 Christi
1045 3423 1190 3498 reliquum
1214 3438 1302 3494 esset,

108 3524 267 3583 sacerdotes
278 3539 381 3599 pueros
393 3521 795 3597 incormptos—dpbopoog-ex
806 3519 905 3594 eisqui
917 3521 951 3578 ad
963 3532 1150 3599 preceptores
1160 3523 1192 3581 in
1202 3522 1302 3583 ludum

108 3621 260 3680 literarium
275 3628 352 3684 eunt,
367 3627 552 3684 accerserent,
568 3617 615 3689 qui
627 3617 719 3692 jejuni
733 3616 865 3689 reliquias
880 3637 927 3675 eas
940 3617 1098 3677 ederent.'’⁰

150 3723 218 3776 308.
247 3715 458 3774 Persecutionis
487 3714 635 3772 occasione
660 3712 789 3772 fidelibus
811 3715 1020 3790 permittebatur
1047 3724 1079 3772 ut
1105 3715 1215 3774 hostias
1241 3737 1303 3774 arca

147 3899 188 3962 (l)
208 3896 277 3946 Joan.
289 3895 322 3944 vi.
331 3897 372 3944 52.

149 3983 189 4049 (2)
212 3980 323 4045 Carpant
335 3977 503 4028 Protestantici
513 3976 626 4027 nonnulli
643 3976 767 4041 scriptores
778 3977 904 4028 anesium
914 3979 978 4043 quod
990 3979 1132 4043 particulam
1143 3996 1210 4053 aqua
1218 3981 1305 4031 intine-

111 4077 160 4118 tum
168 4066 321 4116 affirmaverit
332 4083 339 4113 s
357 4064 399 4113 sed
409 4080 463 4112 eam
475 4078 527 4111 esse
538 4061 588 4110 vim
599 4061 666 4110 vocis
676 4077 707 4110 cx
719 4063 813 4111 coeatis
824 4071 918 4112 constat
926 4063 990 4127 quod
1002 4063 1146 4134 daosspeppn.
1156 4081 1229 4133 aqna
1239 4064 1305 4116 dilu-

111 4160 166 4206 tum
178 4151 303 4215 significet,
315 4159 338 4201 et
348 4156 427 4218 βρεχω
439 4149 469 4200 ad
480 4148 587 4213 pluviam
598 4148 711 4196 referatur
720 4166 734 4198 ε·
749 4150 870 4199 Caeterum
892 4166 935 4199 seu
953 4152 1009 4201 vino
1026 4168 1070 4202 seu
1087 4169 1150 4219 equa
1172 4153 1305 4202 intinctum

110 4239 264 4300 intelligetur,
276 4236 339 4286 idem
351 4243 393 4295 est,
405 4252 480 4299 quum
490 4250 520 4282 ex
530 4232 664 4282 narratione
675 4232 765 4295 liqueat
776 4232 892 4296 liquorem
901 4250 916 4283 a
924 4251 998 4299 puero
1007 4253 1058 4287 non
1066 4238 1174 4298 allatum,
1184 4238 1227 4287 sed
1239 4237 1304 4301 apud

112 4340 195 4375 senem
215 4329 341 4386 repertum,
353 4328 377 4370 et
385 4320 484 4385 proinde
496 4335 546 4368 non
558 4334 610 4366 esse
621 4318 705 4366 vinnm
717 4326 889 4368 consecratum.

149 4410 188 4473 (3)
206 4405 270 4455 Vide
282 4405 355 4454 Goar.
367 4405 393 4453 in
405 4404 469 4453 notis
479 4403 510 4452 nd
521 4401 709 4463 Duchologium.

161 4496 186 4553 t)
205 4491 268 4541 Vide
280 4490 389 4545 Leonem
401 4490 519 4540 Allntium
530 4490 556 4538 in
568 4489 649 4538 adnot.
658 4487 688 4537 de
699 4503 786 4538 comm.
798 4487 904 4538 Oriental

162 4581 190 4644 5)
210 4575 239 4626 L.
249 4577 278 4626 de
289 4575 384 4642 Lapsis.

163 4667 189 4727 6)
207 4662 282 4728 Apud
293 4660 461 4728 Nicephorum
472 4657 526 4709 hist
538 4657 606 4708 Eccl.
616 4658 632 4708 l.
643 4658 700 4708 xvii.
710 4673 731 4708 c.
742 4674 800 4708 xxv.

148 4495 158 4558 (

148 4581 159 4643 (

150 4667 160 4728 (
