2774 5056
363 290 420 352 ns
442 288 582 351 asaro
602 245 780 351 ioannis
801 291 968 363 carran.
1208 294 1262 352 rar

96 447 174 508 locus:
195 468 271 508 nunc
285 449 363 509 enim
377 460 406 509 et
419 450 512 528 ipsius
526 449 645 510 Domini
666 449 856 527 professione,
870 461 899 509 et
919 450 976 510 fide
997 461 1103 522 nostra,
1119 470 1184 511 vere
1197 471 1265 514 caro

95 557 133 615 ert,
145 559 171 606 et
183 567 249 607 vere
269 549 387 628 sanguis
401 559 464 607 est:
486 558 514 607 et
527 550 590 607 hac
601 558 716 624 accepta
729 558 814 622 atque
827 547 928 607 hausta
940 548 968 608 id
979 548 1118 619 efficiunt,
1133 561 1164 610 ut
1177 560 1206 610 et
1215 569 1270 610 nos

94 643 249 714 inchristo,
264 658 293 703 et
306 644 441 704 Christus
456 646 486 703 in
498 645 582 704 nobis
596 644 643 702 sit.
674 645 759 704 Anne
774 645 829 705 hoc
843 647 945 705 veritas
960 665 1017 705 non
1029 647 1095 704 esti
1117 647 1274 726 Contingat

92 743 161 821 plane
173 743 219 802 his
233 762 334 803 verum
347 762 406 803 non
420 762 496 812 esse,
512 743 562 817 qui
584 742 733 802 Christum
746 743 765 802 J
767 761 849 802 esum
869 762 968 803 vemm
982 762 1047 802 esse
1067 744 1163 804 Deum
1184 745 1273 805 dene·

91 841 188 920 gaut”²
228 840 297 900 Hoc
310 851 510 919 argumentum
525 840 597 899 nihil
614 840 759 910 valuisset,
774 842 800 899 si
813 840 870 900 fide
884 851 992 901 tantum
1007 841 1116 901 Christi
1130 861 1234 921 corpus
1246 852 1275 902 et

91 938 192 1016 sanguis
206 939 238 996 in
252 937 436 998 Eucharistia
449 947 638 996 sumerentur.

120 1039 164 1095 29.
187 1036 219 1094 S.
235 1035 255 1095 J
256 1054 372 1095 oannss
386 1036 638 1104 Onnrscsrorrns,
650 1035 786 1093 rationem
798 1034 890 1095 reddit
903 1055 954 1094 our
965 1036 1098 1096 Christus
1110 1046 1275 1115 postpones

89 1134 279 1213 multiplicatos
294 1134 330 1193 de
346 1135 486 1212 mysterio
500 1134 678 1193 eucharisum
691 1134 803 1192 locutus
818 1134 872 1192 sit:
895 1145 915 1170 ⁴⁴
926 1135 959 1192 Si
973 1135 1038 1209 quis
1053 1146 1274 1213 percontaretur,

89 1250 129 1290 cur
141 1231 346 1309 mysteriorum
360 1248 524 1305 samonem
545 1228 704 1297 adduxerit,
720 1229 956 1306 respondebimus
979 1231 1056 1305 quod
1077 1231 1179 1290 horum
1199 1249 1276 1290 nunc

89 1329 202 1387 maxime
217 1339 332 1405 tempus
347 1337 417 1386 erat.
440 1369 447 1385 .
471 1368 480 1385 .
502 1367 510 1385 .
533 1327 692 1404 Propterea
703 1326 773 1385 illud
794 1327 872 1404 prius
893 1328 961 1386 secit
980 1329 1159 1396 miraculum,
1175 1337 1206 1385 ut
1225 1345 1276 1405 per

88 1425 147 1484 illud
161 1445 219 1486 non
233 1436 333 1484 essent
346 1425 470 1504 amplius
484 1424 624 1484 increduli
638 1425 683 1483 his
698 1444 761 1500 quae
776 1424 959 1502 postmodum
974 1415 1089 1486 diceret.
1111 1467 1119 1484 .
1147 1469 1154 1484 .
1182 1425 1277 1493 Quare

90 1524 240 1582 necessario
256 1522 410 1582 dicendum
424 1542 511 1596 quarn
527 1521 692 1581 admiranda
712 1522 859 1599 mysteria,
874 1533 903 1581 et
926 1523 1055 1582 cordata
1077 1525 1144 1591 sint,
1160 1534 1188 1581 et
1201 1541 1277 1598 quae·

90 1631 143 1680 uam
158 1639 258 1680 eorum
272 1621 390 1680 utilitas.
434 1621 532 1679 Unum
548 1639 652 1698 eorpus
667 1639 778 1688 sumus,
793 1631 821 1678 et
835 1621 962 1679 membra
975 1639 1013 1680 er
1026 1641 1110 1680 carne
1122 1633 1150 1680 et
1163 1621 1277 1679 ossibus

92 1719 153 1796 ejus.
193 1720 237 1778 Ut
249 1730 345 1779 autem
360 1738 418 1779 non
432 1719 526 1778 solum
540 1738 593 1795 per
613 1718 807 1786 dilectionem,
822 1718 873 1777 sed
894 1720 999 1797 reipsa,
1014 1720 1044 1779 in
1064 1720 1142 1779 illam
1163 1736 1277 1778 caruem

93 1828 287 1884 convertamur,
303 1816 465 1894 percibum
479 1815 508 1874 id
523 1814 654 1884 efficitur,
670 1833 756 1889 quem
778 1816 859 1875 nobis
880 1815 998 1893 largitus
1013 1827 1066 1875 est.
1109 1816 1186 1874 Cum
1200 1816 1277 1875 enim

93 1932 162 1974 suum
176 1915 206 1973 in
220 1932 275 1973 nos
290 1932 417 1973 amorem
431 1913 556 1974 iudicare
568 1912 663 1982 vellet,
678 1932 728 1990 per
743 1932 847 1991 corpus
861 1932 893 1971 se
907 1913 989 1973 nobis
1002 1915 1193 1982 commiscuit,
1208 1923 1238 1972 et
1248 1913 1279 1971 in

94 2028 170 2072 unum
185 2013 337 2072 nobiscum
351 2011 470 2090 redegit,
484 2022 517 2071 ut
529 2031 633 2088 corpus
647 2031 712 2070 cum
727 2011 820 2088 capite
842 2013 985 2071 uniretur:
1007 2012 1063 2071 hoc
1085 2013 1163 2072 enim
1184 2030 1280 2070 aman·
1320 2016 1326 2026 '

97 2108 156 2168 tium
169 2108 296 2168 maxime
311 2118 365 2167 est.
407 2107 473 2168 Hoc
486 2109 505 2168 J
507 2109 543 2168 ob
564 2108 743 2187 significabat
755 2107 791 2167 de
805 2108 895 2166 servis
910 2129 926 2167 a
940 2110 1043 2184 quibus
1065 2110 1190 2169 maxime
1204 2129 1280 2168 ama·

96 2202 172 2276 batur,
184 2207 235 2282 qui
248 2225 334 2265 suum
346 2226 471 2267 amorem
488 2207 713 2284 praeseferentes,
725 2206 871 2266 dicebant:
894 2208 967 2274 Quis
978 2208 1056 2266 daret
1066 2209 1160 2278 nobis,
1174 2220 1204 2267 ut
1217 2209 1280 2286 ejus
1321 2254 1327 2269 .

65 2348 69 2355 .
95 2304 214 2364 carnibus
227 2305 434 2384 impleremur?
469 2304 554 2372 Quod
570 2305 705 2364 Christus
719 2305 796 2371 serit,
811 2317 843 2363 ut
857 2305 957 2384 majori
971 2325 1024 2365 nos
1036 2307 1151 2365 caritate
1163 2306 1281 2365 adstrin-

99 2411 183 2476 geret3
197 2413 227 2463 et
241 2412 272 2461 ut
285 2420 370 2461 suum
384 2403 415 2461 in
426 2420 479 2462 nos
494 2401 657 2461 ostenderet
669 2400 854 2468 desiderium,
869 2421 926 2460 non
941 2422 972 2461 se
989 2413 1097 2461 tanturn
1113 2401 1204 2460 rideri
1217 2420 1281 2480 per·

100 2499 197 2560 mittens
224 2500 462 2570 desiderantibus,
477 2501 526 2560 sed
551 2512 580 2559 et
603 2499 691 2578 tangi,
706 2511 735 2557 et
749 2498 932 2569 imanducari,
947 2511 976 2559 et
1000 2500 1099 2560 dentes
1123 2501 1200 2560 carni
1221 2520 1281 2560 usae

100 2593 172 2675 infigi,
187 2607 216 2657 et
227 2597 372 2658 desiderio
386 2599 432 2657 sui
446 2617 546 2658 omnes
563 2594 723 2674 impleri.”²
762 2595 836 2655 Hac
850 2615 908 2656 non
922 2606 1030 2656 tantum
1045 2597 1183 2656 exhibent
1196 2598 1282 2658 inter·

102 2696 270 2769 pandonem
288 2697 363 2756 sacri
377 2680 472 2756 textus
485 2698 521 2756 ab
532 2697 639 2775 insigni
650 2696 775 2764 doctore,
789 2696 843 2770 qui.
850 2696 1006 2755 celebratur
1015 2697 1052 2756 ob
1067 2706 1087 2734 ‘⁴
1097 2696 1283 2759 inhaerentem

102 2793 230 2853 nnhndae
245 2812 393 2854 sacrorum
407 2793 545 2853 librorum
565 2790 829 2870 explanationem,”
850 2791 901 2850 sed
915 2793 1019 2851 realem
1036 2790 1145 2851 Christi
1160 2813 1284 2870 praesen·
1328 2802 1330 2807 '

102 2886 153 2949 ism
170 2890 207 2949 iis
222 2890 486 2957 vehementioribus
503 2891 595 2949 verbis
610 2890 767 2958 enuntiant,
783 2908 847 2963 quae
861 2889 896 2948 de
918 2891 1102 2969 perceptione
1122 2890 1180 2949 fide
1194 2892 1284 2951 nulla·

102 2993 165 3047 trum
175 2989 315 3068 explicari
328 2998 460 3067 possunt.
482 2989 589 3048 Merito
603 3000 697 3047 autem
708 3007 773 3061 quae
787 2989 938 3066 speciebus
952 2990 1130 3068 contingunt,
1139 2992 1216 3048 carni
1228 2991 1284 3067 ipsi

104 3098 150 3155 que
162 3086 197 3145 iis
214 3087 325 3146 velatur
338 3087 508 3155 tribuuntur,
524 3085 559 3145 ad
580 3087 726 3144 veritatem
747 3085 940 3145 substantialis
961 3087 1119 3164 prasentia
1136 3087 1286 3164 designan-

104 3176 161 3251 dam,
176 3184 307 3259 quamvis
321 3182 394 3243 nihil
411 3183 472 3261 jam
488 3183 545 3259 pati
560 3183 653 3260 possit
666 3201 732 3241 caro
748 3182 806 3250 illa,
822 3182 939 3261 gloriosi
953 3184 1083 3261 corporis
1105 3184 1285 3261 proprietati·

46 3286 48 3291 '
105 3274 143 3337 bus
157 3280 287 3358 predita.

46 3384 48 3405 ¹
130 3381 174 3438 ³0.
197 3378 231 3439 S.
258 3378 414 3439 cremnos
436 3378 692 3437 Arnxsnnnrrrns:
727 3387 746 3415 “
760 3379 893 3437 Servatur
916 3379 999 3454 ipse:
1031 3378 1107 3444 ‘Qui
1135 3376 1287 3437 manducat

105 3490 178 3537 uam
192 3475 331 3546 camem,'
344 3475 446 3550 inquit,
463 3485 511 3535 ‘et
523 3475 594 3534 bibit
607 3494 704 3534 meum
719 3477 901 3555 sanguinem,
917 3476 947 3533 in
961 3494 1008 3534 me
1023 3485 1127 3543 manet,
1144 3486 1173 3534 et
1186 3494 1240 3552 ego
1254 3476 1285 3535 in

105 3568 158 3632 tto!
195 3573 257 3633 Hic
270 3573 348 3632 enim
363 3572 586 3632 animadvertere
600 3581 644 3630 est
658 3590 752 3649 operae
767 3571 901 3649 pretium,
915 3570 1064 3629 Christum
1076 3589 1134 3629 non
1150 3570 1244 3630 dicere
1253 3589 1286 3630 se

107 3666 232 3733 dumtaxat
245 3673 276 3733 in
291 3672 376 3732 uobis
389 3671 514 3730 futurum
529 3669 687 3729 secundum
700 3671 866 3740 relationem
878 3668 1020 3743 quandam
1035 3668 1224 3740 affectualem,
1235 3670 1287 3729 sed

107 3777 180 3847 etper
192 3770 442 3850 participationem
456 3768 622 3827 naturalem.
666 3768 707 3826 Ut
723 3767 799 3826 enim
814 3768 840 3825 si
861 3768 925 3841 quis
940 3787 1034 3826 ceram
1056 3787 1128 3826 cerae
1143 3770 1283 3828 commix-

107 3870 149 3926 ttu
160 3869 224 3947 igne
238 3867 328 3928 simul
341 3864 502 3940 liquaverit,
517 3884 605 3935 unum
621 3863 691 3939 qrrid
711 3883 749 3922 ex
769 3864 905 3923 ambabus
920 3864 1017 3932 efficit,
1032 3865 1071 3922 ita
1094 3884 1146 3941 per
1159 3865 1286 3942 corporis

109 3956 196 4026 Christi
210 3975 240 4026 et
261 3963 384 4045 pretiosi
409 3962 557 4041 sanguinis
580 3961 837 4040 participationem,
853 3962 915 4038 ipse
937 3963 1052 4035 quidem
1074 3964 1104 4020 in
1118 3963 1212 4031 nobis,
1234 3979 1287 4018 nos

110 4072 182 4123 ntem
194 4082 292 4123 rursus
308 4064 339 4123 in
354 4080 391 4121 eo
404 4061 490 4120 simul
504 4061 629 4119 unimur.
672 4061 701 4118 N
704 4080 737 4118 ec
752 4061 829 4118 enim
844 4061 924 4118 aliter
945 4060 1082 4118 vivificari
1104 4072 1197 4136 potest
1210 4057 1287 4133 quod

114 4168 193 4219 tatnra
207 4182 258 4221 aua
271 4173 318 4221 est
331 4159 525 4235 corruptibile,
542 4177 626 4231 quarn
649 4158 673 4214 si
695 4157 878 4233 corporaliter
891 4158 1002 4215 unitum
1022 4159 1060 4216 sit
1080 4157 1192 4234 corpori
1213 4156 1286 4230 ejus,

114 4254 151 4324 tui
165 4260 319 4321 secundum
342 4265 472 4316 naturam
486 4274 567 4313 suam
582 4262 628 4315 est
648 4256 715 4321 vita,
731 4255 786 4312 hoc
799 4264 852 4322 est,
869 4255 1027 4332 Unigeniti.
1070 4253 1145 4320 Quid
1168 4254 1193 4308 si
1213 4249 1285 4306 meis

116 4354 185 4415 ranis
197 4356 363 4437 persuaderi
378 4364 405 4413 ta
420 4372 477 4413 nou
492 4354 573 4421 sinis,
586 4354 643 4430 ipsi
656 4353 773 4411 Christo
785 4353 916 4413 clamanti
929 4353 1014 4412 fidenr
1027 4353 1146 4411 adhibe:
1163 4350 1285 4412 ‘Amans

460 4535 552 4614 (1)'1..
563 4545 613 4596 riii.
622 4545 652 4596 de
661 4544 793 4596 Trinit'n.
808 4548 846 4597 13.

459 4633 502 4700 (2)
521 4633 597 4684 Hom.
608 4633 657 4682 xlv.
669 4631 781 4701 indoan.
