2812 5062
481 318 538 380 DE
560 317 904 379 snmsnnct'lortu.
1239 316 1300 375 w

104 478 183 538 none
196 478 325 555 flagrant,
340 488 370 537 et
384 477 565 538 vehementia
585 478 646 557 pari
666 478 805 555 plangunt
818 487 952 555 peccata:
974 475 1026 534 sed
1040 495 1130 551 quum
1154 477 1210 537 hoc
1229 494 1300 554 pau·

103 594 203 635 corum
217 577 265 643 sit,
279 577 391 652 optimo
412 576 533 636 consilio
547 595 640 654 penae
662 575 822 653 irrogantur
843 575 1056 643 confitentibus,
1070 584 1103 633 ut
1125 593 1183 649 qua
1204 575 1299 634 vatem

101 674 211 733 ratione
237 673 412 732 satisfaciant
435 673 493 733 Dei
516 674 647 753 justitie.
688 672 782 732 Patris
808 672 901 731 filium
930 671 1097 731 redeuntem
1125 672 1297 749 excipientis

103 769 270 848 exemplum
282 770 366 829 nobis
380 771 559 848 proponitur.
572 781 604 828 ut
613 769 753 828 infinitam
766 768 823 827 Dei
834 768 1058 827 misericordiam
1070 787 1137 846 erga
1145 768 1303 846 perditissi-

102 887 168 927 mos
182 886 312 941 quosque
333 879 496 945 peccatores
510 868 658 927 exanimo
672 883 827 925 conversos
841 866 997 925 miremur:
1018 866 1071 925 sed
1087 866 1221 944 justitiae,
1236 884 1300 940 que

102 964 272 1042 plerumque
290 974 427 1033 reservat,
445 965 512 1044 jura
526 963 640 1022 aliunde
655 963 847 1022 innotescunt.

146 1065 214 1120 160.
239 1060 307 1140 obj.
321 1067 352 1119 2.
373 1061 444 1129 Qua
465 1062 589 1139 injungit
601 1059 735 1120 sacerdos
755 1059 956 1118 confitentibus
970 1059 1044 1119 inter
1056 1058 1188 1119 mandata
1207 1059 1301 1120 homi·

102 1177 185 1226 num,
200 1176 267 1232 quae
282 1157 415 1217 Christus
429 1159 612 1237 improbarit,
626 1155 803 1216 recensenda
815 1166 893 1215 sunt.

144 1254 236 1334 Κεφ.
259 1255 393 1314 Christus
413 1257 513 1314 inanes
534 1256 745 1314 Pharisaeorum
765 1254 979 1313 observationes
1000 1254 1182 1333 improbavit,
1211 1273 1301 1329 quum

102 1371 201 1413 earum
216 1354 367 1412 occasione
378 1353 426 1413 lex
438 1352 535 1412 divina
547 1351 757 1430 negligeretur:
779 1350 831 1409 sed
841 1350 1095 1428 obtemperandum
1107 1351 1197 1411 voluit
1208 1371 1301 1411 sacer·

102 1452 228 1520 dutib'us,
243 1463 272 1510 et
287 1451 421 1531 legitime
444 1452 524 1510 omni
548 1451 700 1529 potestati:
723 1449 811 1517 “Qui
831 1468 884 1509 vos
898 1449 987 1519 audit,
1009 1469 1056 1510 me
1077 1450 1156 1509 audit
1165 1451 1210 1522 ;”¹
1229 1450 1302 1510 dixit

104 1549 288 1628 preconibus
302 1567 362 1607 ase
376 1548 484 1608 missis.

150 1652 216 1708 161.
242 1645 356 1727 0111.
377 1648 468 1708 Leria
488 1657 556 1706 sunt
579 1656 608 1707 et
627 1647 724 1706 inania
748 1666 850 1721 quea
873 1646 1067 1707 sacerdotibus
1092 1657 1302 1708 consueverunt

104 1746 227 1824 injungi,
243 1763 270 1802 v.
285 1763 323 1823 g:
345 1743 531 1818 quarumdem
546 1762 675 1821 precum,
689 1762 754 1817 que
768 1742 844 1802 haud
857 1743 1063 1822 intelliguntur,
1078 1744 1225 1805 recitatio:
1246 1742 1301 1802 hac

104 1854 200 1902 autem
215 1843 323 1902 radone
344 1841 455 1902 iuvetur
468 1841 633 1920 superstitio
653 1851 683 1899 et
704 1860 816 1901 morum
838 1843 1008 1920 corruptela,
1023 1861 1112 1916 quum
1132 1843 1303 1921 gravissima

104 1952 135 2000 ct
148 1941 285 1999 immania
298 1939 406 2017 flagitia
419 1940 462 1998 sic
476 1939 577 1998 redimi
592 1948 772 1998 censeantur.

145 2036 236 2116 Reap.
258 2036 292 2096 ld
306 2056 367 2115 prae
379 2038 514 2098 omnibus
535 2035 660 2114 exigitur
671 2047 704 2095 ut
722 2035 816 2096 cordis
831 2037 944 2096 contriti
958 2045 987 2095 et
1005 2037 1146 2099 humiliati
1167 2037 1303 2096 offeratur

103 2135 171 2195 Deo
192 2135 381 2194 sacrificium:
410 2153 474 2209 quae
497 2143 593 2193 autem
615 2131 802 2211 injunguntur
822 2152 911 2211 opera
933 2131 968 2191 ad
991 2133 1224 2193 satisfaciendum
1245 2152 1299 2211 pro

102 2233 197 2312 poenis
212 2232 427 2310 temporalibus,
442 2232 655 2310 proportionem
671 2231 823 2306 quamdam
838 2230 1030 2290 cum'delictis
1044 2231 1166 2291 habeant
1179 2241 1301 2309 oportet,

102 2331 235 2406 quamvis
259 2331 423 2408 poenitentis
448 2331 562 2399 virium,
576 2343 606 2389 et
629 2329 733 2389 indolis
756 2329 832 2388 haud
847 2327 1017 2407 negligenda
1042 2330 1079 2387 sit
1098 2331 1301 2390 consideratio.

102 2429 250 2503 Equidem
274 2429 323 2488 vix
349 2441 471 2508 possunt
497 2423 754 2506 impresentiarum
779 2429 891 2506 injungi
919 2446 984 2502 qua
1009 2429 1113 2486 veteris
1141 2428 1302 2506 discipliuae

101 2527 283 2585 severitatem
309 2526 510 2604 praeseferunt:
541 2526 592 2585 sed
614 2525 791 2604 injungenda
814 2537 882 2583 sunt
908 2524 1010 2584 saltem
1033 2544 1097 2600 qun
1123 2537 1302 2604 peccatorem

102 2622 282 2697 aliquatenus
305 2623 437 2700 puniunt,
460 2632 489 2681 et
511 2643 528 2682 a
553 2623 663 2701 peccati
685 2621 851 2681 discrimine
875 2622 989 2701 longius
1010 2633 1168 2682 removent.
1210 2623 1300 2683 Nulla

102 2719 216 2780 fovetur
229 2720 404 2797 superstitio,
418 2720 462 2779 vel
473 2739 585 2779 tuorum
596 2719 766 2796 corruptela,
778 2738 878 2779 omnes
890 2720 967 2778 enim
981 2731 1124 2779 noruntse
1138 2738 1197 2779 non
1211 2739 1302 2798 posse

104 2817 164 2877 Dei
177 2818 290 2878 reniam
301 2817 452 2896 consequi,
466 2817 523 2879 nisi
537 2818 661 2896 peccatis
673 2815 826 2886 derelictis,
837 2828 876 2887 et,
891 2835 944 2896 pro
955 2817 1074 2889 viribus,
1088 2818 1223 2899 expiatis.

577 3033 620 3104 (1)
639 3030 791 3095 amatu
