2774 5056
87 310 147 367 214
534 258 591 368 DE
613 308 835 369 LITURGIIS.

90 465 471 527 scnslcmenubenedieem
480 465 536 527 eit:
551 461 1066 548 “Immunes-Mensow-Spiritu
1077 478 1127 526 tuo
1137 460 1280 524 Sancto.’·’

89 563 254 624 Discentur.
294 566 399 633 Amen,
414 565 518 633 Amen,
532 564 659 623 Amen.”
694 564 746 625 atu
756 566 1009 637 Communa'enem,
1025 564 1168 626 Sacerdos
1176 570 1280 622 testem

89 667 343 737 annnampenem
356 659 491 738 porrigit
505 658 650 729 Discum,
666 668 694 719 et
714 661 886 722 senaculum
914 664 1057 724 diaconus
1072 659 1282 740 porrigerem

89 756 148 816 sibi
160 774 295 825 manum,
307 755 415 833 accipit
424 763 689 834 sanetumpunem,
704 756 822 817 dicens:
845 769 865 796 “
879 760 1028 837 Impertite
1043 757 1126 824 mihi,
1142 753 1281 820 Domine,

90 855 244 933 pretiosum
259 863 429 912 etsauotum
450 873 555 931 eorpus
583 855 703 913 Domini
727 866 756 914 et
777 856 833 915 Dei
861 869 890 916 et
914 857 1068 916 Salvatoris
1093 857 1183 914 nostri
1208 852 1283 913 Jeau

91 950 232 1010 Christi.”
275 949 417 1011 Sacerdos
431 958 531 1011 nutem
542 951 637 1011 dicit.-
658 962 678 989 ‘¹
690 953 841 1031 Impertior
861 956 911 1014 tibi
926 956 1082 1032 pretiosum
1103 962 1133 1011 et
1149 962 1283 1011 sanctum

89 1058 118 1109 et
141 1048 278 1108 illibatum
303 1068 407 1126 corpus
422 1049 540 1108 Domini
561 1060 590 1108 et
614 1050 670 1109 Dei
689 1061 719 1109 et
742 1050 897 1110 Salvatoris
912 1054 1001 1111 nostri
1026 1052 1097 1111 lesu
1113 1049 1235 1117 Christi,
1251 1047 1287 1107 in

89 1147 288 1207 remissionem
304 1159 493 1224 peccatorum,
508 1150 539 1207 in
559 1148 644 1208 vitam
669 1149 842 1208 aeternam.”.
874 1148 920 1208 El
933 1149 1040 1208 cecedit
1053 1156 1131 1207 retro
1145 1152 1283 1205 aeneum

89 1259 224 1302 mensem
238 1241 386 1302 inclinans
398 1249 495 1320 ceput,
511 1250 538 1301 et
559 1250 625 1302 orel
638 1243 737 1302 eodem
755 1243 842 1302 modo
856 1262 913 1322 quo
939 1242 1091 1303 Sacerdos.
1135 1238 1284 1301 Similiter

90 1346 190 1399 autern
213 1337 355 1398 Sursum
379 1339 488 1417 accipit
507 1346 645 1399 sanetum
654 1358 776 1417 panem,
791 1339 942 1399 inclinans
962 1346 1050 1418 ceput
1062 1346 1132 1398 unte
1146 1343 1284 1397 eundem

91 1455 218 1497 mensam
234 1450 261 1496 et
275 1449 404 1515 precatur
425 1438 480 1496 hoc
502 1436 604 1497 modo:
628 1448 647 1476 ‘⁶
663 1438 770 1507 Credo,
792 1438 928 1507 Domine,
943 1450 972 1497 et
991 1439 1138 1505 confiteor,
1153 1435 1233 1510 quod
1253 1448 1285 1493 tn

91 1554 122 1595 es
137 1536 269 1596 Christus
282 1536 374 1595 Filius
388 1536 444 1594 Dei
458 1535 548 1595 vivi.”
568 1577 577 1595 .
602 1578 610 1596 .
633 1546 684 1605 „⁶⁴
697 1536 823 1614 Dignare
835 1556 879 1596 me
895 1537 1060 1614 participem
1074 1536 1150 1595 effici
1164 1535 1285 1594 sanetis·

91 1634 158 1692 simi
172 1634 212 1692 tui
226 1635 353 1712 corporis
367 1645 395 1692 et
416 1633 592 1711 sanguinis.”
615 1676 623 1692 .
645 1675 653 1693 .
677 1675 685 1693 .
708 1644 728 1672 ‘⁴
741 1634 860 1713 ludulge
881 1635 952 1695 mihi
966 1645 1076 1704 cuneta,
1093 1645 1124 1693 ut
1136 1636 1242 1701 bonus,
1256 1641 1285 1691 et

92 1731 228 1798 clemens,
245 1731 493 1789 intercessionibus
509 1731 681 1791 interematae
702 1741 757 1789 tuae
771 1742 800 1790 et
811 1751 927 1811 semper
941 1733 1059 1810 virginis
1072 1733 1172 1791 matris
1186 1731 1286 1807 incon·

92 1826 256 1886 demnatum
283 1846 329 1886 me
356 1827 477 1897 custodi,
504 1838 536 1888 ut
562 1848 672 1889 vomam
700 1829 857 1907 pretiosum
884 1844 914 1889 et
939 1830 1153 1890 immaculatum
1179 1846 1284 1906 corpus

93 1925 220 1985 ιιιιιιιι.”1
1028 1984 1031 1989 ,

131 2029 200 2084 217.
216 2025 251 2084 In
260 2025 373 2084 Missali
388 2025 545 2085 chaldaico
556 2027 674 2086 habetur
683 2027 1152 2106 LiturgiaOhrysostomotributa,
1162 2042 1284 2100 queque

94 2121 291 2181 verosimiliter
310 2122 346 2180 ad
367 2123 502 2201 Liturgioe
516 2142 575 2182 euae
589 2124 753 2202 exemplum
774 2125 847 2183 sacta
860 2136 913 2183 est.
954 2124 988 2183 In
1002 2143 1036 2182 ea
1044 2135 1182 2200 precatur
1192 2140 1285 2181 saeer-

92 2217 145 2281 dos
161 2231 203 2278 -ut
227 2219 351 2297 Spiritus
379 2221 501 2279 Sanetus
528 2220 679 2280 adveniat:
702 2223 773 2281 “Et
792 2240 896 2299 panem
918 2222 1004 2281 istum
1024 2221 1160 2279 exhibeat
1174 2236 1285 2297 corpur

93 2316 203 2377 christi
218 2319 273 2378 Dei
288 2318 380 2377 mei.’'
414 2318 560 2398 Populus.
594 2319 752 2381 '‘Amen'’
790 2318 954 2380 Sacerdos:
976 2319 1048 2379 “Et
1062 2319 1192 2387 mistum,
1207 2316 1288 2393 quod

93 2427 137 2477 est
149 2419 179 2478 in
190 2418 245 2477 hoc
258 2418 345 2479 calice
358 2420 484 2496 perficiat
496 2421 664 2498 sanguinem
679 2419 808 2496 ejusdem
820 2419 929 2477 Christi
944 2418 1001 2477 Dei
1012 2417 1136 2477 nostri.¹’

133 2521 202 2574 218.
225 2517 352 2594 Liturgia
366 2518 602 2577 Nestorianorum
618 2519 760 2595 precipua
774 2527 935 2576 sanctorum
951 2517 1155 2592 Apostolorum
1167 2516 1285 2575 nomine

94 2611 253 2688 insignitur,
269 2625 297 2670 et
311 2615 345 2670 ab
361 2614 501 2690 Apostolo
513 2613 670 2680 'l'haddaeo,
686 2626 714 2670 et
724 2624 823 2671 sancto
840 2614 913 2670 Mari
934 2612 1035 2670 dieitur
1050 2614 1221 2688 composita.
1251 2613 1285 2671 ln

95 2727 128 2766 ea
139 2708 270 2766 sacerdos
286 2710 349 2767 Deo
364 2712 465 2786 gratias
488 2712 564 2788 agit:
588 2719 607 2745 “
621 2710 713 2767 fecisti
729 2730 780 2767 nos
802 2711 903 2786 dignos
918 2709 1132 2767 administrandi
1149 2712 1286 2787 mysteria

94 2818 190 2866 sancta
204 2809 330 2886 eorporis
343 2818 371 2865 et
381 2809 527 2885 sanguinis
542 2807 650 2866 Christi
665 2808 737 2866 tui.”
779 2808 926 2867 Accedens
942 2808 976 2866 ad
992 2808 1091 2866 hostiae
1106 2808 1284 2876 fractionem,

95 2904 186 2963 dicit:
210 2915 229 2942 “
239 2904 421 2973 Accedimus,
438 2905 572 2972 Domine,
594 2924 660 2964 eum
678 2905 734 2963 fide
758 2925 832 2972 vera,
848 2906 1062 2982 frangimusque
1087 2924 1153 2964 cum
1175 2905 1291 2964 confes·

95 3003 187 3069 sione,
200 3012 228 3060 et
249 3004 395 3080 signamus
408 3021 457 3078 per
472 3002 695 3060 misericordiam
711 3012 797 3070 tuam,
813 3021 917 3079 corpus
932 3016 960 3060 et
980 3003 1149 3079 sanguinem
1163 3003 1287 3061 vivifica·

95 3099 164 3158 toris
179 3101 268 3157 nostri
282 3101 353 3158 Jesu
369 3100 508 3176 Chrpsti.”
550 3100 786 3158 Postcommunio
802 3100 901 3177 incipit
922 3100 967 3157 his
983 3101 1097 3158 verbis:
1121 3109 1140 3136 “
1152 3100 1286 3158 Christus

96 3197 176 3256 Deus
192 3210 296 3266 noster,
312 3197 465 3266 Dominus,
482 3199 556 3265 Rex,
573 3199 701 3257 Salvator
727 3211 754 3256 et
775 3198 942 3256 Vivifieator
962 3207 1067 3265 noster,
1090 3217 1141 3274 per
1168 3199 1293 3276 gratiam-

95 3313 175 3353 suam
197 3295 298 3372 dignos
320 3294 386 3353 lecit
400 3313 452 3353 nos
467 3294 642 3373 suscipiendi
663 3313 766 3370 eorpus
792 3295 865 3371 ejus,
888 3297 1115 3372 sanguinemque
1142 3296 1206 3372 ejus
1228 3313 1289 3372 pre·

96 3391 234 3451 tiosum.”

134 3493 203 3548 219.
226 3489 353 3566 Liturgia
377 3490 578 3556 Armeuorum,
604 3499 687 3565 prout
702 3489 834 3546 Uscanus
855 3477 1008 3565 episcopua
1034 3489 1179 3545 Armenus
1200 3488 1291 3545 schis-

96 3585 164 3643 mati
178 3585 244 3642 licet
258 3583 394 3651 addictus,
410 3603 483 3642 anno
507 3587 583 3642 1666
604 3592 720 3641 testatus
733 3593 786 3652 est,
808 3584 875 3641 dum
893 3581 1098 3642 Amstelodami
1121 3592 1289 3648 versaretur,

96 3680 303 3737 invocationem
319 3682 443 3738 continet
458 3680 580 3755 Spiritus
596 3680 692 3738 Sancti
708 3700 715 3737 ε
740 3690 758 3716 “
770 3699 827 3754 quo
837 3682 918 3756 panis
933 3680 986 3737 iste
1001 3679 1167 3738 benedictus
1181 3696 1292 3736 consus

96 3794 174 3833 vanu
189 3794 307 3833 sacrum
321 3795 375 3833 usu
390 3775 506 3834 Donnnr
526 3795 632 3833 nosvar
651 3776 726 3835 Jusu
748 3760 931 3844 Crinissum
951 3776 1026 3834 calix
1047 3776 1100 3834 iste
1121 3774 1290 3832 benedictus

97 3891 208 3933 sacrus
223 3892 293 3932 surr
308 3892 431 3932 sannurs
451 3893 528 3931 vuar
544 3873 660 3932 Doumr
674 3893 781 3933 noerae
794 3874 869 3932 Jusu
890 3871 1050 3931 Orrarsr1.’‘
1093 3871 1181 3928 Varie
1196 3882 1295 3929 minen

97 3974 126 4033 id
141 3973 198 4050 legi
213 3974 294 4042 dixit,
316 3974 444 4032 nonnulli
469 3975 545 4031 enim
567 3973 680 4031 codices
701 3975 826 4031 habent:
850 3983 869 4009 “
879 3992 936 4046 quo
952 3972 1033 4050 panis
1049 3980 1077 4029 et
1090 3971 1191 4028 viuum
1206 3971 1292 4029 bene·

98 4072 173 4130 diota
192 4070 264 4128 facta
286 4089 350 4128 vere
365 4091 468 4148 corpus
483 4080 511 4129 et
524 4072 640 4149 sanguis
655 4071 774 4129 Domini
798 4071 887 4127 nostri
907 4069 978 4127 Jesu
1001 4068 1121 4127 Christi.
1167 4067 1290 4127 Amen.”

99 4168 239 4228 Nonnulli
253 4169 295 4226 sic
309 4167 423 4245 legunt:
447 4178 466 4205 ‘⁴
480 4188 536 4243 quo
547 4187 648 4244 panem
660 4169 746 4225 istum
757 4166 939 4233 benedicens,
949 4184 1053 4244 eorpus
1067 4165 1155 4223 iacies
1171 4164 1297 4225 Domiu't

98 4265 187 4324 nostri
201 4284 208 4331 3
231 4274 259 4321 et
272 4263 389 4321 calicem
402 4265 488 4323 istum
503 4265 685 4330 benedicens,
700 4283 766 4321 vere
780 4263 867 4322 iacies
882 4264 1051 4341 sanguinem
1065 4260 1188 4320 Domini
1202 4263 1298 4321 nostri

134 4441 176 4508 (1)
195 4441 353 4491 Melanchton
365 4447 392 4490 ut
402 4439 568 4491 Lutherenam
585 4440 614 4491 de
631 4440 689 4490 reali
711 4440 840 4506 praesentis
851 4438 995 4489 sententiam
1018 4435 1165 4497 defenderet,
1174 4443 1190 4468 “
1197 4418 1298 4488 adducit

98 4542 217 4577 canonem
227 4527 311 4577 Misso
323 4526 387 4591 apud
399 4526 502 4587 Grecos,
513 4526 541 4576 in
552 4543 600 4591 quo
610 4535 690 4592 aperte
702 4534 753 4576 oret
764 4526 880 4585 sacerdos,
890 4532 918 4574 ut
927 4527 1022 4574 mutato
1027 4537 1097 4589 pune
1105 4521 1195 4589 ipsum
1206 4534 1298 4592 corpur

103 4610 280 4681 Christifiut.”
312 4613 343 4664 In
350 4613 420 4666 Cous.
432 4614 498 4675 Aug.
510 4613 573 4678 apol.
584 4612 648 4679 apud
660 4612 804 4664 Welchium
816 4611 905 4663 Introd.
914 4611 930 4661 l.
946 4626 967 4660 c.
979 4608 1013 4659 iii.
1025 4624 1048 4674 p.
1060 4608 1119 4659 289.
