2812 5062
103 296 160 353 rso
339 291 396 355 nn
418 290 729 353 rnsnnurtonu
748 276 1063 353 hncnantsutsr.

146 449 232 530 Rrrp.
253 450 383 541 Omnino
402 449 514 510 diversa
532 459 578 510 est
596 449 727 518 formula,
742 405 827 510 rooes
840 450 919 510 enim
932 448 1084 509 Hebraico
1096 442 1261 508 redduntur
1272 437 1306 498 sd

105 546 251 608 litteram:
277 557 296 584 ‘⁴
307 547 441 607 transitus
450 547 514 625 ipse
528 545 690 607 Domino.”
731 548 831 625 Agnus
851 564 957 607 nomen
977 544 1076 605 habuit
1094 544 1130 602 ab
1151 539 1305 602 musione

104 662 162 718 qua
181 644 388 712 immolabatur,
402 643 538 703 Israelitis
559 644 716 703 transituris
730 662 768 702 ex
782 643 935 722 AEgyptoa
955 651 985 702 st
997 660 1050 721 pro
1063 657 1144 701 more
1166 636 1304 717 Hebraeo

104 759 169 800 rum
183 741 222 799 ita
236 741 400 809 vocabatur,
415 741 490 801 sicut
505 747 660 819 peecatum
675 739 817 800 Hebraice
830 740 1046 818 nuncupabatur
1058 736 1176 796 victima
1187 732 1227 793 sd
1239 750 1301 811 pse

105 848 201 897 catum
212 838 349 899 luendum
363 831 572 902 oblau-hllt
602 831 752 925 ΠΒΨΠᾺ
792 838 926 896 Christus
954 854 1011 895 non
1037 833 1097 913 egit
1121 832 1161 892 de
1186 829 1301 891 victims

100 935 162 1012 jam
185 934 341 1013 designata,
357 938 438 1014 panis
452 940 530 998 enim
544 939 621 998 haud
644 929 743 998 habuit
767 938 889 997 victime
913 935 1063 1002 rationem,
1084 932 1211 1007 ideoque
1236 948 1300 992 eum

102 1050 251 1091 ”sumena
265 1035 296 1092 iu
306 1053 433 1105 manum,
448 1055 506 1096 nou
520 1038 612 1115 potuit
625 1037 744 1114 intelligi
758 1035 862 1094 detine
876 1034 913 1093 ob
922 1051 1008 1108 quem
1022 1031 1182 1092 offerretur.
1204 1029 1299 1091 Locus

103 1129 191 1206 igitur
199 1128 361 1208 parallelus
375 1152 432 1192 non
446 1146 501 1193 est.

145 1232 194 1288 eu.
219 1227 286 1310 obj.
301 1236 329 1291 b.
352 1232 469 1292 Hebraei
482 1234 612 1293 solebant
625 1252 686 1292 rem
702 1249 803 1290 vocam
825 1230 942 1289 nomine
962 1228 1077 1287 alterius
1090 1227 1134 1286 rei
1144 1244 1233 1301 quam
1244 1227 1299 1305 sig·

104 1327 245 1396 nificabat,
261 1331 337 1403 qnod
351 1330 420 1390 olim
435 1332 543 1392 notavit
556 1332 753 1410 Augustinus:
776 1339 796 1366 ‘⁶
808 1329 890 1388 Solet
902 1338 997 1387 autem
1009 1344 1056 1385 res
1070 1343 1134 1401 quse
1148 1325 1300 1403 siguificat,

102 1425 165 1500 eJus
180 1426 223 1484 rei
246 1428 362 1487 nomine
376 1446 461 1503 quam
477 1428 628 1507 significat,
644 1428 810 1504 nuncupari,
825 1425 898 1486 sicut
912 1426 1048 1504 scriptum
1063 1435 1126 1483 est:
1157 1420 1298 1499 ‘Septem

102 1523 189 1598 spicae
202 1536 311 1601 septem
327 1526 398 1584 anni
413 1526 501 1596 sunt,’
517 1538 546 1586 et
560 1528 648 1587 multa
661 1525 836 1604 hujusmodi.
880 1524 958 1583 Hinc
972 1524 1106 1599 estquod
1120 1521 1299 1582 dictumest:

102 1621 208 1680 ‘Petra
221 1634 279 1681 erat
294 1622 438 1684 Christus‘
454 1625 483 1684 N
486 1644 524 1684 ou
540 1626 617 1684 enirn
632 1625 715 1692 dixit,
736 1636 815 1703 patra
835 1624 977 1702 significat
990 1622 1150 1690 Christum,
1165 1618 1220 1680 sed
1233 1629 1303 1678 tam·

103 1736 189 1790 quam
205 1720 259 1778 hoe
275 1732 362 1790 esset,
377 1721 454 1795 quod
464 1723 562 1797 ntique
576 1741 628 1801 per
637 1723 824 1781 substantiam
838 1721 894 1781 hoe
908 1741 966 1781 non
977 1732 1046 1789 crat,
1060 1717 1112 1778 sed
1126 1737 1179 1797 per
1191 1716 1305 1795 signifi·

103 1815 293 1875 nationem.”⁹

144 1911 233 1991 Recp.
256 1914 301 1974 Ea
321 1916 497 1977 cousuetudo
518 1931 562 1983 est
584 1918 717 1977 omnibus
739 1917 870 1996 gentibus
891 1913 1127 1983 eommunis,ubi
1146 1912 1241 1991 agitur
1268 1913 1304 1971 de

108 2011 211 2089 signis,
226 2032 290 2086 quae
311 2026 419 2086 natura,
441 2016 488 2076 vel
507 2017 657 2085 hominum
678 2016 868 2075 conventione
896 2015 1011 2073 delinita
1030 2022 1117 2072 snut:
1152 2011 1205 2071 sed
1226 2011 1308 2071 nulla

105 2107 242 2180 loquendi
257 2111 327 2169 ratio
340 2111 409 2171 sinit
422 2124 453 2171 ut
474 2132 537 2187 quae
551 2108 698 2201 slgnorum
713 2112 851 2171 rationem
875 2129 934 2203 non
947 2121 1105 2169 noscuntur
1117 2108 1235 2177 habers,
1250 2126 1304 2187 pro

103 2206 190 2264 rebus
212 2207 275 2266 aliis
291 2220 473 2285 usurpentur,
488 2211 566 2269 nullo
581 2204 646 2269 datu
661 2219 744 2268 tantae
768 2208 890 2267 licentiae
912 2208 1029 2267 indicio.
1070 2207 1158 2267 Panis
1174 2204 1305 2285 proiecto

105 2307 218 2383 signum
234 2325 292 2366 non
307 2306 360 2366 luit
383 2306 494 2367 Christi
507 2309 646 2387 eorporis,
660 2305 782 2382 ideoque
802 2308 866 2384 ejus
881 2305 997 2365 nomine
1010 2324 1069 2365 non
1090 2304 1183 2383 potnit
1196 2308 1306 2373 vocari,

107 2404 177 2476 quin
193 2404 268 2482 signi
279 2406 350 2464 ratio
363 2408 565 2466 enuntiaretur.
606 2406 641 2467 ln
654 2405 797 2483 exemplis
821 2403 950 2463 adductis
963 2423 1066 2463 sensus
1080 2415 1125 2462 ast
1138 2402 1253 2474 obvius,
1277 2415 1308 2464 et

103 2502 241 2576 loquendi
254 2503 365 2581 legibus
380 2524 536 2574 consonus,
551 2525 617 2565 nam
632 2503 709 2579 quod
724 2504 758 2562 ad
770 2504 893 2581 primum
907 2503 1014 2571 attinet,
1029 2502 1177 2581 Josephus
1192 2524 1210 2562 a
1228 2504 1307 2564 Pha·

103 2618 188 2657 raone
203 2600 390 2678 interrogatus
404 2602 494 2660 suerat
508 2601 576 2674 quid
588 2603 702 2661 somnio
711 2600 934 2679 portenderetur.
976 2601 1072 2668 Quum
1085 2601 1170 2679 igitur
1184 2619 1306 2680 respon·

102 2697 184 2764 derit,
200 2709 309 2773 septem
324 2700 418 2774 spiras
434 2699 478 2757 vel
492 2711 602 2776 septem
618 2719 716 2758 vaccas
732 2717 795 2757 esse
810 2711 921 2775 septem
933 2717 1035 2765 annos,
1049 2698 1306 2760 neeessaridintel·

106 2794 243 2870 ligabatur
268 2793 303 2852 de
325 2812 421 2852 earum
436 2794 644 2871 significatione
665 2797 754 2870 loqui.
796 2796 951 2856 Alteriuse
973 2797 1065 2857 Panlo
1078 2797 1155 2857 allati
1176 2799 1307 2857 testimo·

103 2891 143 2948 nii
159 2909 261 2948 sensus
276 2908 313 2948 ex
327 2891 400 2948 serie
421 2890 556 2949 erationis
571 2902 657 2969 patet,
672 2892 833 2970 explicabat
853 2894 930 2951 enim
945 2912 1038 2953 rerum
1053 2906 1199 2972 gestarum
1213 2898 1307 2974 majo·

101 3008 165 3046 runr
179 3005 296 3046 suorum
317 2988 483 3047 relationem
504 2988 538 3046 ad
561 2991 699 3066 mysteria
718 2991 882 3058 christiana,
899 3010 972 3064 quos
992 2993 1151 3070 baptizatos
1176 3011 1243 3052 esse
1274 2996 1305 3053 in

105 3090 212 3166 Moyse
227 3106 296 3147 mox
310 3086 430 3155 dixerat,
446 3087 555 3146 scilieet
568 3088 689 3166 figuram
704 3088 845 3163 quandam
861 3091 993 3168 baptismi
1008 3092 1212 3170 praesetulisse,
1226 3095 1305 3153 nube

105 3188 298 3254 obumbratos,
313 3196 342 3243 et
358 3204 408 3262 per
421 3203 499 3243 mare
514 3196 701 3244 transeuntes.
743 3186 853 3245 Omnes
868 3186 937 3246 dicit
954 3207 1028 3247 escae
1049 3189 1178 3267 ejusdem
1191 3191 1311 3268 spirita.

101 3279 137 3347 lis
158 3288 247 3346 luisse
269 3284 432 3362 participes,
449 3281 656 3342 manducabant
676 3285 753 3343 enim
776 3304 881 3344 manna
894 3305 910 3344 e
924 3287 998 3346 coelo
1019 3287 1180 3364 delapsum,
1196 3308 1300 3349 omues

103 3383 205 3446 eodem
227 3395 295 3461 potu
320 3382 440 3459 spiritali
462 3381 644 3450 refocillatos,
661 3382 794 3440 bibebant
808 3384 885 3442 enim
901 3383 935 3442 de
955 3404 1029 3457 aqua
1049 3386 1166 3463 Moysis
1183 3387 1301 3465 ¹virgae

102 3502 174 3561 rupe
188 3481 298 3541 educta.
340 3479 438 3538 Inuuit
458 3492 551 3537 autem
566 3497 616 3538 eos
638 3479 673 3536 de
690 3492 769 3557 petra
782 3481 912 3558 spiritali,
928 3500 992 3555 quae
1006 3501 1056 3540 eos
1071 3484 1260 3543 comitabatur
1273 3486 1301 3544 in

106 3594 166 3640 toto
183 3599 235 3659 per
248 3579 392 3638 desertum
414 3579 525 3647 itinere,
537 3597 625 3652 aquas
639 3578 781 3647 hausisse,
796 3578 831 3638 de
846 3580 964 3639 Christo
978 3581 1097 3650 scilicet,
1112 3583 1195 3659 cujus
1210 3586 1302 3660 prori-

103 3677 209 3744 deutia,
224 3688 366 3747 tamquam
390 3673 493 3732 divinae
515 3693 654 3750 personae,
677 3676 762 3733 fiebat
782 3686 813 3734 ut
827 3695 906 3749 aquae
921 3695 937 3733 e
952 3691 1031 3754 petra
1055 3677 1253 3747 educerentur,
1274 3691 1300 3737 et

100 3777 185 3852 cujus
207 3774 318 3838 intuitu,
347 3782 490 3845 tamquam
506 3773 671 3840 salvatoris,
693 3775 789 3848 gratiae
817 3773 944 3832 subsidia
965 3776 1169 3835 tribuebantur.
1213 3778 1298 3836 Petra

104 3876 189 3951 igitur
203 3872 250 3928 illa
264 3870 397 3946 spiritalis
421 3889 600 3944 consequens
615 3891 664 3929 eos
680 3891 746 3931 vere
771 3884 830 3931 erat
842 3872 986 3941 Christus,
1010 3861 1134 3948 ideoque
1148 3894 1222 3952 opus
1244 3895 1304 3936 uon

105 3983 150 4029 est
164 3981 194 4027 ut
209 3969 272 4026 voci
288 3979 307 4003 ‘⁶
321 3966 400 4025 erat‘’
416 3967 596 4044 significandi
618 3969 675 4026 vim
697 3970 744 4028 hic
759 3970 924 4027 tribuamus.
966 3969 1110 4030 Oaeterum
1133 3972 1158 4030 si
1174 3973 1221 4031 eui
1235 3973 1309 4032 arri—

103 4067 167 4124 deat
181 4066 218 4122 ita
232 4082 295 4121 enm
309 4064 493 4141 interpretari,
508 4073 540 4121 ut
552 4078 655 4140 petrae
670 4083 726 4137 qua
740 4083 819 4138 aquae
836 4065 997 4126 sitientibus
1011 4066 1149 4125 israelitis
1161 4067 1309 4133 fluebant.

106 4164 216 4223 Christi
238 4173 325 4238 typus
351 4161 426 4219 dieta
450 4161 631 4238 intelligatur,
646 4181 704 4221 non
719 4181 933 4239 repugnamus3
955 4165 1006 4223 sed
1030 4183 1068 4223 ex
1094 4167 1343 4225 temeratione:

104 4263 208 4324 erroris
219 4260 332 4320 occasio
343 4259 500 4327 tollebatur,
522 4279 610 4333 quum
634 4259 789 4337 Apostolus
805 4259 840 4318 de
856 4261 954 4340 figuris
966 4280 998 4320 se
1019 4280 1102 4340 agere
1117 4263 1281 4341 profiteatur
1317 4281 1343 4317 τ

405 4452 447 4518 (l)
467 4451 545 4502 Levit.
556 4454 587 4504 ir.
599 4455 640 4503 24.
660 4520 662 4525 .

404 4537 446 4604 (2)
460 4536 489 4588 L.
500 4539 534 4590 iii.
545 4557 585 4605 qu.
596 4554 669 4607 super
679 4539 758 4592 Levit.
770 4558 812 4607 qu.
826 4543 867 4591 et.
