2774 5056
430 290 486 352 DE
506 291 720 353 MINISTRO
739 291 949 354 Bannlsnss.
1253 298 1293 357 88

87 447 239 528 Baptismus
253 469 353 525 mque
369 448 426 510 Dei
440 470 543 510 censue
557 452 593 510 ab
606 452 741 512 omuibus
758 452 885 512 exerceri
898 452 1041 531 potest.'’²
1080 454 1183 514 Monet
1198 463 1293 514 tamen

90 567 121 608 ne
132 548 159 608 id
178 558 258 608 extra
282 550 495 610 necessitatem
516 550 583 610 liuta
607 559 627 588 ‘⁴
643 549 774 608 Sufficiat
788 550 898 609 scilicet
918 551 948 610 iu
961 553 1178 612 necessitatibus
1192 555 1291 621 utaris,

93 646 173 707 sicubi
186 657 234 706 aut
245 647 323 716 loci,
339 658 389 707 aut
402 648 552 727 temporis,
564 656 613 707 aut
625 667 756 726 personae
768 648 895 708 conditio
915 649 1071 727 compellit.
1113 652 1198 710 Tunc
1214 652 1292 713 enim

94 746 243 804 constantia
272 745 468 805 succurrentis
489 745 641 822 excipitur,
663 765 729 804 cum
751 755 833 823 urget
856 745 1068 806 circumstantia
1088 749 1292 824 periclitantis:

95 843 224 915 qnoniam
237 861 306 901 reus
330 843 385 901 erit
405 841 509 921 perditi
523 842 649 901 hominis
663 843 689 901 si
702 840 896 919 supersederit
915 853 1048 919 praestare
1063 844 1139 917 quod
1154 845 1293 921 potuit.’'⁸

96 936 261 998 Mulieribus
284 957 389 1016 negare
413 937 523 997 videtur
537 939 611 997 hauc
630 938 827 1005 facultatem·
848 938 900 997 sed
920 939 1121 1017 intelligendus
1144 952 1188 999 est
1210 954 1290 1001 extra

96 1037 266 1096 necessitatis
281 1056 390 1106 casum,
405 1037 470 1095 illae
481 1037 592 1097 scilicet
602 1037 771 1114 plemmque
786 1037 881 1096 minus
895 1036 1089 1098 decetmunns
1101 1039 1155 1097 hoc
1167 1058 1289 1099 sacmm.

98 1133 291 1212 Hieronymus
313 1134 340 1193 ei
361 1136 507 1194 conciuit:
531 1135 724 1213 “Baptizare,
738 1136 765 1193 si
785 1135 941 1194 necessitas
962 1148 1054 1214 cogat,
1075 1137 1182 1195 scimus
1204 1138 1290 1197 etiam

96 1230 174 1290 licere
197 1230 330 1290 laicis.”⁴
370 1231 537 1291 Concilium
558 1232 766 1290 Eliberitanum
781 1232 909 1291 censuit:
932 1233 1088 1313 “Peregre
1109 1234 1290 1312 navigantes,

97 1339 141 1389 aut
151 1331 176 1389 si
200 1330 335 1389 Ecclesia
347 1331 378 1388 iu
392 1331 526 1408 proximo
540 1350 599 1390 uon
613 1331 707 1400 suerit,
723 1349 809 1408 posse
829 1331 955 1399 fidelem,
970 1332 1020 1405 qui
1040 1331 1185 1391 lavacrum
1206 1351 1291 1392 suum

98 1427 231 1505 integrum
245 1425 340 1496 habet,
351 1446 407 1486 uec
420 1427 458 1485 sit
477 1428 618 1505 bigamus,
633 1428 777 1505 baptizare
792 1428 822 1487 in
836 1428 1006 1487 necessitate
1026 1429 1199 1488 infirmitatis
1213 1431 1292 1506 posi·

98 1523 447 1591 tum-catechumenum.”⁵
486 1525 566 1591 Quas
576 1524 657 1583 dotes
673 1525 774 1603 exegit
787 1525 940 1585 concilium
955 1526 985 1583 in
998 1525 1168 1602 baptizante,
1183 1526 1293 1586 scilicet

98 1629 127 1679 nt
137 1619 277 1680 lavacrum
291 1640 376 1680 suum
390 1622 533 1700 integrum
548 1622 674 1690 haberet,
696 1622 774 1680 nullo
789 1622 945 1681 maculatus
960 1623 1079 1681 crimine
1103 1622 1182 1696 quod
1202 1624 1291 1700 poeni·

99 1717 177 1776 mutia
187 1716 325 1777 luendum
335 1728 423 1788 essct,
433 1730 462 1778 et
475 1728 507 1778 ut
515 1718 669 1796 plusquam
683 1719 773 1777 semel
785 1719 996 1778 matrimonium
1008 1738 1065 1779 uon
1076 1719 1180 1788 inierit,
1193 1721 1292 1798 hujus·

99 1814 169 1873 modi
181 1834 240 1893 prae
253 1815 375 1884 ceteris,
391 1816 440 1890 qui
454 1815 550 1875 forsan
573 1814 715 1883 adessent,
730 1815 834 1875 debere
855 1835 936 1876 sacro
951 1835 1069 1874 munere
1081 1817 1160 1894 fungi
1174 1816 1290 1888 iudicat,

101 1911 162 1984 quin
172 1922 257 1990 neget
268 1930 491 1987 quemcumque,
501 1913 527 1971 si
541 1913 604 1971 tulis
616 1923 720 1990 praesto
731 1931 789 1973 non
801 1911 883 1980 foret,
898 1931 984 1990 posse
999 1912 1029 1970 id
1041 1912 1143 1981 facere,
1159 1915 1200 1972 uti
1214 1924 1290 1999 recte

102 2008 206 2069 adnotat
217 2010 466 2088 Albaapinaeus.”⁸
499 2011 634 2070 Gelasius
650 2011 784 2072 Pontifex
795 2011 1001 2089 agnoritlaicis
1015 2010 1044 2069 id
1057 2011 1161 2070 licere:
1179 2020 1199 2049 ‘⁸
1211 2011 1291 2086 quod

101 2117 126 2165 et
135 2107 207 2168 laicis
217 2109 393 2169 Christianis
406 2108 499 2169 lacere
511 2110 679 2187 plerumque
694 2109 908 2169 conceditur.'’⁷
927 2108 992 2171 imo
1006 2110 1147 2187 baptisma
1161 2119 1208 2169 “a
1221 2128 1293 2197 quo·

103 2222 211 2281 cumque
224 2208 278 2266 rite
292 2207 427 2277 collatum
440 2207 555 2287 proficit
568 2206 604 2265 ad
624 2206 781 2276 salutem‚”
796 2209 838 2266 uti
858 2207 955 2266 docuit
975 2207 1115 2266 Nicolaus
1136 2208 1160 2267 1.
1176 2226 1304 2295 respun-x

105 2298 166 2361 dens
185 2303 219 2362 ad
243 2304 374 2363 consulta
394 2302 596 2383 Belgarorum
619 2313 648 2362 et
671 2312 783 2362 constat
810 2321 847 2361 ex
871 2303 1074 2362 Lateranensis
1096 2304 1150 2361 lV.
1178 2304 1293 2363 concilii

104 2393 210 2469 laceto,
229 2401 278 2459 cui
292 2409 432 2460 muscast
440 2400 567 2478 Eugenii
588 2400 757 2458 instructio:
794 2407 814 2434 ‘⁶
826 2399 912 2456 etiam
934 2416 1061 2475 paganus
1083 2407 1112 2455 ct
1138 2398 1289 2456 haereticus

109 2493 236 2573 baptizare
247 2495 375 2576 potest.”

136 2596 199 2673 lde.
220 2595 465 2668 Antiquissimum
492 2612 556 2652 essc
584 2611 702 2671 morem·
719 2591 838 2670 agnovit
858 2590 1018 2651 Calvinus:
1052 2599 1072 2628 ‘⁶
1082 2589 1168 2658 Quod
1196 2601 1291 2653 autem

107 2688 188 2749 multis
200 2693 315 2752 abhinc
328 2692 443 2751 saeculis
458 2691 587 2767 adeoque
608 2691 643 2750 ab
657 2692 722 2768 ipso
736 2691 794 2749 lere
808 2689 959 2749 Ecclesiae
972 2687 1103 2757 exordio,
1118 2709 1172 2748 usu
1188 2707 1286 2768 recep·

108 2793 159 2846 lunt
169 2788 227 2859 luit,
241 2801 273 2849 ut
287 2790 317 2849 in
329 2789 458 2868 periculo
472 2791 572 2850 mortis
585 2789 651 2849 laici
665 2788 852 2867 baptizarent,
867 2789 894 2846 si
908 2788 1080 2848 ministeriu
1096 2798 1292 2866 temporenon

109 2880 287 2956 ademtam
308 2885 393 2946 video
416 2906 501 2961 qnam
526 2888 609 2945 firma
632 2886 741 2945 ratione
764 2884 880 2944 delendi
904 2883 1035 2960 queat.''⁸
1076 2886 1294 2965 Presby'teriani

110 2976 243 3044 Calvinum
271 2985 367 3058 sequi,
395 3003 482 3058 quam
508 2993 595 3043 totam
620 2984 816 3057 antiquitatem
847 2983 1040 3042 venerandam
1068 2983 1238 3052 maluemnt‚
1264 2993 1293 3042 et

110 3070 261 3153 bsptismum
275 3101 360 3157 mque
375 3102 408 3141 ac
423 3101 535 3141 coenam
550 3082 665 3141 nonnisi
679 3102 695 3140 a
710 3080 848 3140 ministris
867 3081 946 3139 verbi
967 3080 1057 3140 divini
1078 3082 1130 3139 rite
1151 3080 1289 3139 ordinatis

112 3174 243 3240 ministrari
254 3200 342 3259 posse
356 3180 531 3251 contendunt
540 3183 563 3250 3⁰
581 3181 636 3238 sibi
651 3179 750 3238 desua
762 3178 941 3239 ordinatione
962 3178 1124 3237 illudentes.
1166 3178 1290 3256 Episco-

113 3269 200 3345 paliaui
211 3279 238 3337 iu
252 3278 407 3342 contratiae
422 3279 528 3338 abeunt
542 3278 737 3337 sententies.¹⁰

147 3479 241 3550 (l)‚l·ib.
251 3489 281 3540 de
293 3489 423 3555 Baptiamo
433 3506 455 3540 c.
466 3489 526 3540 xvii.

148 3565 183 3632 (ἵ)
198 3572 291 3627 Ibidem.

146 3648 472 3718 (³)1lans01utaaffirmamr
488 3660 515 3713 in
531 3676 621 3727 opere:
637 3666 654 3692 “
665 3660 690 3710 A
708 3655 890 3722 compendium
907 3657 936 3707 of
950 3655 1076 3708 Christian
1092 3655 1250 3721 Antiquities,
1261 3658 1293 3724 by

115 3728 348 3814 Reu.c,s,110my3
365 3748 542 3814 Philudelphia,
556 3745 645 3798 18373’
680 3746 805 3797 Bumetus
829 3744 918 3795 fatetur
933 3744 961 3794 in
977 3743 1078 3808 antiqua
1094 3744 1206 3796 Ecclesia
1222 3747 1296 3797 muli·

116 3816 184 3872 (ΓΜ
191 3825 214 3879 ln
222 3835 364 3887 necessitate
374 3834 495 3900 baptizare
505 3833 660 3900 permissum.
693 3829 810 3893 Analysis
822 3829 903 3881 article
919 3829 995 3881 xxvii.
1005 3846 1030 3896 p.
1041 3832 1099 3882 477.

149 3904 183 3973 (4)
197 3912 280 3971 Canes
290 3919 466 3971 Luciferiauoe·

149 3986 183 4055 (⁵)
198 3994 255 4057 Oen,
264 4005 369 4057 mviii.

147 4072 182 4143 (θ)
195 4082 262 4143 Usta
272 4091 382 4144 Juenino
392 4090 459 4143 Dias.
469 4091 495 4142 ii.
507 4091 537 4141 de
549 4090 683 4156 Baptismo,
695 4103 735 4153 qu.
746 4087 778 4138 vi.
790 4075 811 4138 a'
822 4088 848 4137 ii.
858 4094 903 4138 art.
914 4086 939 4137 ii.

147 4158 182 4229 (⁷)
196 4168 239 4242 Ep
248 4180 278 4233 ad
288 4179 551 4245 universos'episcopos
563 4194 583 4228 c
594 4178 635 4227 vii.

148 4244 182 4316 (Β)
198 4257 228 4314 lu
236 4266 354 4321 Anl‘uioto
365 4266 420 4317 adv.
431 4264 507 4317 Ceno
516 4265 585 4315 Trid.
597 4265 662 4313 Sese.
674 4263 715 4312 vii.
726 4278 780 4312 can.
791 4277 816 4310 x.

148 4332 183 4403 (⁹)
198 4344 339 4407 Omnian
347 4353 376 4405 ol
382 4352 451 4414 saith,
461 4352 501 4404 ch.
511 4352 589 4402 xxvii.
600 4368 627 4401 n.
638 4351 671 4400 iv.
681 4356 698 4381 ⁴⁸
707 4348 802 4399 neither
815 4347 844 4398 of
850 4346 933 4397 which
944 4362 1000 4411 may
1013 4347 1044 4396 bc
1053 4341 1181 4410 dispcneod
1192 4343 1225 4408 by
1237 4359 1295 4408 any,

116 4415 325 4493 “letaniam
336 4438 614 4502 cumanensem
626 4434 764 4486 oronnam

150 4504 196 4577 (¹⁰)
213 4518 269 4578 vtes
279 4530 304 4580 a
315 4527 451 4591 escuem
463 4524 541 4576 orans
553 4522 663 4584 charan,
682 4523 716 4586 ny
737 4520 798 4572 Rev.
810 4518 883 4569 wa.
903 4515 1116 4576 squamamve
1126 4510 1205 4573 rore,
1220 4514 1294 4576 mae,

119 4593 159 4636 ἠ’
166 4590 212 4665 ¹²²5
222 4608 334 4680 Raptim.

1298 4724 1314 4762 s

1252 4898 1268 4931 Χ
