2774 5056
138 337 178 393 or
406 300 490 395 'on
512 332 708 396 saerrsur
730 333 1034 394 nnonssrui'rn.
1120 371 1123 375 -

138 509 252 551 serrare
264 502 383 570 oportet,
398 511 482 566 quarn
496 504 591 552 tamen
604 493 630 550 si
644 493 708 566 quis
723 494 829 566 absque
847 512 898 550 sua
917 494 1002 570 culpa
1016 493 1195 571 ignoraverit,
1213 491 1259 550 rel
1273 510 1334 550 nou

139 589 309 667 impleverit,
333 589 537 666 impedimento
558 590 653 663 aliquo
680 590 822 657 detentus,
837 609 894 649 non
918 589 982 648 ideo
1005 590 1208 667 periclitabitur
1229 589 1333 647 salute.

140 686 306 746 Necessitas
318 700 409 746 autem
424 687 515 747 medii
529 699 604 746 tanta
618 703 671 757 est,
684 701 715 747 ut
728 709 779 747 seu
795 690 878 766 culpa
893 708 944 747 seu
959 688 1029 748 l'orte
1044 689 1138 762 aliqua
1152 707 1197 746 res
1209 687 1334 755 deficiat,

138 783 218 843 salus
231 785 351 843 obtineri
364 786 473 858 nequit.
516 785 696 862 Baptismum
712 785 765 844 hac
776 771 883 845 ratione
898 786 1088 845 necessarium
1103 804 1167 842 esse
1182 797 1313 844 censent.

180 886 247 940 132.
270 881 433 940 Concilium
455 882 655 941 Tridentinum
679 884 848 960 simpliciter
869 882 997 941 definivit
1018 882 1197 960 Baptismum
1219 900 1284 940 esso
1299 879 1336 939 ad

138 979 257 1037 salutem
271 980 474 1048 necessarium,
489 997 614 1038 errorem
635 981 807 1039 contrarium
830 979 1050 1055 proscribendo:
1073 979 1136 1036 “Si
1150 979 1215 1051 quis
1230 977 1336 1036 dixerit

137 1075 309 1153 baptismum
329 1075 450 1137 liberum
471 1094 546 1146 esse,
561 1076 617 1135 hoc
631 1086 685 1146 ast,
701 1094 759 1137 non
773 1075 965 1135 necessarium
981 1074 1016 1132 ad
1037 1073 1168 1140 salutem,
1183 1072 1336 1132 anathema

136 1170 220 1230 sit.”²

607 1436 610 1443 ,
639 1386 823 1429 ruorosrrro.

176 1543 354 1622 Baptismus
368 1551 412 1605 ert
424 1543 607 1604 necessarius
621 1543 662 1603 od
681 1542 816 1602 salntem.

174 1642 326 1702 Probatur
339 1642 366 1702 I.
378 1662 415 1702 co
432 1641 606 1720 Scripturis.

176 1745 243 1800 133.
257 1740 391 1800 Christus
405 1740 566 1800 Nicodemo
575 1741 647 1799 dixit
656 1742 763 1814 absque
776 1760 848 1799 nova
857 1741 1001 1800 nativitato
1012 1740 1156 1799 neminem
1169 1758 1257 1816 posse
1272 1758 1336 1816 reg·

136 1857 206 1898 rrum
221 1839 277 1898 Dei
292 1840 423 1918 ingredi3
444 1858 564 1914 eamque
579 1841 744 1916 contingere
759 1841 868 1898 nemini
882 1839 937 1898 nisi
952 1859 1024 1914 aqua
1038 1849 1066 1896 et
1077 1839 1184 1914 Spiritu
1201 1839 1309 1896 Sancto
1325 1858 1333 1896 ε

136 1946 156 1975 “
169 1939 273 2008 Amen,
287 1958 371 1999 amen
384 1938 449 1997 dico
463 1939 523 2006 tibi,
539 1939 595 1997 nisi
609 1939 673 2010 quis
689 1949 802 1997 renatus
817 1939 902 1996 suerit
911 1957 949 1996 ex
963 1957 1036 2012 aqua
1049 1946 1078 1996 et
1091 1938 1198 2014 Spiritu
1214 1940 1334 2004 Sancto,

136 2053 194 2093 non
208 2048 302 2112 potest
322 2035 438 2094 introire
453 2036 482 2093 in
503 2053 621 2112 regnum
650 2034 754 2093 Deir’r
793 2034 930 2093 Conditio
950 2035 1036 2112 igitur
1050 2045 1123 2092 esta
1145 2033 1264 2092 Christo
1279 2044 1335 2092 sta·

21 2151 27 2157 ·
135 2140 205 2199 tuto,
220 2151 276 2205 qua
289 2151 347 2190 nou
367 2131 493 2208 impleta,
508 2132 588 2207 regui
603 2130 726 2188 coelestis
741 2150 798 2189 uon
821 2141 898 2207 patet
923 2131 1064 2191 introitus.
1104 2129 1208 2188 Verbis
1224 2130 1335 2206 perspi·

135 2231 208 2299 ouis,
222 2229 351 2307 singulos
365 2229 497 2288 homines
512 2227 777 2305 complectentibus,
793 2229 955 2287 enuntietur
968 2228 1017 2287 illa
1031 2227 1128 2306 gloriae
1144 2226 1333 2300 assequendo

135 2325 270 2386 conditio.

178 2430 245 2485 134.
266 2425 422 2503 Apostolos
431 2425 545 2483 mittens
556 2423 689 2481 Christus
699 2425 872 2501 baptismum
884 2425 1016 2483 omnibus
1024 2424 1112 2501 jussit
1123 2421 1334 2480 administrari:

137 2533 157 2562 ‘⁸
169 2525 281 2583 Euntes
295 2544 363 2600 ergo
389 2524 488 2582 docete
513 2541 614 2581 omnes
638 2533 748 2598 gentes,
770 2524 947 2598 baptizantes
972 2522 1069 2581 eos.''⁸
1108 2521 1188 2597 Ergo
1203 2533 1337 2579 tenentur

135 2640 237 2680 omnes
251 2622 422 2698 baptismum
438 2621 595 2695 suscipere.
638 2619 711 2676 Eam
733 2620 926 2679 conditionem
947 2639 1012 2678 esso
1026 2620 1125 2678 salutis
1140 2620 1334 2696 significarit:

138 2719 218 2791 “qui
233 2717 393 2784 crediderit,
416 2726 444 2774 st
467 2717 627 2792 baptizatus
652 2715 746 2783 luerit,
770 2718 865 2775 salvus
890 2717 990 2777 erit.”⁴
1029 2719 1145 2776 Frustra
1172 2717 1258 2792 igitur
1277 2717 1335 2775 sibi

135 2814 277 2873 blanditur
291 2815 412 2889 quisque
426 2814 462 2872 de
475 2812 542 2882 fide,
555 2813 612 2871 nisi
626 2814 799 2890 baptismum
821 2817 968 2894 suscipiat.
1010 2816 1077 2874 Hoc
1098 2814 1212 2882 adultis,
1226 2817 1333 2888 quibus

136 2911 317 2990 predicatum
338 2912 422 2971 luerit
441 2910 644 2988 Evangelium,
666 2913 839 2988 baptismum
864 2914 898 2971 ad
920 2915 1039 2972 salutem
1054 2913 1246 2972 necessarium
1270 2930 1336 2971 esse

136 3008 286 3068 manifeste
301 3009 410 3085 probat.
452 3008 497 3068 Ad
521 3009 643 3067 infantes
665 3009 742 3082 quod
763 3013 894 3087 pertinet,
917 3030 1005 3084 quum
1026 3011 1098 3069 fides
1120 3018 1149 3068 et
1174 3010 1337 3086 baptismus

136 3108 237 3181 salutis·
249 3106 427 3164 conditiones
441 3115 607 3175 statuantur,
622 3106 708 3166 fidem
721 3121 814 3167 autem
825 3111 861 3168 ob
871 3120 982 3167 aetatem
994 3109 1050 3186 ipsi
1064 3120 1206 3184 nequeant
1217 3108 1335 3177 babere,

135 3205 309 3282 baptismum
323 3204 422 3262 saltem
437 3203 493 3262 illis
508 3222 572 3262 esse
587 3206 780 3264 necessarium
792 3206 868 3266 haud
879 3219 984 3266 temere
998 3206 1186 3275 concluditur,
1201 3225 1238 3264 no
1254 3206 1336 3264 omni

136 3300 171 3359 ad
186 3301 304 3359 salutern
320 3299 482 3359 conditione
496 3320 590 3359 carere
605 3300 762 3361 videantur.

176 3397 328 3457 Probatur
341 3395 385 3456 II.
400 3414 437 3455 ac
449 3395 580 3455 Petrum
595 3396 763 3456 traditione.

180 3502 246 3556 135.
268 3496 409 3556 insumus
424 3494 459 3553 de
470 3496 582 3553 lavacro
597 3505 626 3553 et
639 3496 762 3572 Spiritus
775 3498 864 3574 gratia
877 3497 965 3557 dicit:
988 3508 1008 3536 “
1022 3499 1149 3572 Utraque
1161 3498 1335 3565 necessaria,

138 3613 204 3654 curn
219 3604 336 3667 utraque
351 3594 502 3671 proficiunt
516 3593 545 3651 in
560 3592 647 3651 vitam
662 3592 766 3651 Dei.”⁵

181 3693 247 3748 136.
270 3690 505 3749 Tarruuurarrus
529 3691 582 3747 ait:
605 3690 734 3749 “Fuerit
755 3690 832 3749 salus
856 3703 931 3750 retro
956 3711 1008 3769 par
1033 3691 1119 3750 tidem
1141 3690 1246 3750 nudam
1268 3702 1335 3750 ante

138 3785 257 3845 Domini
272 3787 436 3862 passionem
449 3796 478 3843 et
496 3787 750 3846 resurrectionem:
773 3799 801 3846 at
815 3789 862 3847 ubi
888 3788 958 3846 fides
981 3805 1061 3847 aucta
1082 3800 1126 3847 est
1147 3787 1282 3847 credendi
1303 3790 1334 3849 in

137 3885 321 3950 nativitatem,
337 3883 511 3960 passionem,
527 3887 821 3960 resurrectionemque
835 3888 908 3964 ejus,
921 3887 1014 3946 addita
1024 3899 1069 3945 est
1083 3878 1228 3965 ampliatio
1240 3907 1334 3946 sacra·

137 3993 244 4050 mento,
259 3981 417 4058 obsignatio
431 3980 574 4057 baptismi,
585 3982 785 4060 vestimentum
797 3983 1007 4056 quodammodo
1022 3985 1099 4053 fidei,
1110 4004 1173 4057 quae
1188 3995 1262 4042 retro
1273 3994 1334 4042 erat

138 4076 224 4146 nuda,
241 4095 294 4137 nec
307 4085 401 4155 potest
416 4076 479 4153 jam
492 4076 555 4133 sine
569 4093 621 4133 sua
635 4076 708 4155 lege.
749 4078 812 4137 Lex
826 4083 904 4137 enim
917 4078 1066 4157 tinguendi
1086 4079 1221 4157 imposita
1235 4088 1290 4147 est,
1306 4088 1335 4137 et

470 4274 507 4334 (1)
524 4270 589 4328 Sese.
599 4271 641 4321 rii.
674 4270 736 4322 Con.
745 4288 768 4323 v.
780 4275 810 4324 ds
822 4271 954 4338 Baptismo.

466 4360 505 4426 (2)
524 4359 596 4411 loen.
607 4359 640 4409 lil.
652 4361 676 4407 5.

467 4446 507 4512 (3)
527 4447 588 4496 Mat.
600 4445 687 4503 xxviii,
701 4447 739 4493 19.

469 4530 512 4598 (4)
530 4530 607 4580 Marc.
617 4531 668 4581 xvii
681 4533 720 4584 16.

470 4616 510 4682 (5)
528 4613 559 4666 L.
570 4614 605 4668 iil.
615 4615 669 4665 adv.
680 4615 736 4666 hor.
747 4630 769 4664 c.
781 4614 831 4663 xix.
