2774 5056
89 319 149 376 288
356 314 413 375 DE
435 313 1018 377 1111111011011111111111101111.

89 492 189 543 conus,
212 474 245 532 S.
266 473 410 552 Fulgentii
423 473 592 552 discipulus,
616 475 647 533 in
668 472 791 551 epistola
814 473 878 532 data
903 492 978 532 anno
1002 478 1061 532 133
1084 472 1295 546 quotidianum

89 572 261 630 sacrificium
275 582 431 631 memorat:
455 581 475 609 ‘⁶
488 571 569 630 Sicut
582 571 746 631 Ecclesiam
759 589 840 629 suam
864 570 961 630 docuit
975 568 1152 648 (Christus)
1168 571 1201 629 in
1221 588 1299 648 quo·

89 672 215 733 tidfonir
225 673 382 754 socrrfiriis
395 673 469 734 hanc
483 674 625 734 custodire
639 675 778 752 regulam,
790 683 822 733 nt
836 694 887 752 pro
901 675 1109 753 peccatoribus,
1120 676 1183 733 sire
1195 675 1298 736 adhuc

89 769 120 828 in
134 782 206 827 terra
217 768 421 839 laborantibus,
435 770 497 828 sire
519 769 554 828 de
577 768 683 828 saeculo
708 769 915 838 recedentibus,
937 770 1096 828 orationem
1117 770 1217 846 faciat,
1241 791 1298 849 pro

89 867 262 943 martyribus
275 865 505 945 serbgratiarum
519 865 621 926 referat
634 866 819 926 actionem.”¹

131 968 196 1023 101.
218 965 346 1024 Plurima
359 965 518 1024 referuntur
530 964 663 1040 exempla
676 965 836 1023 certissima
850 964 950 1023 Missae
966 965 1099 1042 privatim
1113 965 1273 1027 celebratae
1290 988 1299 1026 r

89 1070 111 1103 ‘⁴
123 1062 277 1123 Marcellus
291 1063 426 1122 Pontifex
438 1083 519 1122 sacra
532 1063 671 1140 mysteria
683 1063 751 1122 fecit
772 1064 800 1122 in
812 1062 899 1122 domo
913 1063 1051 1133 Lucinae3
1077 1064 1297 1124 Nazianzenus

88 1161 186 1221 senior
197 1162 227 1220 in
241 1160 400 1220 domestico
413 1161 565 1229 cubiculo;
586 1160 756 1220 Ambrosius
781 1161 883 1220 Romae
897 1162 928 1220 in
951 1162 1077 1235 quadarn
1101 1161 1192 1222 domo
1215 1174 1297 1222 trans

90 1259 250 1337 'l'ybsrim3
271 1258 410 1319 Paulinus
424 1260 567 1328 Nolanus,
578 1260 701 1318 instante
721 1271 823 1327 morte,
837 1260 867 1318 in
889 1260 969 1318 altari
983 1271 1047 1318 ante
1068 1260 1177 1321 lectum
1200 1280 1295 1321 sunm

89 1355 237 1437 pareto.'’²
762 1424 773 1441 .

134 1456 200 1512 102.
224 1452 388 1512 Concilium
402 1452 576 1530 Agathense,
586 1471 661 1512 anno
673 1454 744 1522 100,
753 1452 896 1512 decrevit:
914 1462 934 1491 “
944 1454 1107 1523 seculares,
1120 1456 1171 1529 qui
1184 1456 1215 1514 N
1218 1458 1296 1516 atale

12 1602 16 1613 .
92 1550 220 1619 Domini,
236 1551 358 1619 Pascha,
372 1560 400 1608 et
421 1551 612 1610 Pentecosten
624 1569 683 1610 non
697 1551 979 1621 communicaverint,
995 1551 1141 1611 Catholici
1158 1573 1298 1614 11111111-

92 1644 203 1714 dantur,
215 1665 268 1705 neo
282 1647 355 1705 inter
365 1645 531 1705 Catholioos
541 1645 698 1705 habeantur
706 1645 751 1704 θ’*
764 1664 818 1707 nec
831 1646 896 1707 ideo
909 1649 947 1707 ob
958 1650 1238 1711 communicantium
1246 1652 1297 1711 de·

91 1743 208 1812 fectum,
223 1743 332 1802 Missas
347 1743 483 1802 celebrari
505 1743 603 1802 vetuit.

485 2000 685 2043 omnmonls
705 2000 892 2044 SOLVUM'UR·

134 2180 200 2237 103.
225 2175 291 2257 obj.
309 2181 336 2236 1.
358 2176 491 2237 Christus
506 2178 707 2238 eucharistiam
721 2178 844 2237 institnit
858 2178 947 2238 instar
960 2180 1026 2258 agni
1042 2182 1201 2259 paschalis,
1216 2182 1293 2262 ejus·

91 2294 147 2351 qne
162 2275 313 2353 participes
328 2274 396 2333 fecit
408 2276 563 2352 Apostolos
579 2294 587 2333 ε
609 2287 783 2353 preceptum
798 2282 892 2336 autern
917 2286 961 2335 est
980 2277 1010 2336 in
1024 2277 1089 2356 lege
1109 2291 1142 2338 nt
1155 2282 1292 2342 numerus

92 2372 238 2431 sufficiens
253 2371 287 2430 ad
301 2390 381 2431 esum
393 2373 460 2449 agni
471 2372 644 2431 haberetur.⁴

128 2468 218 2547 Resp.
242 2468 312 2528 Post
328 2468 488 2546 agniacum
504 2467 637 2527 christus
652 2468 773 2527 instituit
786 2469 1006 2529 eucharisticum
1018 2472 1206 2544 sacrificium,
1222 2474 1291 2534 veri·

92 2574 235 2639 talemque
250 2567 279 2624 in
294 2566 356 2642 typi
370 2567 466 2624 locum
478 2566 608 2624 suffecit:
631 2577 765 2624 caeterurn
781 2567 859 2624 nulla
872 2567 934 2644 lege
946 2568 1043 2643 jussit,
1057 2579 1088 2627 ut
1102 2571 1219 2648 singula
1230 2592 1290 2649 pas-

92 2663 181 2721 chatis
196 2663 327 2739 adjuncta
338 2663 382 2720 vel
398 2664 466 2720 ritus
481 2665 511 2719 in
526 2664 694 2720 eucharistia
705 2674 893 2721 servarentur.
925 2665 1010 2732 Quod
1025 2678 1122 2726 autem
1133 2670 1289 2746 Aposlolos

92 2758 223 2815 sacrificii
238 2758 389 2833 participes
399 2758 505 2825 fecerit,
518 2759 640 2815 ostendit
650 2759 764 2831 quidem
777 2760 853 2816 illius
867 2762 993 2818 consiliis
1005 2765 1114 2839 optime
1126 2769 1288 2835 convenire,

91 2863 123 2912 ut
136 2852 277 2912 adstantes
292 2854 513 2922 communicent,
529 2856 604 2927 quod
620 2856 803 2915 vehementer
817 2868 895 2934 optat
909 2859 1061 2929 Ecclesia;
1085 2863 1138 2920 sed
1153 2883 1214 2922 non
1227 2865 1288 2923 ideo

91 2961 200 3009 vetatur
214 2951 277 3009 Deo
292 2951 393 3009 offerre
408 2952 551 3010 victimam
576 2963 712 3021 sanctam,
730 2956 795 3027 quia
816 2975 901 3014 nerno
915 2968 959 3014 est
979 2958 1029 3030 qui
1050 2960 1122 3017 velit
1144 2972 1224 3022 tanto
1238 2963 1287 3021 frui

92 3048 240 3106 beneficio.
284 3047 416 3106 Profecto
445 3048 577 3106 Christus
600 3068 665 3107 vere
686 3052 788 3109 obtulit
808 3053 885 3111 Patri
910 3073 1014 3131 eorpus
1036 3074 1122 3116 snum
1138 3072 1286 3134 antequam

92 3144 161 3203 illud
175 3145 404 3202 manducandum
419 3145 584 3221 porrexerit,
600 3166 652 3204 nec
673 3149 779 3220 aliquid
802 3150 937 3208 oblationi
959 3151 1116 3212 detractum
1138 3156 1250 3226 fnisset,
1265 3157 1287 3214 si

92 3242 223 3319 Apostoli
237 3241 363 3299 divinum
378 3241 484 3299 donum
500 3241 574 3299 haud
587 3244 772 3320 recepissent.

134 3343 200 3397 101.
227 3336 334 3415 01].1.
359 3336 493 3394 Christus
510 3338 598 3413 jussit
625 3341 780 3415 Apostolos
801 3342 937 3400 1111111111
959 3343 1004 3400 sui
1027 3347 1200 3406 memoriam
1215 3347 1287 3423 quod

91 3455 124 3495 se
137 3438 287 3496 facientem
303 3434 449 3494 viderant:
472 3436 535 3512 ipse
549 3449 644 3495 autern
659 3437 775 3510 dederat
788 3441 828 3496 eis
844 3450 1064 3500 sacramentum.

130 3535 219 3613 Resp.
242 3535 334 3593 Jussit
348 3546 378 3615 ut
398 3534 521 3592 facerent
542 3536 617 3608 quod
639 3536 747 3608 fecerat,
764 3556 867 3614 corpus
882 3558 965 3597 suurn
981 3551 1010 3597 et
1023 3543 1196 3619 sangninem
1221 3545 1286 3603 offe·

92 3633 189 3692 sendo.
231 3633 312 3691 Licet
327 3633 410 3711 etiarn
426 3633 528 3691 inferre
543 3652 608 3692 enm
619 3635 743 3710 jussisse
755 3646 786 3693 ut
799 3635 896 3695 darent
906 3631 1066 3697 volentibus
1078 3658 1113 3699 ea
1122 3645 1285 3722 suscipere:

93 3730 144 3789 sed
152 3741 226 3789 certe
239 3750 298 3789 non
312 3730 455 3806 prohibuit
469 3749 504 3789 ne
517 3732 651 3791 offerrent
663 3733 727 3792 Deo
738 3734 816 3792 Patri
827 3735 923 3793 divina
934 3735 1018 3805 dona,
1031 3756 1123 3812 eaque
1132 3753 1284 3808 sumerent,

93 3828 117 3885 si
132 3827 179 3885 alii
194 3827 300 3885 nollent
313 3845 412 3884 eorum
426 3827 487 3884 fieri
509 3830 671 3905 participes.

134 3928 200 3982 105.
226 3922 290 4002 Ohj.
307 3928 334 3981 3.
359 3923 515 4001 Apostolus
537 3944 586 3981 eos
607 3926 750 4004 redarguit
764 3928 814 4000 qui
835 3928 888 3987 soli
909 3930 1093 4000 manducant,
1109 3943 1138 3991 11
1159 3934 1284 3994 Domini·
1299 3963 1340 3976 -

92 4041 153 4082 carn
169 4040 279 4079 eoenam
293 4021 397 4079 multos
412 4021 554 4098 postulare
565 4023 700 4097 convivas
712 4024 814 4082 docet:
838 4035 857 4061 “
870 4025 1117 4087 convenientibus
1127 4049 1196 4109 ergo
1208 4032 1340 4090 vobin

128 4198 170 4262 (1)
189 4195 221 4245 lu
237 4193 388 4259 Scriptorum
399 4201 508 4246 veterum
519 4195 685 4246 collectiones
696 4197 823 4248 Vaticanis
834 4199 958 4252 codicibus
966 4202 1039 4265 edite,
1049 4171 1133 4255 ltomso
1148 4210 1219 4268 1828,
1230 4213 1340 4256 tout

91 4285 126 4334 iii.
156 4320 162 4332 .
179 4285 235 4332 183.

128 4300 170 4435 (li)
190 4368 297 4417 Patrone
308 4364 391 4414 Trect.
402 4365 432 4415 de
442 4366 524 4419 Euch.
535 4383 591 4432 pers
603 4375 666 4433 post.
679 4385 700 4418 c.
711 4368 737 4421 ii.
749 4385 775 4420 11.
788 4373 846 4420 305.

129 4458 170 4521 (3)
190 4454 253 4504 Can.
265 4452 317 4502 xri.

128 4543 169 4608 (4)
189 4540 271 4591 Exod.
282 4539 324 4588 xii.
338 4541 362 4587 3.
