2774 5056
90 309 152 367 ild
535 304 592 365 DE
611 303 835 379 Ll‘rttlttslts.

130 469 201 525 224.
221 465 257 525 ln
269 464 398 539 liturgia
410 462 550 533 Romana,
571 464 655 542 juxta
677 464 892 538 antiquissimos
908 461 1017 521 Gelasii
1032 469 1062 519 et
1082 459 1218 538 Gregorii
1236 476 1286 517 co·

91 561 180 631 dices,
196 562 323 629 habetur,
337 561 379 619 uti
391 558 488 628 hodie,
502 561 609 621 oratio:
626 570 645 597 ‘⁸
655 572 687 619 ut
698 561 779 619 nobis
792 577 905 619 consus
919 576 960 619 rs
972 576 1098 617 omenta
1112 574 1183 619 rut·
1196 552 1286 615 dilec-

91 660 194 718 tissimi
209 659 275 718 Filii
294 658 335 716 tui
356 656 476 715 Domini
494 658 583 716 nostri
596 657 667 718 Jcsu
683 656 826 717 Christi.”
871 654 943 716 Post
957 654 1203 715 consecrationem
1215 652 1289 719 dicit

28 798 32 805 .
91 755 238 821 sacerdos:
272 764 292 791 ‘⁴
306 753 461 813 offerimus
483 753 625 831 preclare:
645 754 787 833 majestati
813 763 878 822 ture,
899 751 935 813 de
963 752 1019 811 tuis
1040 751 1124 811 donis
1145 768 1179 819 ao
1198 748 1284 827 datis,

91 838 338 928 bostiampuram,
352 849 476 909 hostiam
490 863 628 920 sanctam,
644 851 768 910 hostiam
788 848 1010 916 immaculatam,
1024 866 1131 926 panem
1149 857 1289 919 sarmtun

92 950 155 1007 ritae
169 959 290 1017 eterne,
298 961 326 1008 et
339 948 457 1007 calicem
470 948 569 1007 salutis
583 948 761 1027 perpetuoe.”
803 946 855 1005 Ad
869 944 1073 1027 complendum
1086 944 1208 1027 inserto
1222 940 1284 1019 SC.

89 1044 228 1105 Processt‘
241 1052 268 1103 et
282 1042 465 1103 Martiniani
478 1051 545 1103 erut
569 1043 732 1129 Sacerdos:
755 1043 925 1120 “Corporis
946 1044 1022 1103 sacri
1045 1053 1075 1102 et
1088 1042 1207 1120 pretiosi
1220 1058 1286 1107 ΙΙΙ·

90 1145 185 1224 guinis
212 1144 312 1224 repleti
333 1145 478 1212 libamine,
503 1163 668 1219 quesumus
696 1144 822 1203 Domine
850 1143 931 1203 Dens
956 1152 1064 1220 noster,
1085 1152 1118 1201 nt
1136 1138 1216 1215 (prod
1231 1140 1286 1219 pitt

90 1242 241 1304 devotione
261 1243 398 1321 gerimus,
422 1252 498 1301 certa
517 1242 713 1321 redemptione
738 1239 915 1320 capiamus.”
956 1238 1009 1320 Ad
1034 1238 1068 1301 S.
1092 1238 1220 1299 Petrum
1242 1238 1287 1301 d

91 1340 232 1403 uincula:
255 1341 425 1418 “Corporis
450 1341 523 1399 sacri
544 1350 573 1399 et
597 1342 715 1418 pretiosi
738 1341 893 1418 sanguines
917 1339 1017 1417 repleti
1041 1334 1208 1413 libamine,”
1226 1348 1287 1397 etc.

90 1438 124 1497 In
145 1437 313 1496 exaltatione
335 1436 367 1495 S.
390 1436 493 1495 Crucis
507 1436 542 1495 ad
556 1435 778 1513 complendum:
801 1437 903 1495 “Jesu
927 1435 1037 1496 Christi
1058 1434 1178 1495 Domini
1194 1434 1287 1495 nostri

94 1553 213 1611 corpore
237 1544 267 1592 et
286 1533 424 1611 sanguine
438 1534 569 1611 saginati,
595 1553 646 1613 per
670 1553 757 1615 quem
781 1535 873 1595 crucis
896 1547 940 1592 ast
958 1533 1167 1593 sanctiticatam
1196 1530 1286 1591 vexil-

89 1631 197 1691 lum.”‘

129 1732 201 1787 225.
223 1728 256 1787 ln
272 1728 366 1787 Missa
379 1727 568 1787 Ambrosiana
590 1747 624 1787 ea
644 1747 707 1803 que
728 1747 816 1806 supra
835 1746 873 1787 ex
894 1728 1025 1787 Romana
1044 1727 1230 1788 recitavimus
1249 1724 1287 1785 ad

91 1825 207 1883 verbum
221 1824 280 1883 sere
294 1824 442 1885 habentur.
483 1827 624 1885 Praeterea
637 1826 673 1885 td
692 1825 859 1885 fractionem
873 1826 1006 1885 sacerdos
1020 1824 1108 1883 dicit:
1132 1833 1152 1861 ‘⁴
1166 1824 1284 1903 Corpus

90 1935 171 1983 tuum
184 1923 329 2001 frangitur,
343 1923 470 1991 Christe,
485 1924 560 1985 calix
573 1923 780 1984 benedicitur.'’
823 1925 938 1983 Partem
951 1925 982 1983 in
994 1923 1112 1983 calicem
1125 1923 1284 1991 dimittens,

90 2023 144 2081 ait:
168 2022 378 2082 “Commixtio
400 2025 557 2083 consecrati
583 2025 712 2102 corporis
736 2037 766 2083 et
793 2023 941 2101 sanguinis
962 2023 1082 2083 Domini
1102 2023 1193 2082 nostri
1213 2022 1285 2081 Jesu

91 2117 200 2177 Christi
215 2119 296 2177 nobis
318 2118 467 2181 edentibus
481 2131 511 2178 et
529 2121 708 2180 sumentibus
723 2121 853 2198 proficiat
867 2119 903 2179 ad
918 2121 1001 2179 vitant
1018 2133 1047 2178 et
1059 2118 1196 2197 gaudium
1210 2137 1286 2179 sem·

91 2215 263 2292 piternum.‘'
303 2216 428 2275 Sumens
442 2216 561 2276 calicem
581 2218 639 2275 ait:
663 2227 682 2254 ‘⁶
694 2217 803 2297 Praesta
818 2236 928 2291 queso,
943 2217 1078 2286 Domine,
1093 2226 1126 2275 ut
1140 2218 1287 2295 perceptio

91 2312 219 2390 corporis
232 2322 262 2371 et
285 2313 433 2391 sanguinis
454 2313 573 2373 Domini
592 2315 683 2374 nostri
702 2314 773 2375 Jesu
794 2313 905 2373 Christi
925 2313 960 2373 ad
982 2314 1067 2375 vitam
1082 2332 1140 2373 nos
1151 2312 1288 2391 perducat

91 2411 259 2469 eternam.”
302 2412 424 2471 Postea:
448 2421 468 2450 ¹⁶
481 2412 564 2481 Quod
580 2431 629 2472 ore
650 2413 818 2481 sumsimus,
833 2412 970 2480 Domine,
991 2422 1173 2490 puramente
1194 2412 1288 2491 capia·

91 2524 165 2573 mus,
178 2516 209 2563 ut
219 2505 255 2564 de
266 2526 384 2585 corpore
398 2517 427 2565 et
440 2509 578 2586 sanguine
593 2507 712 2569 Domini
727 2509 814 2567 nostri
829 2507 901 2567 Jesu
912 2508 1021 2567 Christi
1036 2507 1085 2565 fiat
1097 2508 1181 2567 nobis
1196 2527 1287 2569 rems·

90 2602 168 2660 dium
183 2603 422 2678 sempiternum.”

130 2703 199 2757 226.
222 2700 315 2757 Missa
335 2701 518 2759 Mozarabiea
538 2702 567 2760 in
589 2701 702 2760 Missali
716 2703 851 2761 omnium
865 2701 1061 2780 offerentium,
1076 2702 1286 2763 institutionem

93 2796 218 2863 exhibet,
232 2809 260 2854 et
272 2799 450 2873 postverba:
468 2809 487 2834 ‘⁶
496 2796 559 2858 Hoc
574 2810 618 2857 est
631 2818 734 2877 corpus
748 2820 856 2870 meum,
869 2800 945 2874 quod
959 2820 1011 2877 pro
1025 2801 1107 2859 vobis
1118 2801 1243 2860 tradetur
1256 2799 1287 2869 ;’'

92 2893 301 2969 prescribitur:
324 2894 410 2953 “Hic
425 2895 551 2954 elevetur
564 2895 699 2974 corpus.’'
740 2898 812 2955 Post
832 2898 918 2955 verba
935 2898 1161 2956 consecrationis
1176 2897 1286 2965 calicis,

92 2991 282 3067 prescribitur
296 2992 417 3052 elevatio
438 2994 545 3062 calicis,
568 3008 596 3053 et
616 2995 752 3072 deinceps
774 2996 861 3054 dicit:
885 3006 904 3032 ‘⁶
917 2995 1009 3053 elevet
1022 3015 1128 3073 corpus
1140 2994 1284 3064 Christi,''

92 3086 169 3160 quod
183 3107 269 3164 super
283 3089 399 3150 calicem
415 3101 514 3149 tenens
528 3093 626 3150 recitat
639 3093 803 3169 symbolum
818 3093 1167 3170 constantinopolitanum.
1210 3095 1286 3152 Ante

91 3185 322 3243 communionem
345 3197 405 3243 orat
428 3186 581 3245 sacerdos:
605 3187 760 3247 “Domine
784 3187 863 3246 Deus
885 3207 976 3254 meus,
993 3188 1029 3246 da
1050 3188 1121 3246 mihi
1136 3208 1242 3266 eorpus
1257 3199 1290 3249 et

91 3283 259 3360 sanguinem
281 3283 348 3342 Filii
369 3285 408 3342 tui
431 3284 549 3344 Domini
569 3287 658 3344 nostri
678 3287 748 3346 lesu
770 3285 880 3344 Christi
901 3287 939 3344 ita
958 3304 1081 3353 sumere,
1097 3295 1129 3344 ut
1144 3306 1195 3362 per
1217 3285 1295 3347 illud

90 3381 290 3440 remissionem
304 3383 432 3440 omniurn
455 3394 634 3459 peccatorum
657 3402 766 3441 merear
780 3384 920 3459 accipere.
962 3384 1023 3441 Ave
1039 3384 1067 3441 iu
1090 3402 1184 3441 aevum
1199 3403 1292 3443 sarse-

91 3498 208 3540 atssrtsa
228 3500 303 3539 cino
326 3479 454 3540 Crrrusrr
476 3523 609 3540 .....
632 3481 747 3559 Corpus
768 3493 796 3540 et
823 3482 939 3558 sanguis
961 3481 1081 3540 Domini
1103 3483 1194 3540 nostri
1215 3483 1295 3542 Jesm

93 3578 202 3637 Christi
222 3579 362 3638 custodiat
381 3599 484 3658 corpus
505 3593 534 3638 et
555 3581 680 3639 animam
694 3599 787 3640 meam
809 3581 839 3638 in
861 3581 946 3638 vitatu
968 3593 1113 3639 aeternam.
1156 3580 1293 3640 Anten.''

93 3676 163 3733 Post
184 3678 415 3735 communionem
436 3679 577 3736 orationes
598 3678 681 3736 variae
702 3679 872 3736 recitantur:
896 3675 1041 3753 “Corpus
1062 3677 1183 3736 Domini
1197 3676 1295 3739 nostri

93 3769 161 3828 Jesu
175 3770 294 3837 Christi,
310 3772 386 3845 quod
401 3774 573 3850 accepimus,
589 3783 618 3832 et
641 3783 755 3832 sanctus
778 3773 894 3850 sanguis
916 3774 990 3849 ejus,
1007 3792 1092 3845 quem
1109 3776 1294 3850 potavimus,

95 3866 233 3924 adhaereat
248 3869 403 3926 visceribus
418 3871 532 3935 uostris,
548 3879 651 3927 :sterne
665 3871 846 3947 omnipotens
862 3868 1039 3926 Deus.”-“
1051 3870 1161 3929 Refecti
1178 3868 1295 3935 Christi

93 3981 211 4040 corpore
226 3966 403 4040 etsanguine
425 3965 545 4041 pariter:
569 3966 635 4039 quia
656 3965 822 4025 sanctificati
843 3965 907 4024 Deo
929 3966 1006 4024 Patri
1020 3966 1212 4043 omnipotenti
1226 3986 1295 4046 gra·

95 4062 146 4119 tias
161 4059 349 4119 reseramus.’'

133 4161 202 4217 227.
223 4157 271 4216 Ex
287 4157 402 4216 Missali
417 4159 553 4229 Gothico,
569 4178 620 4218 sen
637 4160 762 4220 Gothico
777 4161 936 4228 Gallicano,
951 4160 1044 4219 Missa
1056 4160 1111 4229 XI,
1124 4180 1188 4235 quae
1205 4162 1295 4221 estin

129 4372 170 4436 (1)
190 4370 282 4420 Mirum
293 4377 329 4420 est
340 4369 442 4420 Bullum
453 4371 561 4436 suosque
578 4371 681 4422 Missam
697 4371 834 4422 Romanam
850 4372 958 4436 dogmati
973 4373 1240 4425 transubstantiationis
1250 4366 1295 4423 d

94 4456 181 4505 versari
198 4456 336 4516 affirmasse,
354 4471 430 4519 quum
450 4457 528 4506 verbis
552 4458 693 4522 perspicuis,
721 4458 830 4522 quemvis
848 4459 930 4509 minus
952 4458 1146 4521 vehementibus,
1167 4460 1228 4510 illud
1251 4451 1295 4509 ad

94 4551 177 4592 struat.
