2774 5056
441 318 496 386 on
517 317 639 385 nono
661 316 924 386 amuzrnm.
1236 330 1276 390 u
1334 408 1337 413 ¹

125 483 171 543 sl.
190 479 337 552 Quamvis
349 481 438 542 valeat
451 483 593 543 infusione
609 483 652 541 rel
666 485 830 561 aspersione
843 482 1012 560 baptismus,
1026 482 1158 558 aliqando
1170 482 1274 544 dubius

90 581 178 640 evadit
189 600 225 640 ex
235 583 299 640 levi
310 582 420 640 ratione
431 599 487 654 qua
497 581 684 658 baptizandos
696 591 850 659 aspergunt
861 591 1001 639 sectarum
1012 582 1143 650 ministri,
1158 601 1276 660 preser-

91 676 364 756 timPresbyteriani
378 678 422 737 vel
437 679 630 738 Methodistoe.
659 679 765 756 Magna
774 697 854 752 aqua
865 678 948 755 copia
961 697 1019 736 non
1030 678 1144 752 quidem
1159 679 1277 754 requiri·

94 784 143 844 tur,
154 777 204 836 sed
216 797 338 837 necesse
352 785 440 835 estut
454 777 559 836 ablutio
572 777 629 835 dici
644 778 755 854 possit:
779 777 843 836 ideo
858 776 960 853 pellem
975 777 1138 854 contingere
1152 777 1236 836 debet
1249 788 1278 837 et
1354 814 1358 823 ·

93 873 184 934 fluere.
213 875 293 935 Hinc
307 876 341 933 fit
354 888 385 934 ut
397 875 542 935 conversis
557 873 592 933 ad
606 873 693 933 fidem
705 875 871 952 plerumque
885 885 1025 952 repetatur
1035 874 1089 932 sub
1101 874 1277 944 conditione,
1357 938 1362 963 Ι

92 969 226 1031 dicendo:
249 982 270 1010 ‘⁴
280 974 314 1032 Si
327 991 386 1066 non
399 991 432 1030 es
446 973 614 1048 baptizatus,
629 990 684 1050 ego
697 981 724 1030 te
736 973 851 1048 baptizo
866 972 894 1030 in
910 973 1025 1030 nomine
1042 971 1144 1040 Patris,
1159 982 1188 1029 et
1198 973 1277 1042 Filii,
1355 972 1361 1019 ἒ

92 1075 120 1123 et
130 1066 254 1144 Spiritus
268 1067 400 1126 Sancti.''
441 1067 472 1126 ld
488 1065 521 1125 fit
534 1068 642 1144 passim
657 1069 687 1125 in
708 1067 822 1145 Anglia,
838 1067 950 1135 Galliis,
968 1067 1130 1135 Germania,
1152 1079 1181 1126 et
1193 1069 1278 1128 etiam

96 1161 202 1232 Rome
218 1175 338 1225 testame
354 1166 502 1226 Perrons.¹
529 1164 614 1233 Quod
628 1165 654 1222 si
668 1183 704 1223 ex
718 1177 795 1223 certo
808 1166 971 1247 testimonio
984 1174 1095 1224 constet
1107 1164 1279 1225 ablutionem
1350 1144 1355 1159 Ι

96 1261 142 1320 rite
154 1261 257 1320 lactem
279 1263 373 1321 verbis
394 1262 521 1340 prolatis,
535 1261 693 1320 carendum
708 1281 744 1320 ne
769 1263 900 1321 iteretur:
922 1262 1001 1321 nefas
1021 1264 1098 1321 enim
1112 1275 1156 1322 est
1175 1264 1279 1341 baptis·
1335 1286 1344 1347 .·'

96 1371 169 1417 num
180 1359 273 1416 semel
286 1359 338 1416 rita
352 1378 369 1416 a
382 1376 565 1432 quocumque
578 1358 711 1416 collatum
726 1359 837 1416 iterare.

130 1457 178 1512 82.
199 1454 297 1522 Quum
312 1455 504 1532 Baptistarum
518 1473 582 1513 mos
597 1455 706 1513 nuliam
721 1453 756 1512 dc
771 1474 851 1528 aquae
865 1453 948 1532 copia
961 1451 1106 1514 dubitandi
1120 1455 1216 1517 iocum
1237 1477 1280 1517 re·

68 1592 73 1603 ,
99 1545 209 1624 linquid,
222 1560 251 1609 et
259 1551 383 1610 debitam
394 1551 537 1628 proferant
548 1551 708 1616 formulam,
717 1551 862 1609 nonnuliis
874 1549 965 1608 verbis
977 1551 1132 1628 premissis
1144 1571 1206 1625 que
1217 1572 1281 1614 eam

100 1664 150 1708 non
162 1649 280 1708 vitiant:
303 1659 323 1686 ⁴⁶
335 1649 376 1708 Ut
388 1648 519 1708 obediam
540 1648 667 1707 Domino
680 1646 752 1707 deso
774 1646 924 1716 Christo,'’
939 1647 983 1707 vel
1005 1658 1025 1684 ⁴⁴
1037 1657 1067 1706 ut
1080 1660 1129 1708 tuo
1151 1650 1282 1712 mandato

102 1744 222 1804 obediam
233 1745 264 1814 3⁹⁹
281 1746 344 1804 sola
356 1747 428 1803 ratio
442 1743 587 1802 dubitandi
602 1743 636 1802 de
651 1743 745 1801 valore
759 1743 892 1821 baptismi
906 1745 940 1801 ab
954 1744 989 1801 iis
1003 1743 1107 1811 collati,
1122 1742 1283 1807 desumere-

103 1851 141 1900 tor
158 1860 195 1900 ex
214 1842 394 1919 separatione
418 1839 600 1899 ablutionisa
623 1840 723 1909 sonna,
738 1840 799 1898 baec
821 1842 896 1898 enirn
920 1841 1029 1917 integra
1055 1841 1197 1918 profertur
1219 1855 1283 1904 anta

105 1939 320 2008 immersionem,
335 1939 381 1998 vel
395 1957 431 1998 ex
445 1939 612 1997 intentionis
626 1937 746 2007 deiectu,
761 1938 836 2012 qood
857 1938 967 1996 scilicet
979 1937 1093 1997 credant
1113 1940 1284 2018 baptismum

106 2036 216 2097 enodem
230 2055 296 2095 ease
311 2056 344 2095 ac
358 2036 438 2095 illum
453 2053 511 2109 quo
523 2034 651 2095 Joannes
666 2035 815 2094 Christum
828 2034 925 2093 abluit.
966 2036 1109 2095 Caeterum
1130 2050 1228 2098 neutra
1247 2059 1285 2100 ex

107 2147 174 2210 parte
187 2136 299 2194 ridetur
313 2134 382 2193 satis
397 2135 490 2212 gravis
504 2134 574 2192 ratio
595 2132 750 2201 dubitandi,
773 2152 839 2191 narn
860 2133 975 2191 moralis
996 2145 1112 2211 apparet
1125 2137 1194 2195 unio
1213 2139 1287 2197 inter

108 2231 214 2292 formam
230 2244 260 2292 et
279 2232 437 2306 materiam,
451 2249 538 2305 quum
554 2231 645 2288 verbis
668 2232 715 2289 vix
736 2230 851 2307 prolatis
871 2231 1018 2290 immersio
1032 2233 1098 2301 fiat3
1119 2243 1148 2291 et
1167 2235 1287 2295 intentio

109 2332 255 2390 nuntiatur
280 2329 402 2390 faciendi
423 2328 498 2402 quod
516 2328 604 2405 jussit
627 2327 772 2395 Christus,
787 2328 917 2399 quamvis
942 2346 1036 2387 errore
1061 2329 1189 2389 credatur
1209 2332 1286 2392 idem

110 2445 162 2486 assa
175 2449 206 2489 ao
220 2427 291 2487 illud
306 2425 384 2500 quod
397 2425 464 2484 iecit
476 2424 614 2482 Joannes.
656 2424 735 2500 Ergo
746 2423 891 2481 conversis
906 2424 941 2481 ab
955 2423 1003 2481 illa
1017 2435 1104 2492 secta,
1120 2428 1169 2499 qui
1184 2446 1286 2487 omnes

113 2525 266 2586 inadultate
281 2535 362 2585 atate
385 2517 558 2602 baptismuin
581 2532 777 2599 susceperunt,
798 2520 919 2594 ideoque
940 2531 1046 2581 certum
1071 2523 1143 2583 serre
1167 2539 1289 2603 possunt

112 2624 293 2682 terdmonium
309 2621 344 2680 de
364 2639 399 2679 eo
424 2630 570 2696 suscepto,
583 2637 642 2677 non
666 2617 786 2686 ridetur,
809 2614 962 2691 nequidem
985 2618 1147 2679 conditione
1169 2622 1288 2701 adjecta,

112 2717 239 2779 iterandus
270 2719 441 2796 baptismus.
484 2716 628 2774 Ceterum
655 2727 730 2773 arcta
757 2715 875 2774 omnino
903 2713 986 2773 debet
1012 2735 1077 2774 esso
1097 2717 1196 2778 forme
1221 2739 1289 2780 com

115 2819 217 2877 materia
231 2817 407 2894 conjunctio,
422 2813 527 2889 quade
542 2833 628 2872 causa
640 2832 700 2871 rem
715 2813 918 2889 sapientiorum
928 2813 1040 2891 judicio
1053 2816 1250 2890 relinquimus.

145 2921 189 2975 st.
209 2918 307 2985 Quum
322 2915 357 2973 de
370 2913 478 2994 formo
497 2913 629 2991 baptismi
644 2910 718 2988 apud
732 2931 784 2970 nos
798 2913 990 2970 controversia
1003 2912 1076 2971 haud
1089 2925 1244 2987 moveatur,
1255 2918 1291 2977 de

116 3033 143 3073 sa
159 3016 295 3095 agendum
316 3033 374 3073 non
389 3013 532 3071 duximus.
574 3012 683 3071 Omnes
699 3011 748 3084 qui
762 3011 976 3071 Sacramentum
1001 3012 1056 3071 hoc
1071 3026 1238 3090 agnoscunt,
1260 3018 1291 3076 in

117 3115 215 3173 nomine
237 3112 343 3179 Patris,
360 3121 389 3168 et
412 3110 478 3169 Filii
504 3120 533 3168 et
556 3109 680 3186 Spiritus
704 3108 800 3166 Sancti
823 3126 887 3165 esse
910 3109 1126 3169 ministrandum
1148 3111 1293 3171 fatentur·

53 3210 56 3289 ζ
119 3208 279 3288 Btptizmis
292 3219 370 3266 actus
385 3205 545 3265 necessario
560 3203 764 3282 exprimendus
775 3215 828 3271 est,
840 3203 962 3278 ideoque
975 3206 1083 3282 integra
1095 3215 1138 3264 est
1151 3208 1289 3268 formula:

59 3296 63 3305 ’
121 3306 371 3384 “Egotsbaptizo
385 3303 414 3361 in
429 3302 544 3361 nomine
560 3303 663 3370 Patris,
679 3314 707 3360 et
727 3302 804 3369 Filii,
822 3312 851 3359 et
863 3301 986 3378 Spiritus
1002 3303 1145 3362 Sancti.’·³
1185 3306 1292 3365 Utrum
1328 3328 1332 3375 i

122 3400 255 3476 aliquando
263 3402 328 3461 solo
336 3401 453 3459 nomine
465 3398 536 3456 Jesu
548 3399 677 3456 invocato
686 3399 844 3475 baptismos
856 3397 973 3456 collatos
985 3397 1077 3468 luerit,
1088 3401 1160 3458 inter
1168 3401 1293 3460 eruditos
1330 3418 1336 3489 ’ἰ
1353 3466 1356 3471 ,

125 3501 256 3578 scriptores
271 3497 459 3575 disceptatum
475 3506 528 3564 est,
543 3497 686 3572 plerisque
707 3495 888 3554 censentibus
908 3495 1078 3570 baptismum
1095 3516 1111 3553 a
1130 3497 1201 3555 ,lesu
1215 3499 1295 3558 insti·
1333 3494 1338 3523 ¹
1356 3488 1374 3517 ²

127 3605 200 3658 toton
224 3600 259 3658 iis
274 3597 393 3656 vocibus
420 3595 450 3654 in
473 3594 675 3672 Apostolorum
697 3594 766 3652 actis
791 3590 950 3669 designari:
972 3591 1048 3665 qood
1069 3595 1151 3655 nobis
1177 3597 1296 3658 omuino
1314 3646 1349 3681 Α

129 3692 243 3755 ridetur.⁴

159 3795 199 3850 84.
216 3793 390 3869 Perpetuam
404 3788 544 3848 Ecclesiae
559 3805 668 3846 morem
679 3797 771 3863 patrea
787 3794 933 3844 testantur.
968 3788 999 3844 S.
1014 3785 1159 3849 Jcsrrnus
1180 3791 1224 3850 M.
1239 3794 1294 3852 ait:

131 3885 180 3947 “lo
192 3890 302 3948 nominc
315 3905 410 3947 rerum
424 3896 586 3944 cunctarum
603 3885 743 3951 Parentis,
755 3894 784 3941 et
797 3882 916 3942 Domini
928 3882 984 3941 Dei
998 3894 1026 3942 et
1040 3885 1194 3945 Salvatoria
1207 3889 1298 3948 nostri

75 4154 81 4161 ,
161 4094 193 4164 (1)
208 4097 286 4150 'Fract
296 4096 327 4148 ds
338 4094 410 4161 Bapt.
421 4111 443 4146 c.
451 4110 474 4144 v.
484 4111 509 4145 n.
523 4095 579 4144 133.
595 4092 670 4143 Nota.

160 4183 192 4251 (2)
207 4193 220 4218 ‘⁶
227 4186 280 4237 'ibe
292 4183 402 4235 ontwerd
412 4183 516 4233 slemsnt
527 4189 552 4232 to
563 4183 592 4230 bs
603 4180 663 4231 used
674 4179 701 4230 ia
712 4179 760 4229 this
777 4178 907 4230 ordinnncs
924 4178 945 4230 is
955 4190 1038 4240 water,
1053 4181 1161 4233 wherein
1172 4181 1213 4232 tbs
1228 4189 1298 4247 party

87 4322 92 4333 1
135 4266 211 4322 sobe
218 4271 334 4339 baptiaed,
345 4271 372 4320 in
384 4269 425 4320 tbs
442 4283 513 4318 name
525 4267 554 4316 os
566 4267 607 4317 the
619 4266 716 4325 Fathsr,
728 4265 776 4315 and
791 4265 820 4314 os
832 4265 874 4316 tha
886 4266 946 4328 Son,
957 4267 1006 4317 and
1017 4267 1046 4316 ol
1059 4267 1100 4317 the
1111 4267 1179 4332 Holy
1199 4264 1298 4330 Spirit.'’

136 4351 210 4420 Btptist
219 4354 361 4410 confession
369 4355 398 4405 oi
408 4353 489 4413 Faith,
500 4353 538 4403 ch.
549 4368 609 4403 xxx.

165 4440 198 4508 (3)
212 4443 270 4494 Vide
279 4443 351 4507 Prop
364 4443 397 4489 27
408 4440 548 4490 damnatam
559 4439 589 4487 eb
600 4436 740 4487 Alexandro
751 4434 801 4484 viii.
809 4451 875 4485 anno
887 4434 959 4486 1690.

166 4527 198 4596 (4)
212 4530 270 4583 Vide
281 4527 401 4581 Drouonii
411 4527 504 4578 dissert.
515 4532 599 4576 contra
610 4523 666 4574 Orsi
677 4523 705 4574 in
715 4521 848 4588 appendice
859 4522 898 4574 lib.
908 4523 938 4573 ds
950 4521 1018 4586 Bapt.
